<?xml version="1.0" encoding="UTF-8"?>
<!DOCTYPE html PUBLIC "-//W3C//DTD XHTML 1.0 Transitional//EN"
    "http://www.w3.org/TR/xhtml1/DTD/xhtml1-transitional.dtd">
<html xmlns="http://www.w3.org/1999/xhtml" xml:lang="en" lang="en">
 <head>
  <title>
</title>
<meta http-equiv="Content-Type" content="text/html;charset=utf-8" />
  <meta name='ocr-system' content='tesseract 3.04.00' />
  <meta name='ocr-capabilities' content='ocr_page ocr_carea ocr_par ocr_line ocrx_word'/>
</head>
<body>
  <div class='ocr_page' id='page_1' title='image "./mtulliiciceroni00davigoog_0034.png"; bbox 0 0 2842 5070; ppageno 0'>
   <div class='ocr_carea' id='block_1_1' title="bbox 510 275 1215 362">
    <p class='ocr_par' dir='ltr' id='par_1_1' title="bbox 510 275 1215 362">
     <span class='ocr_line' id='line_1_1' title="bbox 510 275 1215 362; baseline 0.006 -18"><span class='ocrx_word' id='word_1_1' title='bbox 510 277 641 345; x_wconf 79' lang='lat' dir='ltr'><strong>rnosn</strong></span> <span class='ocrx_word' id='word_1_2' title='bbox 661 280 722 362; x_wconf 87' lang='lat'><strong>111,</strong></span> <span class='ocrx_word' id='word_1_3' title='bbox 743 275 772 348; x_wconf 73' lang='lat' dir='ltr'><strong>t.</strong></span> <span class='ocrx_word' id='word_1_4' title='bbox 882 282 885 287; x_wconf 85' lang='lat'><em>·</em></span> <span class='ocrx_word' id='word_1_5' title='bbox 936 330 942 337; x_wconf 94' lang='lat'><strong>.</strong></span> <span class='ocrx_word' id='word_1_6' title='bbox 1171 282 1215 348; x_wconf 78' lang='lat' dir='ltr'><strong>ts</strong></span> 
     </span>
    </p>
   </div>
   <div class='ocr_carea' id='block_1_2' title="bbox 10 445 1252 1114">
    <p class='ocr_par' dir='ltr' id='par_1_2' title="bbox 10 445 1252 1114">
     <span class='ocr_line' id='line_1_2' title="bbox 60 445 1209 524; baseline -0.002 -10"><span class='ocrx_word' id='word_1_7' title='bbox 60 460 187 515; x_wconf 76' lang='lat' dir='ltr'><strong>esset‘o</strong></span> <span class='ocrx_word' id='word_1_8' title='bbox 208 451 333 524; x_wconf 82' lang='lat' dir='ltr'><strong>verbo;</strong></span> <span class='ocrx_word' id='word_1_9' title='bbox 362 446 423 510; x_wconf 88' lang='lat' dir='ltr'><strong>sed</strong></span> <span class='ocrx_word' id='word_1_10' title='bbox 444 449 480 508; x_wconf 88' lang='lat' dir='ltr'><strong>in</strong></span> <span class='ocrx_word' id='word_1_11' title='bbox 503 447 776 512; x_wconf 78' lang='lat' dir='ltr'><strong>consuetudinem</strong></span> <span class='ocrx_word' id='word_1_12' title='bbox 797 454 946 509; x_wconf 85' lang='lat' dir='ltr'><strong>nostram</strong></span> <span class='ocrx_word' id='word_1_13' title='bbox 976 464 1042 509; x_wconf 93' lang='lat' dir='ltr'><strong>non</strong></span> <span class='ocrx_word' id='word_1_14' title='bbox 1063 445 1209 512; x_wconf 89' lang='lat' dir='ltr'><strong>caderet.</strong></span> 
     </span>
     <span class='ocr_line' id='line_1_3' title="bbox 59 530 1212 619; baseline -0.003 -23"><span class='ocrx_word' id='word_1_15' title='bbox 59 533 147 596; x_wconf 87' lang='lat' dir='ltr'><strong>Nam</strong></span> <span class='ocrx_word' id='word_1_16' title='bbox 168 534 333 605; x_wconf 85' lang='lat' dir='ltr'><strong>misereri,</strong></span> <span class='ocrx_word' id='word_1_17' title='bbox 356 530 519 608; x_wconf 82' lang='lat' dir='ltr'><strong>invidere,</strong></span> <span class='ocrx_word' id='word_1_18' title='bbox 540 533 677 619; x_wconf 73' lang='lat' dir='ltr'><strong>gestire,</strong></span> <span class='ocrx_word' id='word_1_19' title='bbox 700 531 832 607; x_wconf 87' lang='lat' dir='ltr'><strong>laetari,</strong></span> <span class='ocrx_word' id='word_1_20' title='bbox 854 530 935 591; x_wconf 85' lang='lat' dir='ltr'><strong>haec</strong></span> <span class='ocrx_word' id='word_1_21' title='bbox 957 531 1067 590; x_wconf 88' lang='lat' dir='ltr'><strong>omnia</strong></span> <span class='ocrx_word' id='word_1_22' title='bbox 1087 530 1212 593; x_wconf 82' lang='lat' dir='ltr'><strong>morbos</strong></span> 
     </span>
     <span class='ocr_line' id='line_1_4' title="bbox 59 613 1209 697; baseline -0.004 -20"><span class='ocrx_word' id='word_1_23' title='bbox 59 616 180 679; x_wconf 91' lang='lat' dir='ltr'><strong>Graeci</strong></span> <span class='ocrx_word' id='word_1_24' title='bbox 200 617 382 697; x_wconf 85' lang='lat' dir='ltr'><strong>appellant,</strong></span> <span class='ocrx_word' id='word_1_25' title='bbox 410 622 518 675; x_wconf 88' lang='lat' dir='ltr'><strong>motus</strong></span> <span class='ocrx_word' id='word_1_26' title='bbox 546 615 660 691; x_wconf 88' lang='lat' dir='ltr'><strong>animi,</strong></span> <span class='ocrx_word' id='word_1_27' title='bbox 693 616 818 674; x_wconf 89' lang='lat' dir='ltr'><strong>rationi</strong></span> <span class='ocrx_word' id='word_1_28' title='bbox 845 631 912 673; x_wconf 88' lang='lat' dir='ltr'><strong>non</strong></span> <span class='ocrx_word' id='word_1_29' title='bbox 928 613 1209 694; x_wconf 76' lang='lat' dir='ltr'><strong>obtemperantes:</strong></span> 
     </span>
     <span class='ocr_line' id='line_1_5' title="bbox 58 695 1211 776; baseline -0.003 -18"><span class='ocrx_word' id='word_1_30' title='bbox 58 720 119 761; x_wconf 88' lang='lat' dir='ltr'><strong>nos</strong></span> <span class='ocrx_word' id='word_1_31' title='bbox 141 705 252 759; x_wconf 85' lang='lat' dir='ltr'><strong>autem</strong></span> <span class='ocrx_word' id='word_1_32' title='bbox 274 698 335 758; x_wconf 88' lang='lat' dir='ltr'><strong>hos</strong></span> <span class='ocrx_word' id='word_1_33' title='bbox 358 695 484 758; x_wconf 86' lang='lat' dir='ltr'><strong>eosdem</strong></span> <span class='ocrx_word' id='word_1_34' title='bbox 507 704 624 758; x_wconf 88' lang='lat' dir='ltr'><strong>motus·</strong></span> <span class='ocrx_word' id='word_1_35' title='bbox 640 698 799 766; x_wconf 81' lang='lat' dir='ltr'><strong>concitati</strong></span> <span class='ocrx_word' id='word_1_36' title='bbox 820 696 923 757; x_wconf 89' lang='lat' dir='ltr'><strong>animi</strong></span> <span class='ocrx_word' id='word_1_37' title='bbox 944 702 1052 771; x_wconf 89' lang='lat' dir='ltr'><strong>reete,</strong></span> <span class='ocrx_word' id='word_1_38' title='bbox 1081 705 1119 756; x_wconf 89' lang='lat' dir='ltr'><strong>ut</strong></span> <span class='ocrx_word' id='word_1_39' title='bbox 1140 697 1211 776; x_wconf 88' lang='lat' dir='ltr'><strong>opi-</strong></span> 
     </span>
     <span class='ocr_line' id='line_1_6' title="bbox 58 774 1212 858; baseline -0.007 -17"><span class='ocrx_word' id='word_1_40' title='bbox 58 801 134 858; x_wconf 89' lang='lat' dir='ltr'><strong>nor,</strong></span> <span class='ocrx_word' id='word_1_41' title='bbox 176 779 435 858; x_wconf 75' lang='lat' dir='ltr'><strong>perturbationes</strong></span> <span class='ocrx_word' id='word_1_42' title='bbox 455 778 651 857; x_wconf 80' lang='lat' dir='ltr'><strong>dixerimus,</strong></span> <span class='ocrx_word' id='word_1_43' title='bbox 672 779 796 857; x_wconf 85' lang='lat' dir='ltr'><strong>morbos</strong></span> <span class='ocrx_word' id='word_1_44' title='bbox 817 786 928 838; x_wconf 89' lang='lat' dir='ltr'><strong>autem</strong></span> <span class='ocrx_word' id='word_1_45' title='bbox 951 796 1017 838; x_wconf 92' lang='lat' dir='ltr'><strong>non</strong></span> <span class='ocrx_word' id='word_1_46' title='bbox 1038 778 1117 839; x_wconf 87' lang='lat' dir='ltr'><strong>satis</strong></span> <span class='ocrx_word' id='word_1_47' title='bbox 1144 774 1212 836; x_wconf 90' lang='lat' dir='ltr'><strong>usi-</strong></span> 
     </span>
     <span class='ocr_line' id='line_1_7' title="bbox 58 856 1210 942; baseline -0.002 -18"><span class='ocrx_word' id='word_1_48' title='bbox 58 871 139 940; x_wconf 84' lang='lat' dir='ltr'><strong>tate,</strong></span> <span class='ocrx_word' id='word_1_49' title='bbox 162 864 226 923; x_wconf 89' lang='lat' dir='ltr'><strong>nisi</strong></span> <span class='ocrx_word' id='word_1_50' title='bbox 246 861 325 942; x_wconf 88' lang='lat' dir='ltr'><strong>quid</strong></span> <span class='ocrx_word' id='word_1_51' title='bbox 346 861 436 922; x_wconf 87' lang='lat' dir='ltr'><strong>aliud</strong></span> <span class='ocrx_word' id='word_1_52' title='bbox 458 863 521 923; x_wconf 87' lang='lat' dir='ltr'><strong>tibi</strong></span> <span class='ocrx_word' id='word_1_53' title='bbox 543 861 689 925; x_wconf 90' lang='lat' dir='ltr'><strong>videtur.</strong></span> <span class='ocrx_word' id='word_1_54' title='bbox 731 860 770 926; x_wconf 78' lang='lat' dir='ltr'><strong>A.</strong></span> <span class='ocrx_word' id='word_1_55' title='bbox 793 860 882 921; x_wconf 87' lang='lat' dir='ltr'>Mihi</span> <span class='ocrx_word' id='word_1_56' title='bbox 903 879 985 922; x_wconf 87' lang='lat' dir='ltr'><strong>vero</strong></span> <span class='ocrx_word' id='word_1_57' title='bbox 1013 861 1078 920; x_wconf 88' lang='lat' dir='ltr'><strong>isto</strong></span> <span class='ocrx_word' id='word_1_58' title='bbox 1100 856 1210 922; x_wconf 90' lang='lat' dir='ltr'><strong>modo.</strong></span> 
     </span>
     <span class='ocr_line' id='line_1_8' title="bbox 57 940 1252 1026; baseline -0.004 -22"><span class='ocrx_word' id='word_1_59' title='bbox 57 943 107 1004; x_wconf 87' lang='lat' dir='ltr'><strong>M.</strong></span> <span class='ocrx_word' id='word_1_60' title='bbox 131 943 297 1005; x_wconf 80' lang='lat' dir='ltr'><strong>Haeccine</strong></span> <span class='ocrx_word' id='word_1_61' title='bbox 318 947 425 1026; x_wconf 81' lang='lat' dir='ltr'><strong>igitur</strong></span> <span class='ocrx_word' id='word_1_62' title='bbox 447 941 564 1006; x_wconf 89' lang='lat' dir='ltr'><strong>cadere</strong></span> <span class='ocrx_word' id='word_1_63' title='bbox 585 947 620 1004; x_wconf 92' lang='lat' dir='ltr'><strong>in</strong></span> <span class='ocrx_word' id='word_1_64' title='bbox 646 945 829 1026; x_wconf 86' lang='lat' dir='ltr'><strong>sapientem</strong></span> <span class='ocrx_word' id='word_1_65' title='bbox 858 940 972 1025; x_wconf 67' lang='lat' dir='ltr'><strong>putas?</strong></span> <span class='ocrx_word' id='word_1_66' title='bbox 1016 942 1044 1001; x_wconf 83' lang='lat' dir='ltr'>A</span> <span class='ocrx_word' id='word_1_67' title='bbox 1065 941 1209 1003; x_wconf 87' lang='lat' dir='ltr'><strong>Prorsus</strong></span> <span class='ocrx_word' id='word_1_68' title='bbox 1225 949 1252 1005; x_wconf 81' lang='grc'><strong>8.</strong></span> 
     </span>
     <span class='ocr_line' id='line_1_9' title="bbox 10 1025 1210 1114; baseline -0.004 -25"><span class='ocrx_word' id='word_1_69' title='bbox 10 1050 12 1053; x_wconf 68' lang='grc'>’</span> <span class='ocrx_word' id='word_1_70' title='bbox 59 1027 219 1089; x_wconf 79' lang='lat' dir='ltr'><strong>existimo.</strong></span> <span class='ocrx_word' id='word_1_71' title='bbox 263 1025 312 1088; x_wconf 90' lang='grc' dir='ltr'><strong>Μ.</strong></span> <span class='ocrx_word' id='word_1_72' title='bbox 333 1027 406 1090; x_wconf 88' lang='lat' dir='ltr'><strong>Nae</strong></span> <span class='ocrx_word' id='word_1_73' title='bbox 427 1029 493 1088; x_wconf 87' lang='lat' dir='ltr'><strong>ista</strong></span> <span class='ocrx_word' id='word_1_74' title='bbox 512 1028 658 1114; x_wconf 83' lang='lat' dir='ltr'><strong>gloriosa</strong></span> <span class='ocrx_word' id='word_1_75' title='bbox 680 1027 843 1109; x_wconf 79' lang='lat' dir='ltr'><strong>sapientia</strong></span> <span class='ocrx_word' id='word_1_76' title='bbox 871 1044 936 1086; x_wconf 90' lang='lat' dir='ltr'><strong>non</strong></span> <span class='ocrx_word' id='word_1_77' title='bbox 970 1043 1089 1110; x_wconf 79' lang='lat' dir='ltr'><strong>magno</strong></span> <span class='ocrx_word' id='word_1_78' title='bbox 1111 1026 1210 1086; x_wconf 86' lang='lat' dir='ltr'><strong>aesti-</strong></span> 
     </span>
    </p>
   </div>
   <div class='ocr_carea' id='block_1_3' title="bbox 15 1204 1293 3892">
    <p class='ocr_par' dir='ltr' id='par_1_3' title="bbox 55 1204 1213 1616">
     <span class='ocr_line' id='line_1_10' title="bbox 55 1204 1210 1284; baseline 0 -23"><span class='ocrx_word' id='word_1_79' title='bbox 55 1204 145 1264; x_wconf 84' lang='lat' dir='ltr'><strong>Rehd.</strong></span> <span class='ocrx_word' id='word_1_80' title='bbox 166 1215 195 1262; x_wconf 87' lang='lat' dir='ltr'><strong>et</strong></span> <span class='ocrx_word' id='word_1_81' title='bbox 213 1207 288 1284; x_wconf 77' lang='lat' dir='ltr'><strong>Aug.</strong></span> <span class='ocrx_word' id='word_1_82' title='bbox 316 1207 352 1260; x_wconf 89' lang='lat' dir='ltr'><strong>ln</strong></span> <span class='ocrx_word' id='word_1_83' title='bbox 370 1206 445 1262; x_wconf 85' lang='lat' dir='ltr'><strong>Gud.</strong></span> <span class='ocrx_word' id='word_1_84' title='bbox 466 1215 510 1260; x_wconf 89' lang='lat' dir='ltr'><strong>est</strong></span> <span class='ocrx_word' id='word_1_85' title='bbox 528 1205 614 1261; x_wconf 82' lang='lat' dir='ltr'><strong>etium</strong></span> <span class='ocrx_word' id='word_1_86' title='bbox 630 1222 686 1277; x_wconf 86' lang='lat' dir='ltr'><strong>pro</strong></span> <span class='ocrx_word' id='word_1_87' title='bbox 705 1222 785 1276; x_wconf 81' lang='lat' dir='ltr'><strong>quoe.</strong></span> <span class='ocrx_word' id='word_1_88' title='bbox 808 1205 954 1260; x_wconf 88' lang='lat' dir='ltr'><strong>Scribitur</strong></span> <span class='ocrx_word' id='word_1_89' title='bbox 967 1206 1054 1278; x_wconf 81' lang='lat' dir='ltr'><strong>petite</strong></span> <span class='ocrx_word' id='word_1_90' title='bbox 1072 1209 1104 1260; x_wconf 91' lang='lat' dir='ltr'><strong>in</strong></span> <span class='ocrx_word' id='word_1_91' title='bbox 1121 1207 1210 1261; x_wconf 82' lang='lat' dir='ltr'><strong>Godd.</strong></span> 
     </span>
     <span class='ocr_line' id='line_1_11' title="bbox 55 1277 1212 1356; baseline 0 -24"><span class='ocrx_word' id='word_1_92' title='bbox 55 1279 125 1356; x_wconf 72' lang='lat' dir='ltr'><strong>neg.</strong></span> <span class='ocrx_word' id='word_1_93' title='bbox 147 1278 223 1332; x_wconf 83' lang='lat' dir='ltr'><strong>Gud.</strong></span> <span class='ocrx_word' id='word_1_94' title='bbox 248 1287 269 1333; x_wconf 88' lang='grc' dir='ltr'><strong>Ι.</strong></span> <span class='ocrx_word' id='word_1_95' title='bbox 295 1278 369 1352; x_wconf 75' lang='lat' dir='ltr'><strong>Aug.</strong></span> <span class='ocrx_word' id='word_1_96' title='bbox 395 1278 486 1333; x_wconf 81' lang='lat' dir='ltr'><strong>Rehd</strong></span> <span class='ocrx_word' id='word_1_97' title='bbox 511 1278 565 1331; x_wconf 82' lang='lat' dir='ltr'><strong>Ed.</strong></span> <span class='ocrx_word' id='word_1_98' title='bbox 586 1278 679 1343; x_wconf 77' lang='lat' dir='ltr'><strong>lunt,</strong></span> <span class='ocrx_word' id='word_1_99' title='bbox 706 1284 772 1346; x_wconf 82' lang='lat' dir='ltr'><strong>pute</strong></span> <span class='ocrx_word' id='word_1_100' title='bbox 795 1280 827 1331; x_wconf 92' lang='lat' dir='ltr'><strong>in</strong></span> <span class='ocrx_word' id='word_1_101' title='bbox 846 1278 920 1332; x_wconf 89' lang='lat' dir='ltr'><strong>Gud.</strong></span> <span class='ocrx_word' id='word_1_102' title='bbox 939 1282 973 1344; x_wconf 76' lang='lat'><strong>⁴23</strong></span> <span class='ocrx_word' id='word_1_103' title='bbox 997 1277 1080 1346; x_wconf 75' lang='lat' dir='ltr'><strong>pothi</strong></span> <span class='ocrx_word' id='word_1_104' title='bbox 1103 1279 1135 1331; x_wconf 90' lang='lat' dir='ltr'><strong>in</strong></span> <span class='ocrx_word' id='word_1_105' title='bbox 1153 1294 1212 1332; x_wconf 91' lang='lat' dir='ltr'><strong>uuo</strong></span> 
     </span>
     <span class='ocr_line' id='line_1_12' title="bbox 56 1348 1212 1418; baseline -0.003 -14"><span class='ocrx_word' id='word_1_106' title='bbox 56 1349 120 1415; x_wconf 70' lang='lat' dir='ltr'><strong>Ox,</strong></span> <span class='ocrx_word' id='word_1_107' title='bbox 143 1350 206 1418; x_wconf 83' lang='lat' dir='ltr'><strong>poti</strong></span> <span class='ocrx_word' id='word_1_108' title='bbox 232 1350 264 1402; x_wconf 88' lang='lat' dir='ltr'><strong>in</strong></span> <span class='ocrx_word' id='word_1_109' title='bbox 289 1349 342 1403; x_wconf 82' lang='lat' dir='ltr'><strong>Ed.</strong></span> <span class='ocrx_word' id='word_1_110' title='bbox 367 1351 438 1404; x_wconf 87' lang='lat' dir='ltr'><strong>Ven.</strong></span> <span class='ocrx_word' id='word_1_111' title='bbox 460 1357 553 1403; x_wconf 86' lang='lat' dir='ltr'><strong>nostr.</strong></span> <span class='ocrx_word' id='word_1_112' title='bbox 586 1348 658 1406; x_wconf 81' lang='lat' dir='ltr'><strong>Tres</strong></span> <span class='ocrx_word' id='word_1_113' title='bbox 678 1348 748 1403; x_wconf 80' lang='lat' dir='ltr'><strong>Oxx.</strong></span> <span class='ocrx_word' id='word_1_114' title='bbox 769 1350 911 1402; x_wconf 87' lang='lat' dir='ltr'><strong>omittunt</strong></span> <span class='ocrx_word' id='word_1_115' title='bbox 936 1366 1038 1404; x_wconf 87' lang='lat' dir='ltr'><strong>vocem</strong></span> <span class='ocrx_word' id='word_1_116' title='bbox 1058 1349 1212 1414; x_wconf 79' lang='lat' dir='ltr'><strong>Graecam,</strong></span> 
     </span>
     <span class='ocr_line' id='line_1_13' title="bbox 55 1416 1213 1490; baseline -0.001 -17"><span class='ocrx_word' id='word_1_117' title='bbox 55 1435 148 1474; x_wconf 83' lang='lat' dir='ltr'><strong>vacuo</strong></span> <span class='ocrx_word' id='word_1_118' title='bbox 172 1422 264 1490; x_wconf 85' lang='lat' dir='ltr'><strong>spatio</strong></span> <span class='ocrx_word' id='word_1_119' title='bbox 291 1420 407 1474; x_wconf 86' lang='lat' dir='ltr'><strong>relicto.</strong></span> <span class='ocrx_word' id='word_1_120' title='bbox 443 1421 536 1474; x_wconf 87' lang='lat' dir='ltr'><strong>Verba</strong></span> <span class='ocrx_word' id='word_1_121' title='bbox 559 1436 612 1487; x_wconf 79' lang='lat' dir='ltr'><strong>ego</strong></span> <span class='ocrx_word' id='word_1_122' title='bbox 632 1452 664 1462; x_wconf 96' lang='lat'>-</span> <span class='ocrx_word' id='word_1_123' title='bbox 684 1416 789 1472; x_wconf 80' lang='lat' dir='ltr'><strong>Graeci</strong></span> <span class='ocrx_word' id='word_1_124' title='bbox 815 1420 956 1489; x_wconf 84' lang='lat' dir='ltr'><strong>appellunt</strong></span> <span class='ocrx_word' id='word_1_125' title='bbox 984 1421 1163 1473; x_wconf 86' lang='lat' dir='ltr'><strong>omittuntur</strong></span> <span class='ocrx_word' id='word_1_126' title='bbox 1180 1420 1213 1472; x_wconf 90' lang='lat' dir='ltr'><strong>in</strong></span> 
     </span>
     <span class='ocr_line' id='line_1_14' title="bbox 57 1489 1212 1567; baseline -0.001 -24"><span class='ocrx_word' id='word_1_127' title='bbox 57 1491 167 1547; x_wconf 87' lang='lat' dir='ltr'><strong>duobus</strong></span> <span class='ocrx_word' id='word_1_128' title='bbox 186 1492 256 1544; x_wconf 82' lang='lat' dir='ltr'><strong>Oxx.</strong></span> <span class='ocrx_word' id='word_1_129' title='bbox 295 1492 360 1545; x_wconf 87' lang='lat' dir='ltr'><strong>Post</strong></span> <span class='ocrx_word' id='word_1_130' title='bbox 378 1492 489 1544; x_wconf 85' lang='lat' dir='ltr'><strong>morbos</strong></span> <span class='ocrx_word' id='word_1_131' title='bbox 508 1490 576 1544; x_wconf 85' lang='lat' dir='ltr'><strong>God.</strong></span> <span class='ocrx_word' id='word_1_132' title='bbox 597 1489 695 1546; x_wconf 88' lang='lat' dir='ltr'><strong>Duisb.</strong></span> <span class='ocrx_word' id='word_1_133' title='bbox 716 1489 842 1544; x_wconf 80' lang='lat' dir='ltr'><strong>additam</strong></span> <span class='ocrx_word' id='word_1_134' title='bbox 860 1490 947 1544; x_wconf 86' lang='lat' dir='ltr'><strong>habet</strong></span> <span class='ocrx_word' id='word_1_135' title='bbox 963 1490 1089 1567; x_wconf 76' lang='lat' dir='ltr'><strong>glossam</strong></span> <span class='ocrx_word' id='word_1_136' title='bbox 1108 1491 1212 1544; x_wconf 84' lang='lat' dir='ltr'><strong>dicere.</strong></span> 
     </span>
     <span class='ocr_line' id='line_1_15' title="bbox 56 1561 823 1616; baseline -0.003 -2"><span class='ocrx_word' id='word_1_137' title='bbox 56 1561 139 1614; x_wconf 87' lang='lat' dir='ltr'><strong>Unus</strong></span> <span class='ocrx_word' id='word_1_138' title='bbox 160 1561 212 1614; x_wconf 87' lang='lat' dir='ltr'><strong>Ox.</strong></span> <span class='ocrx_word' id='word_1_139' title='bbox 230 1561 316 1615; x_wconf 82' lang='lat' dir='ltr'><strong>babet</strong></span> <span class='ocrx_word' id='word_1_140' title='bbox 334 1563 468 1616; x_wconf 81' lang='lat' dir='ltr'><strong>morbum.</strong></span> <span class='ocrx_word' id='word_1_141' title='bbox 507 1563 566 1614; x_wconf 89' lang='lat' dir='ltr'><strong>Mr.</strong></span> <span class='ocrx_word' id='word_1_142' title='bbox 820 1587 823 1595; x_wconf 45' lang='grc' dir='ltr'><em>ι</em></span> 
     </span>
    </p>

    <p class='ocr_par' dir='ltr' id='par_1_4' title="bbox 15 1629 1215 3314">
     <span class='ocr_line' id='line_1_16' title="bbox 126 1629 1213 1701; baseline -0.003 -15"><span class='ocrx_word' id='word_1_143' title='bbox 126 1634 239 1686; x_wconf 84' lang='lat' dir='ltr'><strong>eertum</strong></span> <span class='ocrx_word' id='word_1_144' title='bbox 266 1633 390 1698; x_wconf 77' lang='lat' dir='ltr'><strong>acerbo]</strong></span> <span class='ocrx_word' id='word_1_145' title='bbox 428 1631 787 1687; x_wconf 65' lang='lat' dir='ltr'><strong>ammonentem.</strong></span> <span class='ocrx_word' id='word_1_146' title='bbox 809 1634 857 1686; x_wconf 85' lang='lat'><strong>17:</strong></span> <span class='ocrx_word' id='word_1_147' title='bbox 884 1631 952 1701; x_wconf 79' lang='lat' dir='ltr'><strong>qnid</strong></span> <span class='ocrx_word' id='word_1_148' title='bbox 976 1639 1050 1685; x_wconf 81' lang='lat' dir='ltr'><strong>esset</strong></span> <span class='ocrx_word' id='word_1_149' title='bbox 1075 1629 1213 1699; x_wconf 77' lang='lat' dir='ltr'><strong>cognitio,</strong></span> 
     </span>
     <span class='ocr_line' id='line_1_17' title="bbox 58 1701 1214 1771; baseline -0.002 -16"><span class='ocrx_word' id='word_1_150' title='bbox 58 1708 107 1755; x_wconf 82' lang='lat' dir='ltr'><strong>aut</strong></span> <span class='ocrx_word' id='word_1_151' title='bbox 124 1703 276 1771; x_wconf 77' lang='lat' dir='ltr'><strong>perceptio,</strong></span> <span class='ocrx_word' id='word_1_152' title='bbox 300 1710 348 1754; x_wconf 86' lang='lat' dir='ltr'><strong>eut</strong></span> <span class='ocrx_word' id='word_1_153' title='bbox 366 1705 392 1756; x_wconf 82' lang='lat' dir='ltr'><strong>si</strong></span> <span class='ocrx_word' id='word_1_154' title='bbox 410 1703 698 1756; x_wconf 83' lang='lat' dir='ltr'><strong>verbumeoerbo</strong></span> <span class='ocrx_word' id='word_1_155' title='bbox 726 1703 860 1768; x_wconf 83' lang='lat' dir='ltr'><strong>volumus,</strong></span> <span class='ocrx_word' id='word_1_156' title='bbox 885 1701 1100 1770; x_wconf 70' lang='lat' dir='ltr'><strong>comprehensio,</strong></span> <span class='ocrx_word' id='word_1_157' title='bbox 1132 1717 1214 1770; x_wconf 80' lang='lat' dir='ltr'><strong>quom</strong></span> 
     </span>
     <span class='ocr_line' id='line_1_18' title="bbox 58 1772 1215 1842; baseline 0.001 -16"><span class='ocrx_word' id='word_1_158' title='bbox 58 1775 258 1841; x_wconf 76' lang='grc' dir='ltr'><strong><em>κατάληψιν</em></strong></span> <span class='ocrx_word' id='word_1_159' title='bbox 283 1773 329 1825; x_wconf 84' lang='lat' dir='ltr'><strong>ilii</strong></span> <span class='ocrx_word' id='word_1_160' title='bbox 352 1780 458 1826; x_wconf 77' lang='lat' dir='ltr'><strong>occant</strong></span> <span class='ocrx_word' id='word_1_161' title='bbox 493 1773 537 1825; x_wconf 91' lang='lat' dir='ltr'><strong>De</strong></span> <span class='ocrx_word' id='word_1_162' title='bbox 562 1774 648 1826; x_wconf 83' lang='lat' dir='ltr'><strong>Finn.</strong></span> <span class='ocrx_word' id='word_1_163' title='bbox 672 1773 725 1825; x_wconf 88' lang='lat'><strong>111.</strong></span> <span class='ocrx_word' id='word_1_164' title='bbox 754 1775 851 1828; x_wconf 63' lang='lat'><strong>415:</strong></span> <span class='ocrx_word' id='word_1_165' title='bbox 888 1773 946 1826; x_wconf 87' lang='lat' dir='ltr'><strong>Nee</strong></span> <span class='ocrx_word' id='word_1_166' title='bbox 972 1781 1063 1827; x_wconf 83' lang='lat' dir='ltr'><strong>tamen</strong></span> <span class='ocrx_word' id='word_1_167' title='bbox 1093 1772 1215 1842; x_wconf 80' lang='lat' dir='ltr'><strong>exprimi</strong></span> 
     </span>
     <span class='ocr_line' id='line_1_19' title="bbox 57 1842 1211 1910; baseline -0.001 -14"><span class='ocrx_word' id='word_1_168' title='bbox 57 1844 173 1901; x_wconf 78' lang='lat' dir='ltr'><strong>uerbum</strong></span> <span class='ocrx_word' id='word_1_169' title='bbox 199 1861 214 1897; x_wconf 87' lang='lat' dir='ltr'><strong>e</strong></span> <span class='ocrx_word' id='word_1_170' title='bbox 240 1845 321 1897; x_wconf 83' lang='lat' dir='ltr'><strong>verbo</strong></span> <span class='ocrx_word' id='word_1_171' title='bbox 346 1860 455 1897; x_wconf 77' lang='lat' dir='ltr'><strong>maesse</strong></span> <span class='ocrx_word' id='word_1_172' title='bbox 482 1843 551 1905; x_wconf 85' lang='lat' dir='ltr'><strong>erit,</strong></span> <span class='ocrx_word' id='word_1_173' title='bbox 581 1848 611 1895; x_wconf 85' lang='lat' dir='ltr'><strong>ut</strong></span> <span class='ocrx_word' id='word_1_174' title='bbox 629 1843 801 1910; x_wconf 82' lang='lat' dir='ltr'><strong>interpretes</strong></span> <span class='ocrx_word' id='word_1_175' title='bbox 824 1842 959 1896; x_wconf 80' lang='lat' dir='ltr'><strong>indiserti</strong></span> <span class='ocrx_word' id='word_1_176' title='bbox 984 1845 1081 1897; x_wconf 84' lang='lat' dir='ltr'><strong>solent.</strong></span> <span class='ocrx_word' id='word_1_177' title='bbox 1100 1883 1102 1887; x_wconf 82' lang='lat'><strong>.</strong></span> <span class='ocrx_word' id='word_1_178' title='bbox 1119 1845 1164 1897; x_wconf 87' lang='lat' dir='ltr'><strong>Ad</strong></span> <span class='ocrx_word' id='word_1_179' title='bbox 1182 1862 1211 1897; x_wconf 82' lang='lat' dir='ltr'><strong>v.</strong></span> 
     </span>
     <span class='ocr_line' id='line_1_20' title="bbox 54 1910 1215 1989; baseline -0.001 -21"><span class='ocrx_word' id='word_1_180' title='bbox 54 1920 187 1968; x_wconf 79' lang='lat' dir='ltr'><strong>nostram</strong></span> <span class='ocrx_word' id='word_1_181' title='bbox 212 1922 292 1968; x_wconf 87' lang='lat' dir='ltr'><strong>recte</strong></span> <span class='ocrx_word' id='word_1_182' title='bbox 316 1922 415 1967; x_wconf 88' lang='lat' dir='ltr'><strong>monet</strong></span> <span class='ocrx_word' id='word_1_183' title='bbox 432 1913 529 1967; x_wconf 81' lang='lat' dir='ltr'><strong>lliihn.</strong></span> <span class='ocrx_word' id='word_1_184' title='bbox 556 1913 614 1967; x_wconf 90' lang='lat' dir='ltr'><strong>hoc</strong></span> <span class='ocrx_word' id='word_1_185' title='bbox 639 1913 673 1966; x_wconf 92' lang='lat' dir='ltr'><strong>ad</strong></span> <span class='ocrx_word' id='word_1_186' title='bbox 693 1912 931 1967; x_wconf 85' lang='lat' dir='ltr'><strong>consuetudinem</strong></span> <span class='ocrx_word' id='word_1_187' title='bbox 957 1914 1076 1989; x_wconf 75' lang='lat' dir='ltr'><strong>linguae</strong></span> <span class='ocrx_word' id='word_1_188' title='bbox 1094 1910 1215 1967; x_wconf 82' lang='lat' dir='ltr'><strong>Latinae</strong></span> 
     </span>
     <span class='ocr_line' id='line_1_21' title="bbox 58 1982 1213 2068; baseline -0.001 -29"><span class='ocrx_word' id='word_1_189' title='bbox 58 1985 245 2040; x_wconf 86' lang='lat' dir='ltr'><strong>referendum</strong></span> <span class='ocrx_word' id='word_1_190' title='bbox 271 2002 346 2039; x_wconf 84' lang='lat' dir='ltr'><strong>esse:</strong></span> <span class='ocrx_word' id='word_1_191' title='bbox 374 1985 514 2040; x_wconf 85' lang='lat' dir='ltr'><strong>videlicet</strong></span> <span class='ocrx_word' id='word_1_192' title='bbox 539 2001 576 2066; x_wconf 77' lang='lat' dir='ltr'><strong>pe</strong></span> <span class='ocrx_word' id='word_1_193' title='bbox 601 1984 667 2054; x_wconf 88' lang='lat' dir='ltr'><strong>quis</strong></span> <span class='ocrx_word' id='word_1_194' title='bbox 692 1985 728 2038; x_wconf 87' lang='lat' dir='ltr'><strong>de</strong></span> <span class='ocrx_word' id='word_1_195' title='bbox 744 1983 810 2067; x_wconf 30' lang='lat' dir='ltr'><strong>‘sola</strong></span> <span class='ocrx_word' id='word_1_196' title='bbox 829 1982 979 2066; x_wconf 62' lang='lat' dir='ltr'><strong>iiicemnis</strong></span> <span class='ocrx_word' id='word_1_197' title='bbox 1005 1983 1213 2068; x_wconf 71' lang='lat' dir='ltr'><strong>consuetudine</strong></span> 
     </span>
     <span class='ocr_line' id='line_1_22' title="bbox 57 2053 1214 2191; baseline -0.003 -10"><span class='ocrx_word' id='word_1_198' title='bbox 57 2055 850 2191; x_wconf 45' lang='lat' dir='ltr'><strong>atla·..istisattritionem</strong></span> <span class='ocrx_word' id='word_1_199' title='bbox 868 2053 958 2181; x_wconf 69' lang='lat' dir='ltr'><strong>in:</strong></span> <span class='ocrx_word' id='word_1_200' title='bbox 986 2055 1214 2180; x_wconf 57' lang='lat' dir='ltr'><strong>ismara</strong></span> 
     </span>
     <span class='ocr_line' id='line_1_23' title="bbox 54 2198 979 2272; baseline -0.003 -22"><span class='ocrx_word' id='word_1_201' title='bbox 54 2200 176 2253; x_wconf 82' lang='lat' dir='ltr'><strong>morbos.</strong></span> <span class='ocrx_word' id='word_1_202' title='bbox 198 2201 274 2251; x_wconf 87' lang='lat' dir='ltr'><strong>Mon.</strong></span> <span class='ocrx_word' id='word_1_203' title='bbox 293 2202 320 2272; x_wconf 75' lang='lat' dir='ltr'><strong>t.</strong></span> <span class='ocrx_word' id='word_1_204' title='bbox 340 2199 452 2250; x_wconf 82' lang='lat' dir='ltr'><strong>omittit</strong></span> <span class='ocrx_word' id='word_1_205' title='bbox 470 2198 620 2266; x_wconf 84' lang='lat' dir='ltr'><strong>appellent.</strong></span> <span class='ocrx_word' id='word_1_206' title='bbox 659 2198 719 2252; x_wconf 91' lang='lat' dir='ltr'><strong>Mr.</strong></span> <span class='ocrx_word' id='word_1_207' title='bbox 977 2245 979 2247; x_wconf 83' lang='grc'><em>,</em></span> 
     </span>
     <span class='ocr_line' id='line_1_24' title="bbox 16 2267 1214 2338; baseline -0.002 -16"><span class='ocrx_word' id='word_1_208' title='bbox 16 2301 18 2305; x_wconf 55' lang='lat'>&gt;</span> <span class='ocrx_word' id='word_1_209' title='bbox 128 2276 220 2322; x_wconf 84' lang='lat' dir='ltr'><strong>motus</strong></span> <span class='ocrx_word' id='word_1_210' title='bbox 237 2270 326 2323; x_wconf 84' lang='lat' dir='ltr'><strong>animi</strong></span> <span class='ocrx_word' id='word_1_211' title='bbox 342 2270 449 2322; x_wconf 81' lang='lat' dir='ltr'><strong>rationi</strong></span> <span class='ocrx_word' id='word_1_212' title='bbox 466 2286 520 2338; x_wconf 79' lang='lat' dir='ltr'><strong>noo</strong></span> <span class='ocrx_word' id='word_1_213' title='bbox 538 2267 850 2337; x_wconf 76' lang='lat' dir='ltr'><strong>obtemperantes]</strong></span> <span class='ocrx_word' id='word_1_214' title='bbox 887 2267 1003 2333; x_wconf 84' lang='lat' dir='ltr'><strong>„Recte</strong></span> <span class='ocrx_word' id='word_1_215' title='bbox 1021 2267 1092 2323; x_wconf 82' lang='lat' dir='ltr'><strong>Dav.</strong></span> <span class='ocrx_word' id='word_1_216' title='bbox 1112 2268 1143 2319; x_wconf 92' lang='lat' dir='ltr'><strong>in</strong></span> <span class='ocrx_word' id='word_1_217' title='bbox 1161 2282 1214 2337; x_wconf 87' lang='lat' dir='ltr'><strong>po-</strong></span> 
     </span>
     <span class='ocr_line' id='line_1_25' title="bbox 58 2337 1212 2408; baseline -0.003 -14"><span class='ocrx_word' id='word_1_218' title='bbox 58 2341 177 2395; x_wconf 85' lang='lat' dir='ltr'><strong>stremis</strong></span> <span class='ocrx_word' id='word_1_219' title='bbox 195 2340 269 2392; x_wconf 85' lang='lat' dir='ltr'><strong>Edd.</strong></span> <span class='ocrx_word' id='word_1_220' title='bbox 290 2341 409 2408; x_wconf 83' lang='lat' dir='ltr'><strong>scripsit</strong></span> <span class='ocrx_word' id='word_1_221' title='bbox 427 2340 639 2407; x_wconf 82' lang='lat' dir='ltr'><strong>obtemperanti</strong></span> <span class='ocrx_word' id='word_1_222' title='bbox 645 2355 673 2400; x_wconf 83' lang='lat' dir='ltr'><strong>e,</strong></span> <span class='ocrx_word' id='word_1_223' title='bbox 693 2356 779 2408; x_wconf 90' lang='lat' dir='ltr'><strong>quam</strong></span> <span class='ocrx_word' id='word_1_224' title='bbox 798 2337 996 2392; x_wconf 86' lang='lat' dir='ltr'><strong>coniecturam</strong></span> <span class='ocrx_word' id='word_1_225' title='bbox 1020 2339 1118 2391; x_wconf 85' lang='lat' dir='ltr'><strong>firmat</strong></span> <span class='ocrx_word' id='word_1_226' title='bbox 1143 2337 1212 2392; x_wconf 84' lang='lat' dir='ltr'><strong>Ood.</strong></span> 
     </span>
     <span class='ocr_line' id='line_1_26' title="bbox 57 2406 1213 2479; baseline -0.003 -15"><span class='ocrx_word' id='word_1_227' title='bbox 57 2410 100 2464; x_wconf 86' lang='lat' dir='ltr'><strong>Re</strong></span> <span class='ocrx_word' id='word_1_228' title='bbox 123 2453 129 2465; x_wconf 92' lang='lat'><strong>.</strong></span> <span class='ocrx_word' id='word_1_229' title='bbox 149 2408 266 2463; x_wconf 79' lang='lat' dir='ltr'><strong>Bubier.</strong></span> <span class='ocrx_word' id='word_1_230' title='bbox 288 2409 434 2463; x_wconf 81' lang='lat' dir='ltr'><strong>Fecerunt</strong></span> <span class='ocrx_word' id='word_1_231' title='bbox 443 2409 521 2464; x_wconf 86' lang='lat' dir='ltr'><strong>idem</strong></span> <span class='ocrx_word' id='word_1_232' title='bbox 533 2408 721 2473; x_wconf 82' lang='lat' dir='ltr'><strong>FAWollius,</strong></span> <span class='ocrx_word' id='word_1_233' title='bbox 741 2406 826 2464; x_wconf 85' lang='lat' dir='ltr'><strong>Sehz.</strong></span> <span class='ocrx_word' id='word_1_234' title='bbox 837 2408 1003 2479; x_wconf 83' lang='lat' dir='ltr'><strong>habentque</strong></span> <span class='ocrx_word' id='word_1_235' title='bbox 1017 2410 1059 2463; x_wconf 87' lang='lat' dir='ltr'><strong>ita</strong></span> <span class='ocrx_word' id='word_1_236' title='bbox 1069 2410 1213 2479; x_wconf 88' lang='lat' dir='ltr'><strong>scriptum</strong></span> 
     </span>
     <span class='ocr_line' id='line_1_27' title="bbox 59 2429 1211 2549; baseline -0.002 -14"><span class='ocrx_word' id='word_1_237' title='bbox 59 2429 148 2535; x_wconf 68' lang='lat' dir='ltr'><strong>eodo.</strong></span> <span class='ocrx_word' id='word_1_238' title='bbox 169 2480 242 2533; x_wconf 86' lang='lat' dir='ltr'><strong>Gud.</strong></span> <span class='ocrx_word' id='word_1_239' title='bbox 264 2486 290 2536; x_wconf 89' lang='lat'><strong>1.</strong></span> <span class='ocrx_word' id='word_1_240' title='bbox 309 2483 354 2533; x_wconf 86' lang='lat' dir='ltr'><strong>Au</strong></span> <span class='ocrx_word' id='word_1_241' title='bbox 378 2519 384 2532; x_wconf 92' lang='lat'><strong>.</strong></span> <span class='ocrx_word' id='word_1_242' title='bbox 408 2481 497 2538; x_wconf 86' lang='lat' dir='ltr'><strong>Rehd.</strong></span> <span class='ocrx_word' id='word_1_243' title='bbox 523 2480 621 2534; x_wconf 90' lang='lat' dir='ltr'><strong>Duisb.</strong></span> <span class='ocrx_word' id='word_1_244' title='bbox 650 2479 725 2533; x_wconf 88' lang='lat' dir='ltr'><strong>Gud.</strong></span> <span class='ocrx_word' id='word_1_245' title='bbox 753 2480 828 2532; x_wconf 85' lang='lat' dir='ltr'><strong>Mon.</strong></span> <span class='ocrx_word' id='word_1_246' title='bbox 850 2483 875 2533; x_wconf 73' lang='lat' dir='ltr'><strong>i·</strong></span> <span class='ocrx_word' id='word_1_247' title='bbox 913 2478 1068 2549; x_wconf 88' lang='lat' dir='ltr'><strong>Utcunque</strong></span> <span class='ocrx_word' id='word_1_248' title='bbox 1093 2478 1211 2533; x_wconf 87' lang='lat' dir='ltr'><strong>scribis:</strong></span> 
     </span>
     <span class='ocr_line' id='line_1_28' title="bbox 60 2500 1213 2625; baseline -0.003 -19"><span class='ocrx_word' id='word_1_249' title='bbox 60 2553 263 2606; x_wconf 82' lang='lat' dir='ltr'><strong>Accusativum</strong></span> <span class='ocrx_word' id='word_1_250' title='bbox 282 2500 433 2613; x_wconf 59' lang='lat' dir='ltr'><strong>inteliiras</strong></span> <span class='ocrx_word' id='word_1_251' title='bbox 453 2559 569 2623; x_wconf 87' lang='lat' dir='ltr'><strong>oportet</strong></span> <span class='ocrx_word' id='word_1_252' title='bbox 587 2567 646 2604; x_wconf 90' lang='lat' dir='ltr'><strong>non</strong></span> <span class='ocrx_word' id='word_1_253' title='bbox 666 2549 845 2606; x_wconf 84' lang='lat' dir='ltr'><strong>Genitivum.</strong></span> <span class='ocrx_word' id='word_1_254' title='bbox 880 2549 915 2603; x_wconf 88' lang='lat' dir='ltr'><strong>In</strong></span> <span class='ocrx_word' id='word_1_255' title='bbox 935 2547 1003 2604; x_wconf 85' lang='lat' dir='ltr'><strong>Cod.</strong></span> <span class='ocrx_word' id='word_1_256' title='bbox 1024 2549 1097 2625; x_wconf 78' lang='lat' dir='ltr'><strong>Aug.</strong></span> <span class='ocrx_word' id='word_1_257' title='bbox 1125 2550 1213 2603; x_wconf 89' lang='lat' dir='ltr'><strong>omit·</strong></span> 
     </span>
     <span class='ocr_line' id='line_1_29' title="bbox 58 2617 1214 2690; baseline -0.003 -15"><span class='ocrx_word' id='word_1_258' title='bbox 58 2621 266 2683; x_wconf 68' lang='lat' dir='ltr'><strong>tuntnrrerba</strong></span> <span class='ocrx_word' id='word_1_259' title='bbox 286 2617 453 2676; x_wconf 70' lang='lat' dir='ltr'><strong>autentos.</strong></span> <span class='ocrx_word' id='word_1_260' title='bbox 492 2624 528 2675; x_wconf 88' lang='lat' dir='ltr'><strong>ln</strong></span> <span class='ocrx_word' id='word_1_261' title='bbox 546 2624 621 2675; x_wconf 87' lang='lat' dir='ltr'><strong>Mon.</strong></span> <span class='ocrx_word' id='word_1_262' title='bbox 644 2625 668 2676; x_wconf 89' lang='lat' dir='ltr'><strong>l.</strong></span> <span class='ocrx_word' id='word_1_263' title='bbox 689 2621 830 2675; x_wconf 83' lang='lat' dir='ltr'><strong>scribitur</strong></span> <span class='ocrx_word' id='word_1_264' title='bbox 846 2618 896 2674; x_wconf 76' lang='lat' dir='ltr'><strong>loe</strong></span> <span class='ocrx_word' id='word_1_265' title='bbox 912 2620 973 2686; x_wconf 76' lang='lat' dir='ltr'><strong>loc,</strong></span> <span class='ocrx_word' id='word_1_266' title='bbox 992 2621 1041 2674; x_wconf 89' lang='lat' dir='ltr'><strong>sed</strong></span> <span class='ocrx_word' id='word_1_267' title='bbox 1058 2621 1142 2690; x_wconf 88' lang='lat' dir='ltr'><strong>prior</strong></span> <span class='ocrx_word' id='word_1_268' title='bbox 1155 2637 1214 2673; x_wconf 82' lang='lat' dir='ltr'><strong>vox</strong></span> 
     </span>
     <span class='ocr_line' id='line_1_30' title="bbox 17 2689 1213 2758; baseline -0.004 -11"><span class='ocrx_word' id='word_1_269' title='bbox 17 2703 20 2710; x_wconf 91' lang='lat'>&#39;</span> <span class='ocrx_word' id='word_1_270' title='bbox 58 2694 154 2747; x_wconf 80' lang='lat' dir='ltr'><strong>deleta</strong></span> <span class='ocrx_word' id='word_1_271' title='bbox 173 2702 224 2748; x_wconf 89' lang='lat' dir='ltr'><strong>ast.</strong></span> <span class='ocrx_word' id='word_1_272' title='bbox 252 2692 326 2748; x_wconf 88' lang='lat' dir='ltr'><strong>Gud.</strong></span> <span class='ocrx_word' id='word_1_273' title='bbox 346 2695 460 2748; x_wconf 89' lang='lat' dir='ltr'><strong>omittit</strong></span> <span class='ocrx_word' id='word_1_274' title='bbox 478 2693 619 2758; x_wconf 85' lang='lat' dir='ltr'><strong>concitati,</strong></span> <span class='ocrx_word' id='word_1_275' title='bbox 640 2692 714 2744; x_wconf 89' lang='lat' dir='ltr'><strong>Gud.</strong></span> <span class='ocrx_word' id='word_1_276' title='bbox 733 2695 759 2746; x_wconf 80' lang='lat'><strong>2.</strong></span> <span class='ocrx_word' id='word_1_277' title='bbox 780 2691 877 2744; x_wconf 84' lang='lat' dir='ltr'><strong>animi.</strong></span> <span class='ocrx_word' id='word_1_278' title='bbox 904 2691 993 2745; x_wconf 86' lang='lat' dir='ltr'><strong>Marb.</strong></span> <span class='ocrx_word' id='word_1_279' title='bbox 1012 2690 1100 2745; x_wconf 84' lang='lat' dir='ltr'><strong>habet</strong></span> <span class='ocrx_word' id='word_1_280' title='bbox 1122 2689 1213 2744; x_wconf 83' lang='lat' dir='ltr'><strong>animi</strong></span> 
     </span>
     <span class='ocr_line' id='line_1_31' title="bbox 59 2762 1213 2834; baseline -0.003 -17"><span class='ocrx_word' id='word_1_281' title='bbox 59 2764 313 2831; x_wconf 55' lang='lat' dir='ltr'><strong>religiosareete:</strong></span> <span class='ocrx_word' id='word_1_282' title='bbox 345 2767 395 2820; x_wconf 85' lang='lat' dir='ltr'><strong>sed</strong></span> <span class='ocrx_word' id='word_1_283' title='bbox 418 2764 513 2818; x_wconf 83' lang='lat' dir='ltr'><strong>media</strong></span> <span class='ocrx_word' id='word_1_284' title='bbox 534 2781 593 2818; x_wconf 86' lang='lat' dir='ltr'><strong>vox</strong></span> <span class='ocrx_word' id='word_1_285' title='bbox 616 2765 736 2832; x_wconf 87' lang='lat' dir='ltr'><strong>punctis</strong></span> <span class='ocrx_word' id='word_1_286' title='bbox 761 2770 859 2816; x_wconf 87' lang='lat' dir='ltr'><strong>notata</strong></span> <span class='ocrx_word' id='word_1_287' title='bbox 884 2771 936 2834; x_wconf 88' lang='lat' dir='ltr'><strong>est.</strong></span> <span class='ocrx_word' id='word_1_288' title='bbox 974 2763 1029 2815; x_wconf 88' lang='lat' dir='ltr'><strong>Pro</strong></span> <span class='ocrx_word' id='word_1_289' title='bbox 1056 2762 1213 2815; x_wconf 77' lang='lat' dir='ltr'><strong>dixerimus</strong></span> 
     </span>
     <span class='ocr_line' id='line_1_32' title="bbox 59 2830 1211 2900; baseline -0.001 -13"><span class='ocrx_word' id='word_1_290' title='bbox 59 2830 237 2891; x_wconf 82' lang='lat' dir='ltr'><strong>Bouhie&#39;rius·</strong></span> <span class='ocrx_word' id='word_1_291' title='bbox 251 2836 366 2889; x_wconf 87' lang='lat' dir='ltr'><strong>volebat</strong></span> <span class='ocrx_word' id='word_1_292' title='bbox 384 2835 516 2900; x_wconf 82' lang='lat' dir='ltr'><strong>diximus,</strong></span> <span class='ocrx_word' id='word_1_293' title='bbox 548 2853 584 2889; x_wconf 87' lang='lat' dir='ltr'><strong>ne</strong></span> <span class='ocrx_word' id='word_1_294' title='bbox 609 2835 706 2887; x_wconf 86' lang='lat' dir='ltr'><strong>dicere</strong></span> <span class='ocrx_word' id='word_1_295' title='bbox 731 2833 867 2887; x_wconf 85' lang='lat' dir='ltr'><strong>videatur</strong></span> <span class='ocrx_word' id='word_1_296' title='bbox 885 2833 987 2887; x_wconf 81' lang='lat' dir='ltr'><strong>Cicero</strong></span> <span class='ocrx_word' id='word_1_297' title='bbox 1012 2849 1120 2886; x_wconf 86' lang='lat' dir='ltr'><strong>novum</strong></span> <span class='ocrx_word' id='word_1_298' title='bbox 1144 2833 1211 2900; x_wconf 87' lang='lat' dir='ltr'><strong>hoc,</strong></span> 
     </span>
     <span class='ocr_line' id='line_1_33' title="bbox 57 2904 1212 2975; baseline -0.002 -17"><span class='ocrx_word' id='word_1_299' title='bbox 57 2905 114 2960; x_wconf 86' lang='lat' dir='ltr'><strong>hac</strong></span> <span class='ocrx_word' id='word_1_300' title='bbox 132 2906 250 2974; x_wconf 81' lang='lat' dir='ltr'><strong>quidem</strong></span> <span class='ocrx_word' id='word_1_301' title='bbox 269 2908 420 2967; x_wconf 87' lang='lat' dir='ltr'><strong>sententia,</strong></span> <span class='ocrx_word' id='word_1_302' title='bbox 439 2923 500 2960; x_wconf 89' lang='lat' dir='ltr'><strong>esse</strong></span> <span class='ocrx_word' id='word_1_303' title='bbox 518 2904 706 2958; x_wconf 80' lang='lat' dir='ltr'><strong>vocabulum:</strong></span> <span class='ocrx_word' id='word_1_304' title='bbox 734 2905 810 2975; x_wconf 85' lang='lat' dir='ltr'><strong>quod</strong></span> <span class='ocrx_word' id='word_1_305' title='bbox 830 2923 912 2959; x_wconf 88' lang='lat' dir='ltr'><strong>secus</strong></span> <span class='ocrx_word' id='word_1_306' title='bbox 932 2921 995 2959; x_wconf 86' lang='lat' dir='ltr'><strong>esse</strong></span> <span class='ocrx_word' id='word_1_307' title='bbox 1014 2912 1119 2972; x_wconf 71' lang='lat' dir='ltr'><strong>censet,</strong></span> <span class='ocrx_word' id='word_1_308' title='bbox 1157 2905 1212 2956; x_wconf 85' lang='lat' dir='ltr'><strong>Fa·</strong></span> 
     </span>
     <span class='ocr_line' id='line_1_34' title="bbox 26 2973 1211 3045; baseline -0.003 -16"><span class='ocrx_word' id='word_1_309' title='bbox 26 3040 32 3045; x_wconf 29' lang='grc'><strong>,</strong></span> <span class='ocrx_word' id='word_1_310' title='bbox 58 2985 108 3029; x_wconf 86' lang='lat' dir='ltr'><strong>vet</strong></span> <span class='ocrx_word' id='word_1_311' title='bbox 133 2977 160 3027; x_wconf 91' lang='lat' dir='ltr'><strong>ei</strong></span> <span class='ocrx_word' id='word_1_312' title='bbox 179 2976 363 3028; x_wconf 79' lang='lat' dir='ltr'><strong>coniecturae</strong></span> <span class='ocrx_word' id='word_1_313' title='bbox 391 2975 459 3029; x_wconf 82' lang='lat' dir='ltr'><strong>cod.</strong></span> <span class='ocrx_word' id='word_1_314' title='bbox 479 2976 564 3028; x_wconf 88' lang='lat' dir='ltr'><strong>Vind.</strong></span> <span class='ocrx_word' id='word_1_315' title='bbox 583 2979 608 3030; x_wconf 77' lang='lat'><strong>2.</strong></span> <span class='ocrx_word' id='word_1_316' title='bbox 635 2973 691 3029; x_wconf 84' lang='lat' dir='ltr'><strong>Sed</strong></span> <span class='ocrx_word' id='word_1_317' title='bbox 713 2978 832 3028; x_wconf 87' lang='lat' dir='ltr'><strong>frustra.</strong></span> <span class='ocrx_word' id='word_1_318' title='bbox 876 2974 1013 3028; x_wconf 87' lang='lat' dir='ltr'><strong>Nondum</strong></span> <span class='ocrx_word' id='word_1_319' title='bbox 1041 2976 1119 3040; x_wconf 82' lang='lat' dir='ltr'><strong>enim</strong></span> <span class='ocrx_word' id='word_1_320' title='bbox 1144 2990 1211 3028; x_wconf 91' lang='lat' dir='ltr'><strong>con-</strong></span> 
     </span>
     <span class='ocr_line' id='line_1_35' title="bbox 15 3043 1212 3115; baseline -0.003 -16"><span class='ocrx_word' id='word_1_321' title='bbox 15 3048 21 3067; x_wconf 69' lang='lat'>*</span> <span class='ocrx_word' id='word_1_322' title='bbox 58 3045 151 3099; x_wconf 86' lang='lat' dir='ltr'><strong>stabat</strong></span> <span class='ocrx_word' id='word_1_323' title='bbox 168 3062 262 3114; x_wconf 86' lang='lat' dir='ltr'><strong>neque</strong></span> <span class='ocrx_word' id='word_1_324' title='bbox 281 3053 377 3097; x_wconf 86' lang='lat' dir='ltr'><strong>certus</strong></span> <span class='ocrx_word' id='word_1_325' title='bbox 397 3053 459 3098; x_wconf 87' lang='lat' dir='ltr'><strong>erat</strong></span> <span class='ocrx_word' id='word_1_326' title='bbox 476 3064 543 3098; x_wconf 89' lang='lat' dir='ltr'><strong>usus</strong></span> <span class='ocrx_word' id='word_1_327' title='bbox 563 3045 644 3097; x_wconf 85' lang='lat' dir='ltr'><strong>illius</strong></span> <span class='ocrx_word' id='word_1_328' title='bbox 661 3046 746 3098; x_wconf 85' lang='lat' dir='ltr'><strong>verbi</strong></span> <span class='ocrx_word' id='word_1_329' title='bbox 771 3053 799 3097; x_wconf 90' lang='lat' dir='ltr'><strong>et</strong></span> <span class='ocrx_word' id='word_1_330' title='bbox 824 3044 951 3098; x_wconf 85' lang='lat' dir='ltr'><strong>aliorum</strong></span> <span class='ocrx_word' id='word_1_331' title='bbox 976 3045 1064 3098; x_wconf 87' lang='lat' dir='ltr'><strong>etiam</strong></span> <span class='ocrx_word' id='word_1_332' title='bbox 1090 3045 1125 3098; x_wconf 83' lang='lat' dir='ltr'><strong>ad</strong></span> <span class='ocrx_word' id='word_1_333' title='bbox 1144 3043 1212 3115; x_wconf 88' lang='lat' dir='ltr'><strong>phi·</strong></span> 
     </span>
     <span class='ocr_line' id='line_1_36' title="bbox 57 3114 1211 3186; baseline -0.001 -18"><span class='ocrx_word' id='word_1_334' title='bbox 57 3114 223 3185; x_wconf 84' lang='lat' dir='ltr'><strong>losophiam</strong></span> <span class='ocrx_word' id='word_1_335' title='bbox 251 3115 475 3184; x_wconf 86' lang='lat' dir='ltr'><strong>pertinentium,</strong></span> <span class='ocrx_word' id='word_1_336' title='bbox 504 3133 529 3186; x_wconf 15' lang='lat' dir='ltr'><strong>e*</strong></span> <span class='ocrx_word' id='word_1_337' title='bbox 542 3114 658 3167; x_wconf 87' lang='lat' dir='ltr'><strong>Graecis</strong></span> <span class='ocrx_word' id='word_1_338' title='bbox 682 3114 814 3168; x_wconf 85' lang='lat' dir='ltr'><strong>fontibus</strong></span> <span class='ocrx_word' id='word_1_339' title='bbox 839 3115 971 3168; x_wconf 87' lang='lat' dir='ltr'><strong>ductam:</strong></span> <span class='ocrx_word' id='word_1_340' title='bbox 1009 3133 1151 3184; x_wconf 87' lang='lat' dir='ltr'><strong>quamque</strong></span> <span class='ocrx_word' id='word_1_341' title='bbox 1178 3130 1211 3167; x_wconf 94' lang='lat' dir='ltr'><strong>eo</strong></span> 
     </span>
     <span class='ocr_line' id='line_1_37' title="bbox 57 3182 1210 3256; baseline -0.001 -16"><span class='ocrx_word' id='word_1_342' title='bbox 57 3188 122 3256; x_wconf 84' lang='lat' dir='ltr'><strong>ipso</strong></span> <span class='ocrx_word' id='word_1_343' title='bbox 141 3185 281 3240; x_wconf 84' lang='lat' dir='ltr'><strong>vocabulo</strong></span> <span class='ocrx_word' id='word_1_344' title='bbox 300 3186 358 3239; x_wconf 88' lang='lat' dir='ltr'><strong>iam</strong></span> <span class='ocrx_word' id='word_1_345' title='bbox 376 3204 444 3238; x_wconf 87' lang='lat' dir='ltr'><strong>usus</strong></span> <span class='ocrx_word' id='word_1_346' title='bbox 464 3193 526 3239; x_wconf 86' lang='lat' dir='ltr'><strong>erat</strong></span> <span class='ocrx_word' id='word_1_347' title='bbox 545 3184 648 3238; x_wconf 84' lang='lat' dir='ltr'><strong>Cicero</strong></span> <span class='ocrx_word' id='word_1_348' title='bbox 667 3184 731 3238; x_wconf 92' lang='lat' dir='ltr'><strong>loco</strong></span> <span class='ocrx_word' id='word_1_349' title='bbox 751 3182 969 3254; x_wconf 81' lang='lat' dir='ltr'><strong>supralaudato</strong></span> <span class='ocrx_word' id='word_1_350' title='bbox 997 3186 1032 3237; x_wconf 90' lang='lat' dir='ltr'><strong>de</strong></span> <span class='ocrx_word' id='word_1_351' title='bbox 1050 3183 1136 3237; x_wconf 73' lang='lat' dir='ltr'><strong>Finn&#39;.</strong></span> <span class='ocrx_word' id='word_1_352' title='bbox 1157 3185 1210 3239; x_wconf 90' lang='lat'><strong>111.</strong></span> 
     </span>
     <span class='ocr_line' id='line_1_38' title="bbox 59 3258 308 3314; baseline -0.024 0"><span class='ocrx_word' id='word_1_353' title='bbox 59 3261 101 3314; x_wconf 69' lang='lat'><strong>1⁰·</strong></span> <span class='ocrx_word' id='word_1_354' title='bbox 120 3259 164 3314; x_wconf 74' lang='lat'><strong>35·</strong></span> <span class='ocrx_word' id='word_1_355' title='bbox 202 3258 263 3313; x_wconf 73' lang='lat' dir='ltr'><strong>MT.</strong></span> <span class='ocrx_word' id='word_1_356' title='bbox 306 3298 308 3302; x_wconf 37' lang='grc' dir='ltr'><strong><em>ι</em></strong></span> 
     </span>
    </p>

    <p class='ocr_par' dir='ltr' id='par_1_5' title="bbox 58 3325 1293 3892">
     <span class='ocr_line' id='line_1_39' title="bbox 128 3325 1209 3394; baseline -0.002 -13"><span class='ocrx_word' id='word_1_357' title='bbox 128 3328 196 3383; x_wconf 84' lang='lat' dir='ltr'><strong>Nisi</strong></span> <span class='ocrx_word' id='word_1_358' title='bbox 222 3327 289 3394; x_wconf 81' lang='lat' dir='ltr'><strong>quid</strong></span> <span class='ocrx_word' id='word_1_359' title='bbox 312 3327 394 3382; x_wconf 84' lang='lat' dir='ltr'><strong>uliud</strong></span> <span class='ocrx_word' id='word_1_360' title='bbox 414 3329 467 3383; x_wconf 81' lang='lat' dir='ltr'><strong>tibi</strong></span> <span class='ocrx_word' id='word_1_361' title='bbox 492 3326 631 3394; x_wconf 68' lang='lat' dir='ltr'><strong>uidetur]</strong></span> <span class='ocrx_word' id='word_1_362' title='bbox 668 3326 749 3380; x_wconf 89' lang='lat' dir='ltr'><strong>Unus</strong></span> <span class='ocrx_word' id='word_1_363' title='bbox 774 3325 824 3382; x_wconf 84' lang='lat' dir='ltr'><strong>Ox.</strong></span> <span class='ocrx_word' id='word_1_364' title='bbox 852 3325 911 3381; x_wconf 82' lang='lat' dir='ltr'><strong>uisi</strong></span> <span class='ocrx_word' id='word_1_365' title='bbox 938 3325 1082 3394; x_wconf 84' lang='lat' dir='ltr'><strong>quidem.</strong></span> <span class='ocrx_word' id='word_1_366' title='bbox 1119 3325 1209 3383; x_wconf 85' lang='lat' dir='ltr'><strong>Rehd.</strong></span> 
     </span>
     <span class='ocr_line' id='line_1_40' title="bbox 58 3396 1208 3469; baseline -0.005 -14"><span class='ocrx_word' id='word_1_367' title='bbox 58 3400 172 3455; x_wconf 89' lang='lat' dir='ltr'><strong>omittit</strong></span> <span class='ocrx_word' id='word_1_368' title='bbox 189 3398 278 3452; x_wconf 82' lang='lat' dir='ltr'><strong>uliud.</strong></span> <span class='ocrx_word' id='word_1_369' title='bbox 297 3399 341 3452; x_wconf 81' lang='lat' dir='ltr'><strong>Au</strong></span> <span class='ocrx_word' id='word_1_370' title='bbox 364 3439 370 3450; x_wconf 90' lang='lat'><strong>.</strong></span> <span class='ocrx_word' id='word_1_371' title='bbox 391 3407 421 3453; x_wconf 92' lang='lat' dir='ltr'><strong>et</strong></span> <span class='ocrx_word' id='word_1_372' title='bbox 437 3400 521 3452; x_wconf 89' lang='lat' dir='ltr'><strong>Vind.</strong></span> <span class='ocrx_word' id='word_1_373' title='bbox 544 3404 568 3454; x_wconf 92' lang='lat' dir='ltr'><strong>l.</strong></span> <span class='ocrx_word' id='word_1_374' title='bbox 587 3397 695 3451; x_wconf 87' lang='lat' dir='ltr'><strong>habent</strong></span> <span class='ocrx_word' id='word_1_375' title='bbox 713 3397 768 3451; x_wconf 85' lang='lat' dir='ltr'><strong>tibi</strong></span> <span class='ocrx_word' id='word_1_376' title='bbox 785 3396 874 3465; x_wconf 80' lang='lat' dir='ltr'><strong>uliud.</strong></span> <span class='ocrx_word' id='word_1_377' title='bbox 907 3397 988 3451; x_wconf 88' lang='lat' dir='ltr'><strong>Unus</strong></span> <span class='ocrx_word' id='word_1_378' title='bbox 1007 3398 1057 3453; x_wconf 79' lang='lat' dir='ltr'><strong>Ox.</strong></span> <span class='ocrx_word' id='word_1_379' title='bbox 1078 3399 1109 3450; x_wconf 91' lang='lat' dir='ltr'><strong>in</strong></span> <span class='ocrx_word' id='word_1_380' title='bbox 1129 3416 1208 3469; x_wconf 87' lang='lat' dir='ltr'><strong>seqq.</strong></span> 
     </span>
     <span class='ocr_line' id='line_1_41' title="bbox 58 3418 1208 3546; baseline -0.002 -23"><span class='ocrx_word' id='word_1_381' title='bbox 58 3469 207 3525; x_wconf 75' lang='lat' dir='ltr'><strong>midioen</strong></span> <span class='ocrx_word' id='word_1_382' title='bbox 225 3471 278 3522; x_wconf 82' lang='lat' dir='ltr'><strong>isto</strong></span> <span class='ocrx_word' id='word_1_383' title='bbox 295 3418 384 3523; x_wconf 63' lang='lat' dir='ltr'><strong>modo.</strong></span> <span class='ocrx_word' id='word_1_384' title='bbox 405 3471 532 3546; x_wconf 78' lang='lat' dir='ltr'><strong>Pergunt</strong></span> <span class='ocrx_word' id='word_1_385' title='bbox 551 3469 619 3526; x_wconf 81' lang='lat' dir='ltr'><strong>Cod.</strong></span> <span class='ocrx_word' id='word_1_386' title='bbox 640 3470 712 3523; x_wconf 88' lang='lat' dir='ltr'><strong>Gud.</strong></span> <span class='ocrx_word' id='word_1_387' title='bbox 732 3469 806 3523; x_wconf 88' lang='lat' dir='ltr'><strong>Edd.</strong></span> <span class='ocrx_word' id='word_1_388' title='bbox 825 3469 859 3521; x_wconf 88' lang='lat' dir='ltr'><strong>A.</strong></span> <span class='ocrx_word' id='word_1_389' title='bbox 880 3469 911 3522; x_wconf 88' lang='grc' dir='ltr'><strong>Β.</strong></span> <span class='ocrx_word' id='word_1_390' title='bbox 931 3467 960 3524; x_wconf 89' lang='lat' dir='ltr'><strong>S.</strong></span> <span class='ocrx_word' id='word_1_391' title='bbox 979 3468 1014 3527; x_wconf 81' lang='lat' dir='ltr'><strong>E.</strong></span> <span class='ocrx_word' id='word_1_392' title='bbox 1033 3470 1104 3524; x_wconf 83' lang='lat' dir='ltr'><strong>Van.</strong></span> <span class='ocrx_word' id='word_1_393' title='bbox 1117 3476 1208 3522; x_wconf 84' lang='lat' dir='ltr'><strong>nostr.</strong></span> 
     </span>
     <span class='ocr_line' id='line_1_42' title="bbox 59 3538 1293 3612; baseline -0.001 -18"><span class='ocrx_word' id='word_1_394' title='bbox 59 3541 122 3595; x_wconf 84' lang='lat' dir='ltr'><strong>Asc.</strong></span> <span class='ocrx_word' id='word_1_395' title='bbox 141 3548 166 3597; x_wconf 84' lang='lat'><strong>1.</strong></span> <span class='ocrx_word' id='word_1_396' title='bbox 186 3542 298 3593; x_wconf 82' lang='lat' dir='ltr'><strong>Hoeene</strong></span> <span class='ocrx_word' id='word_1_397' title='bbox 322 3542 399 3611; x_wconf 89' lang='lat' dir='ltr'><strong>quod</strong></span> <span class='ocrx_word' id='word_1_398' title='bbox 416 3550 497 3603; x_wconf 74' lang='lat' dir='ltr'><strong>recte</strong></span> <span class='ocrx_word' id='word_1_399' title='bbox 516 3548 614 3594; x_wconf 91' lang='lat' dir='ltr'><strong>monet</strong></span> <span class='ocrx_word' id='word_1_400' title='bbox 632 3540 812 3595; x_wconf 81' lang='lat' dir='ltr'><strong>FAWolfius</strong></span> <span class='ocrx_word' id='word_1_401' title='bbox 832 3541 969 3594; x_wconf 87' lang='lat' dir='ltr'><strong>Ciceroni</strong></span> <span class='ocrx_word' id='word_1_402' title='bbox 988 3556 1047 3594; x_wconf 91' lang='lat' dir='ltr'><strong>uon</strong></span> <span class='ocrx_word' id='word_1_403' title='bbox 1065 3538 1210 3610; x_wconf 86' lang='lat' dir='ltr'><strong>usurpari.</strong></span> <span class='ocrx_word' id='word_1_404' title='bbox 1286 3596 1293 3612; x_wconf 60' lang='grc'>,</span> 
     </span>
     <span class='ocr_line' id='line_1_43' title="bbox 58 3609 1210 3688; baseline -0.003 -24"><span class='ocrx_word' id='word_1_405' title='bbox 58 3611 132 3688; x_wconf 82' lang='lat' dir='ltr'><strong>Aug.</strong></span> <span class='ocrx_word' id='word_1_406' title='bbox 152 3611 239 3666; x_wconf 86' lang='lat' dir='ltr'><strong>habet</strong></span> <span class='ocrx_word' id='word_1_407' title='bbox 256 3610 382 3665; x_wconf 71' lang='lat' dir='ltr'><strong>hoccine</strong></span> <span class='ocrx_word' id='word_1_408' title='bbox 403 3640 435 3649; x_wconf 90' lang='lat'>-</span> <span class='ocrx_word' id='word_1_409' title='bbox 453 3615 484 3666; x_wconf 84' lang='lat' dir='ltr'><strong>io</strong></span> <span class='ocrx_word' id='word_1_410' title='bbox 503 3611 658 3678; x_wconf 84' lang='lat' dir='ltr'><strong>sapientem</strong></span> <span class='ocrx_word' id='word_1_411' title='bbox 674 3612 786 3664; x_wconf 80' lang='lat' dir='ltr'><strong>eadere.</strong></span> <span class='ocrx_word' id='word_1_412' title='bbox 807 3611 882 3666; x_wconf 89' lang='lat' dir='ltr'><strong>Gud.</strong></span> <span class='ocrx_word' id='word_1_413' title='bbox 903 3616 927 3666; x_wconf 92' lang='lat'><strong>1.</strong></span> <span class='ocrx_word' id='word_1_414' title='bbox 947 3609 1014 3664; x_wconf 77' lang='lat' dir='ltr'><strong>boec</strong></span> <span class='ocrx_word' id='word_1_415' title='bbox 1031 3611 1063 3662; x_wconf 85' lang='lat' dir='ltr'><strong>in</strong></span> <span class='ocrx_word' id='word_1_416' title='bbox 1080 3627 1105 3672; x_wconf 86' lang='lat' dir='ltr'><strong>e,</strong></span> <span class='ocrx_word' id='word_1_417' title='bbox 1128 3609 1210 3662; x_wconf 86' lang='lat' dir='ltr'><strong>vide-</strong></span> 
     </span>
     <span class='ocr_line' id='line_1_44' title="bbox 59 3679 1208 3752; baseline -0.003 -17"><span class='ocrx_word' id='word_1_418' title='bbox 59 3683 131 3737; x_wconf 88' lang='lat' dir='ltr'><strong>licet</strong></span> <span class='ocrx_word' id='word_1_419' title='bbox 147 3700 183 3736; x_wconf 89' lang='lat' dir='ltr'><strong>ex</strong></span> <span class='ocrx_word' id='word_1_420' title='bbox 202 3683 363 3752; x_wconf 84' lang='lat' dir='ltr'><strong>scriptione</strong></span> <span class='ocrx_word' id='word_1_421' title='bbox 381 3683 524 3737; x_wconf 78' lang='lat' dir='ltr'><strong>ussGrnu·</strong></span> <span class='ocrx_word' id='word_1_422' title='bbox 543 3683 657 3736; x_wconf 87' lang='lat' dir='ltr'><strong>Habent</strong></span> <span class='ocrx_word' id='word_1_423' title='bbox 676 3684 763 3736; x_wconf 89' lang='lat' dir='ltr'><strong>etiam</strong></span> <span class='ocrx_word' id='word_1_424' title='bbox 781 3683 812 3736; x_wconf 85' lang='lat' dir='ltr'><strong>in</strong></span> <span class='ocrx_word' id='word_1_425' title='bbox 830 3680 983 3749; x_wconf 84' lang='lat' dir='ltr'><strong>sapientem</strong></span> <span class='ocrx_word' id='word_1_426' title='bbox 1001 3681 1100 3734; x_wconf 83' lang='lat' dir='ltr'><strong>cedere</strong></span> <span class='ocrx_word' id='word_1_427' title='bbox 1119 3679 1208 3733; x_wconf 87' lang='lat' dir='ltr'><strong>Codd.</strong></span> 
     </span>
     <span class='ocr_line' id='line_1_45' title="bbox 59 3751 1209 3810; baseline -0.003 -4"><span class='ocrx_word' id='word_1_428' title='bbox 59 3755 135 3807; x_wconf 86' lang='lat' dir='ltr'><strong>Mon.</strong></span> <span class='ocrx_word' id='word_1_429' title='bbox 156 3758 181 3809; x_wconf 91' lang='lat'><strong>1.</strong></span> <span class='ocrx_word' id='word_1_430' title='bbox 201 3757 226 3809; x_wconf 72' lang='lat'><em>2</em></span> <span class='ocrx_word' id='word_1_431' title='bbox 254 3754 309 3807; x_wconf 87' lang='lat' dir='ltr'><strong>Pro</strong></span> <span class='ocrx_word' id='word_1_432' title='bbox 327 3754 427 3808; x_wconf 81' lang='lat' dir='ltr'><strong>cudere</strong></span> <span class='ocrx_word' id='word_1_433' title='bbox 445 3756 476 3806; x_wconf 91' lang='lat' dir='ltr'><strong>in</strong></span> <span class='ocrx_word' id='word_1_434' title='bbox 496 3752 570 3806; x_wconf 85' lang='lat' dir='ltr'><strong>Gud.</strong></span> <span class='ocrx_word' id='word_1_435' title='bbox 589 3757 614 3808; x_wconf 80' lang='lat'><strong>2.</strong></span> <span class='ocrx_word' id='word_1_436' title='bbox 641 3762 685 3807; x_wconf 85' lang='lat' dir='ltr'><strong>est</strong></span> <span class='ocrx_word' id='word_1_437' title='bbox 711 3755 816 3810; x_wconf 84' lang='lat' dir='ltr'><strong>eadem.</strong></span> <span class='ocrx_word' id='word_1_438' title='bbox 835 3752 889 3806; x_wconf 71' lang='lat' dir='ltr'><strong>Eo.</strong></span> <span class='ocrx_word' id='word_1_439' title='bbox 909 3751 938 3804; x_wconf 84' lang='lat' dir='ltr'><strong>P.</strong></span> <span class='ocrx_word' id='word_1_440' title='bbox 968 3751 1087 3806; x_wconf 85' lang='lat' dir='ltr'><strong>exhibet</strong></span> <span class='ocrx_word' id='word_1_441' title='bbox 1110 3752 1209 3804; x_wconf 84' lang='lat' dir='ltr'><strong>cudere</strong></span> 
     </span>
     <span class='ocr_line' id='line_1_46' title="bbox 58 3823 844 3892; baseline -0.003 -15"><span class='ocrx_word' id='word_1_442' title='bbox 58 3823 331 3892; x_wconf 80' lang='lat' dir='ltr'><strong>inscipientem:</strong></span> <span class='ocrx_word' id='word_1_443' title='bbox 351 3826 460 3878; x_wconf 85' lang='lat' dir='ltr'><strong>erroris</strong></span> <span class='ocrx_word' id='word_1_444' title='bbox 481 3841 565 3878; x_wconf 84' lang='lat' dir='ltr'><strong>causa</strong></span> <span class='ocrx_word' id='word_1_445' title='bbox 582 3825 744 3877; x_wconf 86' lang='lat' dir='ltr'><strong>manifesta.</strong></span> <span class='ocrx_word' id='word_1_446' title='bbox 783 3825 844 3878; x_wconf 90' lang='lat' dir='ltr'><strong>Mr.</strong></span> 
     </span>
    </p>
   </div>
   <div class='ocr_carea' id='block_1_4' title="bbox 57 3910 1318 4478">
    <p class='ocr_par' dir='ltr' id='par_1_6' title="bbox 57 3910 1318 4478">
     <span class='ocr_line' id='line_1_47' title="bbox 129 3910 1318 3987; baseline 0.001 -22"><span class='ocrx_word' id='word_1_447' title='bbox 129 3911 191 3965; x_wconf 85' lang='lat' dir='ltr'><strong>Noe</strong></span> <span class='ocrx_word' id='word_1_448' title='bbox 207 3914 264 3966; x_wconf 81' lang='lat' dir='ltr'><strong>isto</strong></span> <span class='ocrx_word' id='word_1_449' title='bbox 282 3914 410 3979; x_wconf 80' lang='lat' dir='ltr'><strong>glorioso</strong></span> <span class='ocrx_word' id='word_1_450' title='bbox 427 3914 578 3981; x_wconf 83' lang='lat' dir='ltr'><strong>sapientia]</strong></span> <span class='ocrx_word' id='word_1_451' title='bbox 616 3912 762 3966; x_wconf 85' lang='lat' dir='ltr'><strong>Scribitur</strong></span> <span class='ocrx_word' id='word_1_452' title='bbox 779 3912 822 3965; x_wconf 81' lang='lat' dir='ltr'><strong>Ne</strong></span> <span class='ocrx_word' id='word_1_453' title='bbox 840 3913 872 3965; x_wconf 92' lang='lat' dir='ltr'><strong>in</strong></span> <span class='ocrx_word' id='word_1_454' title='bbox 891 3911 978 3966; x_wconf 85' lang='lat' dir='ltr'><strong>Codd.</strong></span> <span class='ocrx_word' id='word_1_455' title='bbox 997 3913 1067 3987; x_wconf 80' lang='lat' dir='ltr'><strong>Reg.</strong></span> <span class='ocrx_word' id='word_1_456' title='bbox 1088 3919 1118 3965; x_wconf 92' lang='lat' dir='ltr'><strong>et</strong></span> <span class='ocrx_word' id='word_1_457' title='bbox 1135 3910 1209 3967; x_wconf 81' lang='lat' dir='ltr'><strong>Edd.</strong></span> <span class='ocrx_word' id='word_1_458' title='bbox 1311 3936 1318 3946; x_wconf 88' lang='lat'><strong>·</strong></span> 
     </span>
     <span class='ocr_line' id='line_1_48' title="bbox 59 3982 1209 4048; baseline -0.007 -8"><span class='ocrx_word' id='word_1_459' title='bbox 59 3985 91 4040; x_wconf 83' lang='grc' dir='ltr'><strong>Α.</strong></span> <span class='ocrx_word' id='word_1_460' title='bbox 111 3983 139 4038; x_wconf 83' lang='lat' dir='ltr'><strong>S.</strong></span> <span class='ocrx_word' id='word_1_461' title='bbox 159 3982 193 4036; x_wconf 82' lang='lat' dir='ltr'><strong>E.</strong></span> <span class='ocrx_word' id='word_1_462' title='bbox 215 3985 313 4048; x_wconf 87' lang='lat' dir='ltr'><strong>Marb.‚</strong></span> <span class='ocrx_word' id='word_1_463' title='bbox 332 3984 390 4036; x_wconf 90' lang='lat' dir='ltr'><strong>Nec</strong></span> <span class='ocrx_word' id='word_1_464' title='bbox 408 3985 439 4035; x_wconf 87' lang='lat' dir='ltr'><strong>in</strong></span> <span class='ocrx_word' id='word_1_465' title='bbox 457 3984 510 4036; x_wconf 83' lang='lat' dir='ltr'><strong>Ed.</strong></span> <span class='ocrx_word' id='word_1_466' title='bbox 531 3984 559 4036; x_wconf 88' lang='lat' dir='ltr'><strong>P.</strong></span> <span class='ocrx_word' id='word_1_467' title='bbox 580 3991 609 4038; x_wconf 90' lang='lat' dir='ltr'><strong>et</strong></span> <span class='ocrx_word' id='word_1_468' title='bbox 627 4000 685 4038; x_wconf 89' lang='lat' dir='ltr'><strong>uno</strong></span> <span class='ocrx_word' id='word_1_469' title='bbox 704 3984 756 4037; x_wconf 85' lang='lat' dir='ltr'><strong>Ox.</strong></span> <span class='ocrx_word' id='word_1_470' title='bbox 775 3982 949 4036; x_wconf 87' lang='lat' dir='ltr'><strong>Bouhierius</strong></span> <span class='ocrx_word' id='word_1_471' title='bbox 968 4000 1004 4037; x_wconf 85' lang='lat' dir='ltr'><strong>ex</strong></span> <span class='ocrx_word' id='word_1_472' title='bbox 1022 4001 1072 4036; x_wconf 86' lang='lat' dir='ltr'><strong>sua</strong></span> <span class='ocrx_word' id='word_1_473' title='bbox 1080 3982 1134 4034; x_wconf 83' lang='lat' dir='ltr'><strong>Ed.</strong></span> <span class='ocrx_word' id='word_1_474' title='bbox 1150 3988 1209 4036; x_wconf 87' lang='lat' dir='ltr'><strong>vet.</strong></span> 
     </span>
     <span class='ocr_line' id='line_1_49' title="bbox 58 4051 1210 4123; baseline -0.006 -13"><span class='ocrx_word' id='word_1_475' title='bbox 58 4063 88 4110; x_wconf 90' lang='lat' dir='ltr'><strong>et</strong></span> <span class='ocrx_word' id='word_1_476' title='bbox 106 4053 176 4107; x_wconf 86' lang='lat' dir='ltr'><strong>Rub.</strong></span> <span class='ocrx_word' id='word_1_477' title='bbox 194 4051 295 4123; x_wconf 85' lang='lat' dir='ltr'><strong>Steph.</strong></span> <span class='ocrx_word' id='word_1_478' title='bbox 315 4053 379 4107; x_wconf 86' lang='lat' dir='ltr'><strong>vult</strong></span> <span class='ocrx_word' id='word_1_479' title='bbox 396 4054 455 4110; x_wconf 88' lang='lat' dir='ltr'><strong>Noe</strong></span> <span class='ocrx_word' id='word_1_480' title='bbox 475 4054 594 4119; x_wconf 81' lang='lat' dir='ltr'><strong>igitur</strong></span> <span class='ocrx_word' id='word_1_481' title='bbox 612 4053 670 4107; x_wconf 82' lang='lat' dir='ltr'><strong>ista</strong></span> <span class='ocrx_word' id='word_1_482' title='bbox 688 4055 729 4122; x_wconf 80' lang='lat' dir='ltr'><strong>gl.</strong></span> <span class='ocrx_word' id='word_1_483' title='bbox 748 4071 808 4123; x_wconf 82' lang='lat' dir='ltr'><strong>sap.</strong></span> <span class='ocrx_word' id='word_1_484' title='bbox 827 4071 882 4107; x_wconf 85' lang='lat' dir='ltr'><strong>non</strong></span> <span class='ocrx_word' id='word_1_485' title='bbox 899 4053 1017 4122; x_wconf 80' lang='lat' dir='ltr'><strong>magni</strong></span> <span class='ocrx_word' id='word_1_486' title='bbox 1034 4051 1210 4105; x_wconf 83' lang='lat' dir='ltr'><strong>aestimando</strong></span> 
     </span>
     <span class='ocr_line' id='line_1_50' title="bbox 58 4122 1209 4199; baseline -0.004 -21"><span class='ocrx_word' id='word_1_487' title='bbox 58 4131 110 4179; x_wconf 85' lang='lat' dir='ltr'><strong>eat.</strong></span> <span class='ocrx_word' id='word_1_488' title='bbox 149 4125 240 4191; x_wconf 85' lang='lat' dir='ltr'><strong>Quam</strong></span> <span class='ocrx_word' id='word_1_489' title='bbox 257 4141 311 4199; x_wconf 76' lang='lat' dir='ltr'><strong>ego</strong></span> <span class='ocrx_word' id='word_1_490' title='bbox 331 4124 522 4194; x_wconf 82' lang='lat' dir='ltr'><strong>scriptionem</strong></span> <span class='ocrx_word' id='word_1_491' title='bbox 546 4126 578 4177; x_wconf 91' lang='lat' dir='ltr'><strong>in</strong></span> <span class='ocrx_word' id='word_1_492' title='bbox 597 4125 656 4178; x_wconf 87' lang='lat' dir='ltr'><strong>sola</strong></span> <span class='ocrx_word' id='word_1_493' title='bbox 673 4125 727 4178; x_wconf 86' lang='lat' dir='ltr'><strong>Ed.</strong></span> <span class='ocrx_word' id='word_1_494' title='bbox 747 4125 881 4180; x_wconf 84' lang='lat' dir='ltr'><strong>HWolfii</strong></span> <span class='ocrx_word' id='word_1_495' title='bbox 906 4129 1032 4194; x_wconf 86' lang='lat' dir='ltr'><strong>reperio.</strong></span> <span class='ocrx_word' id='word_1_496' title='bbox 1070 4122 1138 4176; x_wconf 87' lang='lat' dir='ltr'><strong>Rob.</strong></span> <span class='ocrx_word' id='word_1_497' title='bbox 1159 4140 1209 4175; x_wconf 88' lang='lat' dir='ltr'><strong>au·</strong></span> 
     </span>
     <span class='ocr_line' id='line_1_51' title="bbox 58 4191 1209 4265; baseline -0.005 -16"><span class='ocrx_word' id='word_1_498' title='bbox 58 4204 119 4249; x_wconf 90' lang='lat' dir='ltr'><strong>tem</strong></span> <span class='ocrx_word' id='word_1_499' title='bbox 138 4194 300 4265; x_wconf 83' lang='lat' dir='ltr'><strong>Stephanus</strong></span> <span class='ocrx_word' id='word_1_500' title='bbox 319 4192 419 4247; x_wconf 88' lang='lat' dir='ltr'><strong>eodem</strong></span> <span class='ocrx_word' id='word_1_501' title='bbox 437 4193 523 4264; x_wconf 85' lang='lat' dir='ltr'><strong>plane</strong></span> <span class='ocrx_word' id='word_1_502' title='bbox 541 4195 626 4248; x_wconf 89' lang='lat' dir='ltr'><strong>modo</strong></span> <span class='ocrx_word' id='word_1_503' title='bbox 645 4195 746 4258; x_wconf 83' lang='lat' dir='ltr'><strong>edidit,</strong></span> <span class='ocrx_word' id='word_1_504' title='bbox 771 4202 806 4248; x_wconf 91' lang='lat' dir='ltr'><strong>ut</strong></span> <span class='ocrx_word' id='word_1_505' title='bbox 824 4195 943 4265; x_wconf 89' lang='lat' dir='ltr'><strong>reliqui.</strong></span> <span class='ocrx_word' id='word_1_506' title='bbox 982 4196 1087 4262; x_wconf 68' lang='lat' dir='ltr'><strong>Magne·</strong></span> <span class='ocrx_word' id='word_1_507' title='bbox 1105 4191 1209 4246; x_wconf 86' lang='lat' dir='ltr'><strong>scribi-</strong></span> 
     </span>
     <span class='ocr_line' id='line_1_52' title="bbox 57 4260 1207 4338; baseline -0.007 -18"><span class='ocrx_word' id='word_1_508' title='bbox 57 4275 109 4320; x_wconf 88' lang='lat' dir='ltr'><strong>tur</strong></span> <span class='ocrx_word' id='word_1_509' title='bbox 134 4267 165 4318; x_wconf 88' lang='lat' dir='ltr'><strong>in</strong></span> <span class='ocrx_word' id='word_1_510' title='bbox 187 4267 260 4320; x_wconf 81' lang='lat' dir='ltr'><strong>Edd.</strong></span> <span class='ocrx_word' id='word_1_511' title='bbox 280 4264 308 4318; x_wconf 86' lang='lat' dir='ltr'><strong>S.</strong></span> <span class='ocrx_word' id='word_1_512' title='bbox 326 4265 362 4317; x_wconf 79' lang='grc' dir='ltr'><strong>Ε.</strong></span> <span class='ocrx_word' id='word_1_513' title='bbox 389 4273 419 4319; x_wconf 90' lang='lat' dir='ltr'><strong>et</strong></span> <span class='ocrx_word' id='word_1_514' title='bbox 445 4281 507 4317; x_wconf 82' lang='lat' dir='ltr'><strong>esse</strong></span> <span class='ocrx_word' id='word_1_515' title='bbox 532 4263 642 4316; x_wconf 89' lang='lat' dir='ltr'><strong>dicitur</strong></span> <span class='ocrx_word' id='word_1_516' title='bbox 665 4266 742 4333; x_wconf 84' lang='lat' dir='ltr'><strong>apud</strong></span> <span class='ocrx_word' id='word_1_517' title='bbox 767 4266 941 4318; x_wconf 82' lang='lat' dir='ltr'><strong>Lambinum</strong></span> <span class='ocrx_word' id='word_1_518' title='bbox 964 4267 996 4318; x_wconf 92' lang='lat' dir='ltr'><strong>in</strong></span> <span class='ocrx_word' id='word_1_519' title='bbox 1023 4282 1114 4338; x_wconf 78' lang='lat' dir='ltr'><strong>marg.</strong></span> <span class='ocrx_word' id='word_1_520' title='bbox 1133 4260 1207 4314; x_wconf 81' lang='lat' dir='ltr'><strong>Edd.</strong></span> 
     </span>
     <span class='ocr_line' id='line_1_53' title="bbox 57 4331 1255 4411; baseline -0.008 -20"><span class='ocrx_word' id='word_1_521' title='bbox 57 4337 155 4391; x_wconf 74' lang='lat' dir='ltr'><strong>hamt</strong></span> <span class='ocrx_word' id='word_1_522' title='bbox 176 4344 205 4392; x_wconf 91' lang='lat' dir='ltr'><strong>et</strong></span> <span class='ocrx_word' id='word_1_523' title='bbox 223 4336 310 4390; x_wconf 83' lang='lat' dir='ltr'><strong>Goth.</strong></span> <span class='ocrx_word' id='word_1_524' title='bbox 339 4336 374 4390; x_wconf 90' lang='lat' dir='ltr'><strong>In</strong></span> <span class='ocrx_word' id='word_1_525' title='bbox 391 4353 482 4411; x_wconf 77' lang='lat' dir='ltr'><strong>snarg.</strong></span> <span class='ocrx_word' id='word_1_526' title='bbox 501 4333 744 4389; x_wconf 57' lang='lat' dir='ltr'><strong>Verbstnmbino</strong></span> <span class='ocrx_word' id='word_1_527' title='bbox 770 4336 948 4391; x_wconf 85' lang='lat' dir='ltr'><strong>adscribitur·</strong></span> <span class='ocrx_word' id='word_1_528' title='bbox 968 4351 1106 4401; x_wconf 84' lang='lat' dir='ltr'><strong>magnum,</strong></span> <span class='ocrx_word' id='word_1_529' title='bbox 1131 4331 1209 4393; x_wconf 83' lang='lat' dir='ltr'><strong>aliis,</strong></span> <span class='ocrx_word' id='word_1_530' title='bbox 1253 4397 1255 4403; x_wconf 19' lang='lat' dir='ltr'><em>A</em></span> 
     </span>
     <span class='ocr_line' id='line_1_54' title="bbox 57 4399 1209 4478; baseline -0.007 -16"><span class='ocrx_word' id='word_1_531' title='bbox 57 4410 166 4477; x_wconf 72' lang='lat' dir='ltr'><strong>magne.</strong></span> <span class='ocrx_word' id='word_1_532' title='bbox 186 4407 261 4468; x_wconf 86' lang='lat' dir='ltr'><strong>Oliv.</strong></span> <span class='ocrx_word' id='word_1_533' title='bbox 282 4423 352 4462; x_wconf 83' lang='lat' dir='ltr'><strong>vero</strong></span> <span class='ocrx_word' id='word_1_534' title='bbox 371 4415 402 4461; x_wconf 91' lang='lat' dir='ltr'><strong>et</strong></span> <span class='ocrx_word' id='word_1_535' title='bbox 419 4405 466 4465; x_wconf 87' lang='lat' dir='ltr'><strong>Or.</strong></span> <span class='ocrx_word' id='word_1_536' title='bbox 490 4404 544 4478; x_wconf 83' lang='lat' dir='ltr'><strong>qui</strong></span> <span class='ocrx_word' id='word_1_537' title='bbox 565 4403 782 4464; x_wconf 62' lang='lat' dir='ltr'><strong>mantiniacum</strong></span> <span class='ocrx_word' id='word_1_538' title='bbox 806 4406 945 4463; x_wconf 54' lang='lat' dir='ltr'><strong>&gt;lectionis</strong></span> <span class='ocrx_word' id='word_1_539' title='bbox 968 4405 1137 4459; x_wconf 81' lang='lat' dir='ltr'><strong>varietatem</strong></span> <span class='ocrx_word' id='word_1_540' title='bbox 1164 4399 1209 4452; x_wconf 85' lang='lat' dir='ltr'><strong>in-</strong></span> 
     </span>
    </p>
   </div>
   <div class='ocr_carea' id='block_1_5' title="bbox 0 0 1426 5070">
    <p class='ocr_par' dir='ltr' id='par_1_7' title="bbox 0 0 1426 5070">
     <span class='ocr_line' id='line_1_55' title="bbox 0 0 1426 5070; baseline 0 0"><span class='ocrx_word' id='word_1_541' title='bbox 0 0 1426 5070; x_wconf 95' lang='lat' dir='ltr'><strong> </strong></span> 
     </span>
    </p>
   </div>
  </div>
 </body>
</html>
