2842 5070
148 244 151 249 ¹
189 293 250 381 uo
326 348 331 356 ,
401 288 631 357 cmunonus
651 286 899 357 nuscunou.
921 290 1151 359 usnemu.

175 459 291 546 *ligere
312 466 346 520 te
367 456 500 540 quidem
521 457 585 517 alia
606 457 675 518 ullo
695 456 838 525 dicebas.
866 457 1032 520 Revocasi
1052 459 1160 555 igitur
1182 462 1343 540 oportere
1375 521 1378 525 .

186 562 205 602 a
227 560 381 603 maerore
406 538 450 602 ed
474 541 709 626 cogitationem
732 541 909 619 bonorum,
938 549 1135 603 conueniret
1156 541 1242 602 mihi
1264 561 1342 623 cupa

86 625 87 629 ’
184 624 348 705 Epicuros
369 625 409 701 si,
432 623 513 705 quid
535 631 620 685 esset
640 623 775 699 bonum,
791 625 1004 694 conveniret»
1104 676 1107 680 ,
1199 669 1202 673 .

121 712 163 780 20
268 706 367 767 Dicet
387 707 525 788 aliquis:
556 703 660 768 Quid?
688 725 767 789 ergo
796 715 835 766 tu
855 706 1038 786 Epicurum
1072 705 1244 766 existimas
1272 706 1341 768 ista

185 789 344 866 voluisse,
377 797 435 848 aut
467 786 658 850 libidinosas
689 790 761 849 eius
790 790 894 851 fuisse
921 785 1120 851 sententias?
1157 789 1227 873 Ego
1256 791 1357 852 vero

123 862 129 874 '
183 872 330 934 minime.
375 870 486 932 Video
513 872 602 931 enim
624 871 663 931 ab
688 889 726 931 eo
748 870 816 932 dici
838 871 942 931 multa
963 890 1090 946 severe,
1118 872 1221 940 mults
1242 890 1341 953 prue-

184 955 284 1015 clare.
327 953 452 1034 Itaque,
482 961 521 1012 ut
542 971 639 1030 saepe
666 951 747 1028 dixi,
776 951 817 1014 de
838 955 992 1014 acumine
1016 957 1132 1038 egitur
1161 955 1247 1030 eius,
1272 971 1340 1013 non

183 1034 226 1096 de
247 1036 424 1110 moribus..
463 1035 625 1098 Quamvis·
643 1043 779 1117 spernat
807 1036 999 1116 voluptates
1032 1052 1098 1112 eas,
1127 1055 1208 1114 quas
1240 1034 1340 1098 modo

135 1271 136 1275 ,
185 1240 263 1275 snum
283 1230 397 1274 tantum
413 1222 535 1273 verbum
554 1221 663 1275 omittit
681 1238 755 1272 unus
774 1222 824 1274 Ox.
846 1251 879 1264 -
900 1219 975 1273 Gud.
995 1224 1020 1276 1.
1041 1238 1057 1271 a
1077 1225 1101 1276 1.
1116 1238 1154 1274 m.
1175 1221 1243 1288 quid
1261 1237 1339 1275 esse

183 1290 290 1346 bouum.
328 1295 362 1346 In
380 1293 437 1344 fine
457 1310 517 1361 cap.
538 1291 604 1345 Ced.
624 1291 698 1366 Aug.
717 1290 804 1344 habet
823 1309 884 1343 cum
901 1290 1019 1344 ueniret.
1057 1293 1116 1344 Mr.

252 1364 343 1417 Dicet¹
357 1365 477 1430 uliquist
498 1363 604 1420 Quint·
617 1378 687 1428 ergo
705 1368 736 1417 tu
754 1361 919 1431 Epicurum]
955 1362 1009 1413 Pro
1034 1361 1105 1415 dicet
1130 1359 1204 1416 Gud.
1226 1365 1250 1416 1.
1278 1367 1337 1418 al.

183 1451 222 1485 m.
243 1435 320 1488 dicit.
359 1435 560 1508 Interrogandi
579 1429 602 1485 si
625 1451 706 1498 nutu,
738 1451 754 1484 a
778 1450 853 1487 1ecc.
882 1433 948 1486 inde
967 1450 983 1487 a
1003 1430 1093 1484 Gebh.
1120 1436 1183 1484 fere
1208 1432 1339 1487 omnibus

204 1501 246 1557 bet
265 1509 333 1573 ergo
350 1505 476 1575 positum
495 1504 582 1577 (quod
600 1452 672 1557 iocit
691 1502 777 1562 etiam
795 1503 825 1556 G.
844 1504 937 1562 Beier.
957 1504 988 1555 in
1012 1503 1115 1558 Philol.
1134 1502 1251 1581 Paedag·
1276 1504 1337 1557 Lit.

181 1523 223 1627 bl.
245 1579 322 1632 1827.
342 1571 379 1629 ll.
405 1577 448 1630 24.
474 1594 503 1645 p.
523 1575 612 1640 me),
648 1592 715 1626 cum
738 1573 901 1630 anolfio
925 1582 955 1626 et
979 1573 1051 1626 Edd.
1070 1583 1141 1627 vett.
1165 1576 1249 1646 posui
1274 1583 1339 1646 post

183 1646 265 1712 Quid,
286 1647 362 1717 quod
380 1648 545 1699 faciendum
563 1664 621 1698 esse
639 1645 715 1698 vidit
735 1645 824 1699 etiam
840 1645 981 1698 Goerenz.
1002 1644 1037 1696 ad
1056 1644 1115 1697 cic.
1137 1644 1170 1696 de
1189 1646 1275 1697 Finn.
1295 1642 1333 1713 ΙΙ.

181 1720 207 1771 3.
229 1721 253 1770 7.
272 1734 301 1787 p.
324 1718 382 1771 120.
422 1717 598 1786 Quamquam
615 1715 721 1780 illude
745 1715 827 1766 Finn.
847 1716 911 1768 loco
928 1715 1145 1781 pecentissimus
1171 1716 1266 1783 editor
1291 1732 1337 1768 re-

182 1788 280 1839 stituit
302 1788 376 1847 Quid
401 1789 490 1854 ergo?
518 1803 636 1840 monens
666 1786 706 1837 ita
731 1784 965 1860 distinguendum
987 1803 1056 1853 esse,
1070 1786 1131 1848 ubi
1163 1787 1275 1857 aliquid
1302 1802 1336 1839 ex

182 1858 557 1934 superioribus·colligitur.
595 1858 674 1925 Quod
692 1865 726 1907 ut
744 1856 797 1909 illo
816 1859 880 1911 loco
899 1858 1037 1911 concedo:
1058 1867 1100 1910 est
1119 1856 1197 1910 euim
1215 1859 1256 1910 ibi
1274 1856 1293 1912 i.
1307 1876 1333 1929 q.

184 1928 260 1982 Quid
284 1935 352 1996 ergo
376 1929 421 1980 uis
446 1929 586 1998 amplius?
623 1928 816 1981 Nostroloco
843 1946 884 1995 ea,
910 1944 995 1997 quam
1020 1928 1158 1994 dedimus,
1187 1928 1335 1982 distinctio

181 2000 285 2051 melius
304 2000 459 2053 conuenire
478 2001 603 2056 videtur.
640 2001 719 2053 Unus
739 1999 788 2053 ox.
808 2015 860 2067 pro
881 1999 954 2054 0666
972 1999 1058 2051 habet
1076 2001 1155 2050 Amo.
1194 2002 1255 2057 Me.

253 2071 319 2140 Gap.
348 2073 391 2125 20.
434 2071 474 2122 Tu
497 2071 650 2137 Epicurum
675 2069 843 2136 existumas]
880 2071 974 2144 Vulgo
1009 2071 1207 2137 existimabas,
1239 2079 1269 2141 et
1295 2068 1336 2121 ita

45 2159 50 2166 ’
159 2140 300 2209 vquidem
326 2141 461 2210 plerique
482 2140 609 2194 codices.¹
638 2139 677 2191 At
701 2141 856 2207 sequendas
884 2141 971 2194 fuisse
996 2141 1122 2195 Manucii
1144 2141 1333 2208 Lambinique

182 2212 320 2264 editiones
335 2229 383 2276 *res
401 2212 462 2281 ipsa
480 2214 585 2277 docuit,
604 2219 638 2261 ut
656 2219 685 2263 et
703 2212 771 2262 Msti
789 2210 903 2262 Balliol.
923 2212 1085 2264 auctoritas.
1121 2212 1193 2265 Due.

252 2298 321 2348 ergo
341 2288 371 2333 tu
390 2282 541 2349 Epicurum
560 2279 715 2346 existimas]
751 2280 841 2332 Bouh.
861 2283 893 2332 in
911 2298 968 2334 uno
989 2283 1079 2336 Leid,
1093 2285 1206 2352 reperit
1234 2281 1334 2337 existi·

181 2352 284 2404 mabit:
305 2352 392 2421 idque
411 2353 478 2404 satis
495 2353 640 2422 probabile
660 2351 844 2404 existimavit.
878 2353 959 2405 Idem
977 2371 1006 2414 se
1023 2355 1165 2405 Ernestus
1182 2353 1336 2425 aliquando

182 2422 337 2490 coniecisse
355 2422 455 2488 refert.
492 2423 612 2493 Recepit
631 2431 737 2487 tamen,
757 2431 867 2492 etpost
886 2440 952 2475 eum
970 2439 1068 2485 omnes
1085 2440 1172 2495 rece,
1190 2440 1264 2476 cum
1281 2425 1336 2477 De·

181 2491 256 2545 visio
273 2492 422 2559 emittimus
439 2511 475 2546 ex
494 2495 561 2547 cod·
579 2494 651 2548 Ball.
672 2502 701 2545 et
719 2493 790 2546 Edd.
810 2493 874 2545 Ald.
895 2496 967 2546 Mun.
987 2495 1083 2547 Lamb.
1103 2492 1252 2548 Accedunt
1261 2495 1333 2548 Edd.

181 2565 263 2618 Beul.
292 2565 401 2618 Sturm.
426 2564 488 2616 Car.
502 2558 504 2562 ’
517 2565 617 2634 Steph.
642 2560 830 2633 Brut-sylb.
855 2565 902 2616 Fr.
928 2565 1010 2621 Febr.
1035 2566 1158 2620 HWolf.
1185 2566 1216 2617 in
1240 2571 1333 2648 inaug.

182 2636 286 2704 Neque
304 2636 472 2689 adversatur
489 2635 557 2688 God.
577 2638 651 2687 Mon.
673 2634 698 2685 2.
719 2635 750 2685 in
769 2649 825 2702 quo
846 2644 890 2687 est
907 2638 1027 2689 extumo.
1052 2636 1141 2690 liehd.
1166 2636 1253 2690 habet
1276 2651 1336 2689 eeu·

181 2704 317 2760 stimulus.
343 2706 434 2758 Vinci,
447 2708 489 2772 2,
511 2707 535 2758 oi
555 2700 628 2758 tides
651 2705 810 2778 collationi,
842 2705 999 2762 existimas.
1024 2737 1056 2750 --
1094 2709 1149 2759 Pno
1167 2708 1231 2761 istu
1244 2707 1344 2777 litmh.x

182 2779 308 2831 coniecit
324 2775 384 2828 ita.-
403 2777 489 2846 idque
507 2784 682 2846 receperunt
699 2775 772 2827 Lall.
793 2784 822 2827 et
841 2777 914 2831 Oliv.
940 2779 994 2830 Pro
1013 2779 1103 2842 fuisse
1121 2778 1265 2831 duo-Oxx.
1285 2779 1336 2831 hu·

180 2848 249 2900 bent
279 2862 339 2901 esse
369 2848 447 2900 Gud:
477 2850 628 2900 sententias
649 2846 746 2910 fuisse.
784 2845 827 2897 De
852 2845 981 2917 Epicuro
1002 2847 1126 2919 ‘eiusque
1151 2849 1336 2919 philosophia

183 2920 230 2971 Or.
251 2919 285 2971 ad
302 2919 409 2975 Wollii
427 2918 537 2970 scholas
554 2918 651 2969 laudat
670 2915 854 2970 Gassendum.
893 2917 967 2970 Sunt
985 2927 1081 2971 autem
1100 2918 1161 2971 eius
1187 2919 1246 2972 viri
1264 2919 1335 2972 libri

182 2990 316 3041 tresxhuc
335 2991 527 3058 pertinentes:
558 2989 668 3058 primus
694 2998 737 3040 est
763 2987 805 3038 De
824 2988 890 3039 Vita
914 2997 943 3040 et
959 2989 1086 3041 Moribus
1097 2987 1238 3059 Epicuri,
1266 2988 1349 3043 libri·

182 3068 255 3114 octo.
275 3061 328 3114 Ed.
341 3061 404 3113 alt..
418 3062 513 3134 liugas
533 3060 610 3114 eom.
631 3060 708 3115 1666.
727 3060 760 3122 45
779 3058 866 3109 altor:
886 3061 1040 3136 Syntugme
1047 3059 1248 3130 Philosophiae
1266 3062 1336 3131 Epi-

182 3133 246 3185 curi
265 3133 355 3185 tribus
373 3131 502 3202 partibus
522 3129 768 3200 comprehensum.
790 3129 816 3180 H
855 3165 862 3180 .
881 3129 961 3182 som.
981 3133 1060 3186 1659.
1074 3134 1109 3196 43
1126 3133 1246 3186 tertius:
1263 3131 1335 3185 Am

181 3204 294 3257 madvv.
313 3204 345 3254 in
362 3204 394 3254 L.
415 3205 448 3255 X.
468 3201 523 3255 Dio
544 3201 605 3256 enis
623 3201 741 3255 luenti.
762 3145 853 3272 leugati,
872 3200 933 3253 But.
955 3204 1031 3257 1665.
1052 3203 1106 3257 111.
1130 3205 1228 3259 Partes
1251 3205 1332 3262 f.;m.

111 3296 130 3335 χ
183 3301 216 3314 -
234 3277 288 3339 Pro
314 3273 397 3327 uideo
421 3291 495 3326 unus
593 3273 625 3324 in
647 3289 726 3340 seqq.
755 3272 825 3325 uidi.
849 3270 935 3323 Vind.
956 3274 992 3330 2.,
1009 3281 1039 3329 et
1058 3272 1131 3327 Gud.
1156 3273 1249 3327 multu
1265 3275 1336 3333 uim,

182 3347 236 3398 Per
257 3353 311 3396 unt
328 3345 383 3397 duo
402 3345 472 3397 Oxx.
487 3351 600 3397 s'eoeru
618 3349 652 3398 et
668 3343 764 3397 mua.
801 3339 893 3394 Verba
912 3342 946 3394 de
963 3344 1089 3401 acumine
1112 3345 1217 3399 molius
1242 3345 1335 3413 expli·

182 3425 229 3468 cat
272 3415 334 3467 eod.
353 3431 371 3464 a
387 3413 453 3478 Qu:
473 3415 575 3479 „Nam
591 3421 668 3465 totus
689 3421 733 3465 est
748 3411 900 3481 plumbeus
917 3422 946 3465 et
956 3411 1042 3467 hebes
1059 3413 1334 3485 inphilosophiafi

183 3503 269 3553 quesn
290 3483 375 3548 Bitt,
406 3484 461 3551 qui
484 3483 620 3554 exponit:
654 3498 722 3540 ,von
754 3482 1040 3552 seiuenphilos.
1075 3484 1332 3541 Subtilittiten,

103 3584 108 3593 ι
183 3557 260 3609 Gud.
276 3559 301 3611 b
321 3553 432 3609 omittit
449 3556 519 3607 eius.
541 3556 602 3607 ,Ριο
621 3555 717 3621 agitur
735 3555 805 3619 eius,
824 3553 900 3622 quod
916 3554 1023 3609 hebent
1039 3555 1130 3614 codd·
1145 3557 1209 3615 iere
1224 3572 1334 3622 munes,

84 3673 86 3678 ,
182 3628 230 3681 sed
247 3637 313 3680 ante
334 3617 424 3681 Geth.
445 3624 561 3679 nonnisi
578 3624 652 3682 Vict.
672 3633 704 3679 et
721 3624 788 3679 lloh.
809 3623 922 3693 steph„
947 3634 990 3678 est
1007 3628 1068 3680 eius
1092 3627 1193 3694 agitur
1216 3629 1247 3679 iu
1265 3628 1332 3683 rell.

181 3698 255 3750 Edu.
278 3705 360 3751 vett.⁴
378 3697 506 3765 itemque
530 3696 561 3748 iu
584 3695 670 3748 Godd.
695 3694 792 3751 [biisb.
821 3694 847 3747 A
889 3733 896 3746 .
927 3704 955 3748 et
973 3699 1050 3754 Mon.
1069 3699 1095 3753 2.
1131 3700 1263 3773 Penguut
1279 3699 1335 3757 duo

183 3769 251 3821 (lxx.
267 3773 303 3822 et
321 3782 389 3819 non:
423 3774 457 3818 ut
481 3767 574 3819 solent
592 3781 711 3836 semper
736 3783 849 3821 assuere
881 3766 983 3819 ibnarii
1000 3769 1034 3821 in
1052 3769 1335 3838 opposuissemus

182 3839 249 3891 satis
269 3837 439 3910 significata,
457 3837 622 3906 particulas.
648 3838 720 3892 Mr.
992 3886 995 3891 ,
1112 3845 1114 3848 “
1218 3860 1221 3867 ·
1251 3860 1255 3869 =
1327 3852 1331 3863 ·

254 3915 386 3981 Quamvis
410 3931 559 3992 opereat
586 3925 739 3993 uoluptates
762 3925 825 3992 eas]
868 3925 956 3981 0066.
990 3927 1059 4002 Reg.
1087 3928 1179 3995 blasi).¹
1208 3929 1335 3998 qtsumm'o

183 4001 384 4064 supernum.
405 3997 477 4048 Gud.
501 4001 524 4051 1.
551 3997 577 4064 (a
594 4001 620 4051 l.
640 4016 679 4063 m.
699 3999 824 4064 sperant)
849 4005 878 4049 et
900 4001 925 4052 2.
950 3996 1023 4121 Aup.
1044 4005 1183 4069 spernam.
1209 4001 1285 4054 Mon.
1304 4002 1331 4056 2.

183 4083 202 4119 α
251 4073 360 4120 tuetur.
386 4067 550 4129 Edd'Lull.
578 4075 607 4120 et
623 4068 699 4135 illic.
726 4074 907 4136 asperrumum
935 4084 993 4139 qno
1013 4103 1026 4134 ‚v
1041 4071 1064 4120 si
1083 4071 1153 4123 fides
1172 4069 1333 4134 solutioni,

181 4138 220 4190 ha
256 4147 288 4190 nt
307 4139 392 4190 etium
410 4139 465 4191 duo
484 4140 552 4209 0131.
578 4141 614 4191 ln
631 4154 691 4190 uno
707 4148 788 4192 certe
805 4140 833 4191 le
856 4140 909 4191 isse
921 4141 1040 4193 videtur
1048 4140 1116 4198 Dav.
1137 4143 1188 4212 (pii
1206 4141 1297 4196 inEd.
1307 4138 1358 4196 1&

181 4210 259 4262 idem
277 4210 364 4274 dedit,
382 4210 437 4262 hac
454 4211 636 4262 annotatione
655 4209 764 4262 additae
792 4158 855 4276 „ff
918 4226 978 4264 .ex
996 4211 1089 4287 glossa
1119 4220 1267 4283 sperent
1282 4226 1334 4284 svp-

182 4284 317 4350 duptam.-
353 4297 403 4333 nos
432 4278 575 4334 adscititia
608 4278 660 4331 illa
687 4281 813 4333 lectione
832 4290 958 4347 emota,
995 4299 1093 4335 veram
1117 4301 1149 4336 ao
1176 4285 1334 4359 genuinum

183 4352 409 4420 (aspernetur
425 4351 594 4420 cooptatos)
613 4350 669 4402 fide
688 4353 754 4403 lusti
771 4353 890 4404 Nervis.
911 4353 1109 4411 reduximus.“
1120 4386 1123 4390 -
1135 4354 1248 4407 Asoivit
1267 4353 1333 4406 indo

182 4429 347 4494 aspernetur
362 4423 545 4498 Verburgius.
571 4421 654 4475 vind.
677 4426 701 4478 l.
726 4422 879 4476 habetem
902 4423 1064 4491 uoluptates.
1094 4425 1192 4478 Duisb.
1222 4421 1333 4479 omittit
1381 4473 1384 4477 ,
