2842 5070
498 251 828 387 ‘munusue
1221 276 1354 373 αι’

94 520 98 527 .
130 482 251 619 tusqple
271 473 457 546 multorum
477 470 681 535 sedationem
700 469 874 534 maerendi
893 473 1055 536 afferente
1076 468 1165 553 apud
1185 489 1283 553 quem

131 556 179 619 ite
225 556 347 619 'tiburs
496 600 499 607 ·
1277 585 1280 591 ·

182 672 183 675 ι
295 640 441 718 Namque
459 637 552 700 nimis
570 635 906 716 multos-atqueomni
926 634 995 696 luce
1016 633 1164 696 cadentes

300 721 483 797 ἀπήναις
504 727 541 786 ut
561 737 648 780 nemo
667 719 773 797 possit
792 726 932 779 maerore
952 736 1077 778 uacare.

298 806 369 873 Quo
389 804 492 883 nugis
513 810 711 882 estnequam
733 801 861 863 tumulis
878 800 1028 861 mandere
1046 804 1224 877 peremptas

234 908 235 912 ¹
296 886 404 949 Firmo
426 886 539 961 animo,
562 893 594 946 et
616 883 732 946 Iustum
754 883 894 945 lacrimis
913 884 1011 965 finire
1029 881 1166 944 diurnis.
1256 927 1260 932 -

131 965 222 1050 Ergo
243 966 280 1027 in
300 974 466 1049 potestate
495 975 544 1027 est
564 966 712 1035 abiicere
744 963 904 1042 dolorem,
937 984 1040 1046 quum
1070 964 1166 1038 velis,
1198 970 1283 1023 tem·
1300 997 1346 1050 66·

94 1082 96 1087 .
132 1049 210 1129 pori
231 1051 441 1113 servientem.
484 1048 537 1110 An
568 1057 619 1111 est
650 1049 754 1111 ullum
778 1058 919 1131 ternpus,
950 1044 1121 1128 (quoniam
1149 1042 1283 1126 quidem

131 1233 239 1288 dieitur
256 1236 297 1289 ita
315 1237 347 1289 in
365 1237 432 1290 Cod.
452 1239 526 1290 Mon.
545 1240 571 1292 2.
591 1237 663 1290 Edd.
682 1239 711 1292 P.
730 1238 763 1287 Α.
782 1236 815 1288 Β.
835 1234 863 1290 S.
882 1235 918 1288 Es
936 1236 1006 1291 ven.
1026 1241 1115 1288 nostr.
1134 1231 1198 1285 Asc.
1214 1236 1238 1288 1.
1254 1235 1282 1288 2.

129 1308 210 1359 dunt.
249 1306 331 1371 Solus
351 1308 426 1361 Gud.
446 1310 471 1361 2.
495 1308 606 1360 omittit
631 1324 717 1376 auem.
755 1307 816 1359 Mr.
1327 1327 1329 1331 ¹

201 1383 284 1446 etque
306 1379 382 1432 omni
404 1379 465 1430 luce
488 1377 668 1443 cadentes]
706 1380 862 1443 „carentes
886 1384 968 1429 antea
990 1375 1149 1450 legebatur,
1183 1374 1283 1445 itaque

131 1448 223 1500 estin
241 1448 326 1501 libris
344 1449 423 1502 MSS.
460 1449 534 1501 Mihi
561 1458 656 1502 tamen
674 1449 769 1502 visum
786 1458 829 1502 est
846 1455 880 1499 ut
898 1446 1078 1501 emendarem
1097 1446 1228 1500 cadentes
1246 1462 1283 1498 ex

129 1518 250 1572 Homeri
267 1537 363 1584 versu,
383 1521 415 1572 in
428 1536 484 1588 quo
497 1527 539 1572 est
552 1528 709 1584 πίπτουσιν,
723 1519 831 1588 quodsi
874 1518 952 1571 ifieat
969 1516 1104 1570 emenrf‘
1124 1516 1154 1568 Ρ.
1168 1518 1282 1570 nunus.

129 1590 234 1654 „Hom
254 1586 399 1659 ἐπήτριμοι
416 1591 508 1657 ἤματα
524 1589 615 1644 πάντα
631 1595 789 1644 πίπτουσιν.
825 1536 933 1641 ’ἔξω
957 1586 989 1638 in
1013 1586 1143 1640 omnibus
1161 1587 1232 1638 Edd.
1253 1594 1283 1638 et

128 1660 207 1715 MSS.
224 1664 308 1714 'certe
324 1661 396 1713 Pell.
416 1662 554 1730 quinque,
572 1662 648 1714 Pitb.
668 1663 759 1714 Vatic.
779 1666 906 1715 careum
923 1658 971 1710 rel
988 1656 1144 1713 muntisf‘
1163 1655 1246 1710 Geta

139 1744 142 1748 ’
200 1731 324 1797 Namque
347 1731 434 1784 nimis
457 1735 560 1784 multoe
585 1739 665 1799 atque
691 1731 767 1785 amni
789 1732 847 1783 iace
876 1728 1002 1782 cadentis
1034 1727 1196 1794 Cernimus]
1233 1726 1282 1780 Sio

128 1801 370 1925 §susm
386 1803 516 1924 reret
954 1868 1271 1925 ..e
1330 1792 1332 1807 ’
1386 1880 1387 1883 ψ

200 1909 207 1922 .
659 1909 681 1936 .,
1151 1906 1157 1920 .
1200 1905 1207 1920 .
1273 1904 1280 1920 .

294 1947 368 2008 Aine
388 1941 442 2008 γὰρ
466 1944 560 1996 πολλοὶ
582 1947 628 1996 καὶ
646 1941 787 2013 ἐπήτριμοι
812 1941 902 2010 ἤματα
920 1937 1011 1992 πάντα

293 2010 508 2066 ΠΠΠῸΥΣΙΝ
514 2026 521 2042 ·
546 2007 613 2068 πότε
631 2012 677 2066 κέν
695 2035 733 2074 τις
750 2009 934 2065 ἀναπνεύσειε
951 2005 1069 2075 πόνοιο,

291 2085 367 2143 Ἄλλοι
387 2086 441 2154 χρὴ
459 2087 510 2138 τὸν
528 2085 588 2150 μὲν
604 2079 797 2149 καταθάπτειν,
824 2082 855 2142 ὅς
872 2098 902 2133 ιιι
919 2075 1033 2149 θάνῃσι,

293 2154 386 2223 Νηλέα
403 2156 497 2222 θυμόν
514 2156 637 2224 ἔχοντας,
660 2151 701 2208 ὄπ’
720 2154 805 2221 ἤματι
828 2149 1026 2222 δακρύσαντας.

128 2225 174 2278 Ad
190 2223 270 2279 huuc
286 2227 382 2280 locum
408 2226 536 2297 respexit
558 2225 665 2280 Seneca
685 2225 777 2294 Epist.
797 2224 899 2276 bxnl.
937 2222 973 2274 D.

199 2296 275 2350 omni
292 2300 350 2351 iure
367 2298 495 2349 cadentes
513 2295 668 2362 ιιιιιὶοιιιι]
684 2294 802 2359 .„1nss.
823 2301 852 2346 et
869 2293 941 2346 Edd.
956 2300 1031 2346 vett.
1057 2293 1120 2346 fere
1138 2297 1281 2347 carentese

127 2366 293 2420 referebant
311 2385 348 2419 so.
369 2368 403 2419 ad
421 2371 489 2420 lace.
509 2366 593 2418 male.
630 2365 714 2436 Apud
729 2367 888 2418 Homerum
907 2372 950 2416 est
966 2368 1123 2418 πίπτουσιν.
1144 2393 1177 2405 -
1215 2365 1281 2418 Mox

126 2452 182 2507 pro
200 2453 302 2490 vacare
318 2437 377 2490 MS.
398 2437 495 2490 Guelf.
515 2436 644 2489 carere.“
662 2437 731 2488 Era.
768 2435 872 2501 „Ornoi
894 2434 954 2486 tace
971 2435 1084 2503 poetice
1108 2435 1220 2488 dictum
1238 2442 1308 2492 est,

126 2523 183 2578 pro
201 2506 357 2577 quotidie.“
376 2508 476 2561 FAW.
497 2507 528 2558 in
545 2506 661 2560 sobolis.
686 2507 797 2558 Habent
815 2505 953 2570 audentes,
972 2504 1049 2573 quod
1060 2506 1160 2567 solum
1178 2523 1281 2559 verum

127 2585 180 2642 est,
202 2595 276 2630 unus
287 2577 348 2639 Ox,
367 2578 438 2630 Edd.
452 2577 516 2630 Ald.
539 2576 610 2644 [nou
623 2579 660 2630 Μ.
681 2579 826 2630 referente
845 2575 955 2628 Orellio
972 2576 1004 2626 in
1021 2574 1144 2641 schedis]
1163 2577 1279 2629 Lambb.

127 2648 217 2700 Goth.
236 2648 316 2701 Boul.
335 2649 416 2701 Brut.
437 2648 517 2718 sylb.
537 2647 622 2702 heod.
642 2647 705 2701 θαι.
725 2647 824 2716 steph.
845 2644 936 2698 Gebb.
956 2662 1035 2715 seqq.
1065 2647 1099 2697 ln
1118 2647 1184 2699 Cod.
1204 2647 1278 2721 Aug.

127 2727 172 2772 est
189 2735 251 2774 eum
267 2735 321 2789 pro
339 2719 422 2773 omni.
442 2719 530 2773 Rehd.
552 2717 635 2788 quid
651 2750 681 2760 —
697 2718 796 2786 aequi
815 2743 847 2764 .-
867 2716 983 2769 tunnulis
1000 2717 1135 2770 nudare
1149 2733 1280 2785 paren·
1310 2782 1312 2784 ,

127 2795 196 2844 ιιι.
225 2791 424 2843 Ρτοιοιαιιοιι
440 2799 499 2842 tres
518 2791 587 2844 Oxx.
607 2789 712 2842 dolore.
731 2790 806 2860 Aug.
832 2803 899 2839 oum
917 2787 1015 2840 Guelf.
1034 2803 1131 2840 carere
1153 2805 1215 2858 pro¹
1231 2804 1281 2840 aa·

126 2874 203 2912 aare.
223 2859 304 2911 Idem
323 2877 389 2912 cum
398 2860 472 2913 Gud.
485 2863 512 2915 2.
532 2876 637 2928 equum.
665 2859 811 2911 Posterior
825 2859 953 2911 eductam
970 2875 1023 2927 pro
1042 2861 1198 2913 etherium.
1217 2860 1279 2912 Mra

198 2931 276 2996 Erga
294 2929 325 2981 in
340 2936 477 2997 potestate
495 2936 536 2981 est
555 2956 588 2966 —
604 2930 745 2995 ponendae
771 2943 877 2981 curae
900 2928 1157 2994 aegritudinis
1174 2930 1279 2998 causa]

125 3001 262 3064 „Possum
280 3000 435 3050 aluoinnri:
455 2998 655 3067 sedquoniam
674 2999 776 3068 induxi
793 2999 931 3062 animum,
959 3016 1044 3072 agere
1062 3017 1129 3053 oum
1147 3001 1279 3054 studiosis

86 3126 92 3131 ,
126 3068 303 3136 simpliciter
321 3077 350 3120 et
365 3069 427 3120 sine
446 3070 521 3131 fuco,
540 3069 582 3120 sic
600 3069 703 3136 opinor
719 3070 834 3120 melius:
854 3069 933 3134 Erga
951 3068 983 3128 in
998 3073 1134 3135 potestate
1144 3077 1187 3122 est
1206 3071 1280 3122 abii·

126 3154 191 3190 eere
209 3139 342 3201 dolorem,
361 3155 422 3190 aem
436 3139 513 3202 neiis,
528 3137 653 3205 temperi
662 3139 841 3190 servientem:
859 3142 895 3189 et
914 3144 955 3191 est
972 3139 1058 3190 ulium
1069 3146 1182 3206 tempas,
1194 3156 1279 3208 quon·

125 3211 187 3261 iarn
204 3208 380 3274 quidemres
398 3209 430 3260 ιἰι
449 3214 544 3260 nostra
566 3214 704 3275 potestate
722 3214 776 3270 est,
800 3207 845 3261 cai
867 3223 922 3260 nan
945 3208 1087 3273 paneades
1113 3198 1315 3275 aegritu-s
1350 3249 1351 3252 η

127 3278 232 3332 diuis
258 3295 343 3332 causa
367 3278 545 3332 servimus?
577 3277 668 3330 Deleo
690 3287 786 3331 sutem
809 3270 921 3339 curae,'
940 3278 1008 3345 quia
1029 3295 1084 3330 nec
1109 3279 1140 3330 id
1157 3279 1279 3331 verbum

126 3351 269 3414 sententia
294 3350 444 3414 desideret,
479 3357 509 3401 et
533 3348 668 3415 deponere
696 3349 818 3400 dicimus
850 3347 1065 3412 aegritudinem,
1096 3364 1155 3401 non
1181 3364 1278 3402 curans

126 3420 324 3486 aegritudinis.
356 3420 493 3472 Additum
512 3418 688 3472 crediderim
702 3420 746 3479 ¹nb.
757 3419 919 3488 interprete
935 3417 1081 3488 imperito,
1099 3427 1134 3471 ut
1150 3420 1279 3495 aegritu·

126 3491 224 3543 dinem
241 3509 295 3560 per
312 3499 410 3543 eurem
430 3489 627 3559 explanaret.“
645 3493 680 3543 A.
701 3488 857 3544 Manutius.
1273 3515 1276 3520 ·

198 3561 277 3628 Ergo
295 3559 480 3628 inpotestate
498 3568 541 3612 eet
559 3559 681 3631 abiieere
699 3557 832 3623 ἀοὶοτιαι]
859 3561 934 3611 Mon.
954 3560 982 3612 2.·
1000 3558 1112 3612 omittit
1130 3567 1179 3613 est.
1201 3561 1276 3634 Aug.
1367 3563 1372 3570 '

124 3631 210 3684 habet
228 3640 271 3685 est
288 3630 320 3684 in
335 3638 480 3698 potestate.
501 3631 576 3684 Gud.
594 3634 621 3687 2
638 3649 674 3702 pe
714 3633 737 3682 ‘t
754 3633 844 3697 finire,
872 3629 920 3681 sed
936 3646 1022 3699 supra
1039 3629 1093 3682 lin.
1112 3629 1198 3682 habet
1216 3633 1278 3686 ubi·

124 3717 187 3754 cere
205 3710 234 3754 et
251 3702 292 3754 sio
310 3702 448 3754 scribitur
465 3702 497 3754 in
513 3704 588 3754 Mon.
609 3704 636 3756 2.
657 3649 790 3754 sigibarb.
820 3702 903 3755 Unus
920 3699 970 3752 Ox.
989 3699 1076 3753 babet
1093 3707 1125 3755 te
1144 3701 1273 3757 adiicere.

125 3771 280 3825 Subaudiri
303 3771 368 3822 vult
384 3772 438 3826 W.
465 3773 497 3824 in
521 3773 627 3826 sobolis
645 3771 766 3842 aliquem
784 3773 818 3825 sd
841 3788 870 3823 v.
891 3770 1027 3825 abiicere:
1059 3772 1108 3824 sed
1126 3790 1217 3842 quum
1233 3793 1276 3829 so-

125 3849 233 3912 quatur
250 3854 333 3910 quum
349 3840 429 3907 velis,
445 3842 551 3895 melius
568 3843 714 3897 subaudies
733 3849 770 3908 te,
793 3843 868 3912 quad
886 3858 953 3893 eum
971 3843 1003 3893 in
1020 3842 1152 3917 margine
1169 3844 1277 3899 adscri-

123 3911 227 4035 psisset
245 3909 349 3977 aliquis
368 3911 522 3981 interpres,
538 3913 572 3965 ab
591 3914 653 3980 illo,
673 3931 760 3983 quem
770 3913 840 3977 dixi,
860 3913 910 3966 Ox.
929 3921 1080 3982 receptum
1091 3923 1141 3967 est.
1160 3918 1234 3968 Mon.
1246 3919 1275 3972 2.

147 3981 213 4034 abet
230 3979 265 4032 s'a
283 3987 435 4045 tempore
452 3983 628 4036 uraiesstem:
655 3985 732 4054 quod
748 3993 791 4036 ost
809 3983 923 4035 absurdi
940 3984 1123 4050 correotoris,
1149 3985 1276 4039 locutio-

123 4070 192 4106 nem
209 4068 267 4105 non
284 4050 497 4124 intelligentis*
524 4040 655 4120 Temperi
678 4056 783 4109 seruire
806 4054 895 4106 dixit.
910 4053 998 4106 etiam
1019 4053 1122 4107 Cicero
1146 4057 1192 4110 Or.
1221 4073 1275 4127 pro

126 4124 199 4177 Sest.
219 4127 246 4188 6,
267 4125 308 4177 14.
328 4120 400 4190 Epp.
422 4120 457 4172 ad
474 4120 534 4175 Ae.
553 4125 631 4176 vul.
650 4128 676 4180 3.
695 4133 763 4193 post·
776 4123 935 4178 medrcod.
956 4123 1030 4175 Gud.
1048 4125 1147 4178 hebet:
1168 4135 1276 4195 tempus
1305 4183 1307 4185 .

125 4195 214 4249 ultum
232 4194 339 4261 quidem
356 4190 493 4258 quoniam.
524 4195 579 4245 Pro
597 4195 877 4262 nuntiationes.
898 4193 1013 4261 ρααπιΙο,
1026 4193 1105 4269 Aug.
1125 4198 1273 4263 quandamr

126 4266 158 4316 in
176 4264 230 4315 illa
247 4262 405 4334 scriptione
423 4262 544 4337 glossam
560 4262 655 4328 babes,
673 4264 705 4315 in
721 4263 777 4316 hae
795 4279 930 4316 errorem.
964 4263 1026 4316 Duo
1044 4265 1114 4319 Oxx.
1134 4267 1275 4317 omittunt

126 4340 233 4390 nostra.
269 4332 401 4387 Posteri
426 4351 499 4386 unus
526 4334 575 4387 Ox.
603 4333 713 4385 omittit
735 4350 804 4398 non,
834 4351 907 4386 unus
935 4333 1023 4387 habet
1049 4334 1272 4403 componendae.

126 4411 201 4481 Aug.
222 4421 264 4460 an
284 4421 352 4460 nan
373 4404 491 4462 cainan
509 4433 542 4445 -
561 4418 677 4470 causae
700 4405 873 4458 serviemus.
911 4405 972 4458 Mr.
994 4458 998 4465 ,

989 4512 1095 4574 .13*
1154 4548 1156 4553 2
