2842 5070
388 322 390 326 ·
478 290 607 356 LIBER
627 292 690 368 IV,
714 295 852 360 11.'12.·
1181 299 1245 367 317

90 456 172 520 ritia
205 459 353 542 opinatio
368 439 553 522 ‘vehemens
585 459 626 522 de
646 424 798 542 pecunia,
831 461 923 544 quasi
944 460 1040 524 valde
1061 463 1271 545 expetenda.
1347 472 1349 477 '

57 565 59 570 ·
91 542 147 619 slt,
168 541 346 604 inhaerens
367 550 401 603 et
421 544 553 623 penitus
564 543 680 606 insita:
703 544 884 625 similisque
904 551 955 606 est
976 544 1123 608 eiusdem
1144 565 1243 630 gene·

91 625 138 685 ris
170 625 320 686 delinitio
354 625 573 706 reliquarum.
634 624 874 706 offensionum,
890 636 1001 688 autem
1034 625 1242 690 definitiones
1251 629 1303 688 27.

39 752 45 774 .
90 714 168 766 sunt
190 707 365 785 eiusmodi,
395 716 434 768 ut
453 706 702 788 inhospitalitas
723 709 768 769 sit
788 710 903 790 opinio
925 707 1113 788 vehemens,
1146 709 1242 773 valde

89 787 285 873 fugiendum
307 808 377 850 esse
397 789 575 870 hospitem,
597 807 700 872 eaque
721 789 899 853 inhaerens
921 800 955 854 et
975 794 1107 872 penitus
1122 794 1240 859 insitas

90 870 313 954 similiterque
334 870 493 934 definitur
515 870 874 951 staineinaim,
908 884 947 936 ut
967 874 1145 958 Hippolyti
1152 894 1163 950 3
1196 882 1244 955 et,

88 961 127 1013 ut
148 951 312 1032 Timonis,
332 957 463 1036 generis
483 952 621 1019 inmani.

171 1034 280 1117 Atque
301 1048 340 1099 ut
360 1037 401 1098 ad
423 1036 623 1126 valetudinis
651 1035 904 1116 similitudinem
925 1039 1108 1118 veniamus,
1140 1045 1304 1124 caqu012
1356 1031 1358 1037 ¹

158 1226 236 1295 qnasi
252 1226 335 1288 ualde
353 1224 504 1293 expetenda
522 1225 573 1292 sit]
610 1224 723 1291 „Hanc
739 1226 897 1280 lectionem
914 1243 950 1280 ex
968 1226 1097 1280 Petrens.
1118 1235 1146 1281 et
1165 1227 1240 1283 Gan·
1345 1272 1352 1278 .

87 1295 157 1348 tabr.
178 1292 288 1366 iecspi.
308 1297 380 1349 Eam
400 1297 488 1349 etiam
505 1304 659 1366 praestant
673 1312 773 1351 omnes
792 1297 864 1350 editi
881 1297 1066 1364 vetustiores,
1086 1298 1145 1353 nisi
1161 1298 1251 1370 quod-

85 1367 155 1420 Ven.
178 1370 255 1422 1491.
276 1374 413 1438 corrupte
431 1373 644 1434 repraesentet:
673 1370 756 1437 qnasi
772 1368 855 1421 valde
873 1369 1042 1434 expectanda
1060 1369 1107 1422 sit.
1145 1371 1237 1424 Janus

87 1432 257 1491 Gebhardus
275 1453 309 1489 ac
327 1437 505 1490 recentiores
524 1435 672 1503 exhibent,
701 1441 782 1507 qnasi
795 1434 916 1507 pelenda
934 1440 979 1504 sit,
1006 1457 1093 1509 quam
1120 1439 1238 1539 quidem

86 1510 262 1576 scripturam
288 1524 325 1560 ne
350 1525 424 1561 unus
449 1503 579 1578 quidem,
612 1515 645 1560 ut
668 1510 816 1576 videtur,x
831 1508 985 1562 confirmat
1008 1507 1125 1566 ustus.‘
1161 1511 1234 1564 Das.

85 1579 116 1631 in
134 1579 190 1631 Ed.
212 1583 236 1633 l.

155 1649 243 1705 Quasi
259 1642 344 1703 valde
363 1648 523 1718 expetenda
540 1648 589 1719 sit]
626 1649 722 1736 Vulgo
742 1648 823 1720 qnasi
837 1651 959 1719 petenda
976 1649 1025 1703 sit.
1058 1650 1123 1705 Nos
1138 1641 1244 1706 auteml
1314 1698 1323 1716 ,

83 1720 239 1772 Msstorum
264 1720 322 1773 fide
340 1721 473 1784 nitimur,
496 1737 550 1774 nec
566 1721 664 1774 minus
683 1739 745 1790 ipss
763 1739 812 1789 τες
835 1737 893 1772 vox
920 1722 1036 1775 enims
1062 1723 1236 1776 recentiori·
1277 1742 1279 1746 ’

83 1790 137 1843 bus
165 1791 278 1854 omissa,
306 1788 520 1844 vehementiam
545 1809 594 1844 seu
616 1789 789 1860 σφοδρότητα
816 1791 944 1856 denotat,
972 1808 1044 1861 quse
1069 1792 1236 1846 definitioni
1257 1838 1260 1842 .

83 1877 203 1929 prorsus
228 1868 272 1913 est
294 1861 460 1914 necessaria.
498 1860 546 1913 Sic
569 1861 668 1930 paullo
687 1869 766 1933 post:
791 1869 820 1914 ut
838 1860 1053 1930 inhospitalitas
1074 1863 1114 1917 sil
1138 1865 1235 1932 opinis
1313 1928 1316 1934 ,

83 1930 233 1997 vehemens,
252 1932 358 1984 valde
374 1932 538 1999 fugiendam
557 1948 615 1985 esse
634 1930 772 2000 hospitem
790 1940 844 1986 etc.
880 1933 932 1984 D.»

155 2002 236 2071 qnasi
255 2003 375 2070 petenda
400 2001 465 2067 sit,]
502 2002 652 2068 „Plurimi
675 2003 762 2056 Codd·
782 2002 860 2063 MSS.
888 2005 919 2056 in
937 2001 986 2056 his
1005 2004 1092 2058 etiarn
1113 2004 1183 2081 Reg.
1204 1973 1256 2061 stx
1348 2021 1374 2071 J

20 2085 30 2092 “
82 2072 180 2126 Leidd.
211 2069 343 2141 itemque
368 2072 527 2126 nonnullae
553 2072 625 2129 Edd.
655 2082 726 2127 vett.
751 2073 868 2128 Davisio
896 2078 1007 2149 favent,
1037 2075 1119 2128 cuius
1144 2075 1234 2130 lectio

81 2143 199 2198 videtur
225 2143 424 2211 recipienda.“
448 2141 535 2196 Boni.
573 2144 647 2209 „Sit
672 2143 747 2198 eth.
769 2146 788 2197 l.
815 2144 969 2198 delendum
995 2154 1024 2198 et
1048 2146 1234 2201 scribendum

81 2214 243 2281 expetenda.
263 2213 303 2266 Et
322 2213 365 2266 sic
383 2213 462 2267 MSS.
482 2215 533 2285 qui
552 2223 580 2269 et
598 2215 707 2269 addunt
725 2217 814 2281 valde,
833 2224 866 2268 ut
885 2223 914 2268 et
933 2216 1054 2270 Guelf.“
1069 2217 1139 2270 Ern.
1157 2218 1234 2272 Nul-

80 2285 126 2338 lus
145 2302 182 2338 ex
199 2286 309 2337 uostris
329 2283 416 2336 Godd.
438 2302 504 2338 cum
525 2285 616 2338 Gebh.
637 2288 717 2351 iacit,
737 2288 820 2340 cuius
839 2286 995 2340 lectionem
1018 2289 1234 2357 reperim-non·
1271 2328 1274 2335 .

78 2355 136 2409 nisi
164 2356 196 2406 iu
212 2353 285 2407 Edd.
307 2355 397 2407 Gron.
418 2356 501 2410 Verb.
522 2355 581 2411 Alt.
619 2355 663 2410 Sit
686 2365 803 2426 praeter
825 2357 985 2411 Ernestum
1012 2374 1098 2412 nemo
1122 2360 1232 2427 omina

79 2425 138 2478 nisi
157 2425 240 2495 Bipp.
266 2433 295 2479 et
312 2424 428 2477 Mannh.
475 2429 541 2478 Mox
566 2429 641 2480 lllon.
662 2429 688 2480 2·
713 2427 829 2492 similis,
856 2428 962 2480 omisso
981 2444 1040 2498 que.
1077 2426 1141 2490 Duo
1159 2428 1260 2496 (lux.-

80 2496 221 2549 omittunt
245 2502 294 2548 est.
324 2498 400 2570 Aug.
426 2495 513 2549 habet
536 2499 651 2564 generis
667 2498 811 2557 eiusdem:
837 2497 979 2550 unusox.
1004 2498 1091 2551 habet
1109 2500 1232 2570 reliquo·

79 2582 149 2620 rum.
187 2567 287 2643 Pergit
313 2567 389 2619 Mon.
409 2569 433 2622 2.
460 2567 650 2633 offensionis.
678 2569 750 2654 Aug.
777 2569 1075 2635 diffinitionesautsm
1102 2571 1232 2635 atienae·

78 2653 150 2690 nom.
170 2635 234 2689 Duo
254 2638 323 2690 Oxx.
344 2638 486 2691 omittunt
504 2645 569 2692 sant
587 2639 653 2692 cuin
672 2639 770 2694 Dmsb.
798 2641 854 2694 Hic
873 2656 939 2692 cum
956 2638 1046 2694 Rehd.
1067 2648 1096 2693 et
1114 2642 1188 2694 lion.
1203 2644 1229 2697 2.

77 2708 164 2761 habet
187 2706 381 2761 huiusmodi.
409 2706 483 2760 Gud.
504 2714 528 2763 l.
552 2709 765 2764 eiusdemmodi:
792 2711 843 2764 sed
860 2709 973 2780 syllaba
991 2710 1085 2764 media
1113 2712 1234 2779 punctis·

76 2787 191 2832 notata·
223 2778 301 2844 Quod
326 2781 459 2847 sequitur
482 2786 514 2832 at
539 2782 617 2835 abest
642 2799 658 2835 a
680 2780 790 2834 duobus
809 2781 890 2844 Oxx,
919 2782 969 2849 qui
987 2781 1042 2834 lin.
1063 2796 1122 2848 seq.
1143 2780 1231 2834 omit·

77 2858 143 2902 tunt
163 2850 250 2902 etiarn
269 2866 335 2902 esse.
372 2851 427 2902 Pro
448 2866 490 2914 eo,
510 2852 587 2919 quod
606 2852 748 2921 sequitur,
767 2852 870 2919 opinio,
899 2852 945 2904 or.
966 2860 1000 2904 ut
1020 2848 1120 2921 paullo
1144 2868 1230 2920 sups-

76 2920 138 2972 rius
157 2921 277 2972 coniicit
296 2920 437 2986 opinatio:
465 2919 500 2972 ad
519 2920 594 2990 quod
613 2921 689 2975 idem
707 2922 860 2974 dicendum
887 2920 1013 2986 videtur,
1041 2921 1118 2991 quod
1142 2939 1230 2992 supra

76 2989 212 3042 diximus.
251 2990 344 3042 Verba
361 2989 507 3053 vehemens,
534 2991 616 3043 onlds
632 2990 793 3058 fugiendam
819 3007 877 3044 esse
900 2989 1032 3059 hospitem
1057 2991 1230 3046 exciderunt

76 3061 108 3111 in
128 3059 195 3112 Cod.
215 3061 290 3113 Mon.
311 3063 337 3113 2.
376 3060 429 3111 Pro
454 3061 649 3129 similiterque
673 3070 716 3115 est
738 3061 880 3124 simililer,
911 3070 1012 3115 contra
1031 3061 1119 3114 eodo.
1138 3059 1228 3127 MSS,

75 3131 107 3181 in
126 3129 197 3182 Edd.
218 3137 289 3182 vett.
310 3138 376 3182 ante
401 3129 491 3182 Gebh.
508 3126 648 3200 'exceptis
665 3133 704 3183 V.·
718 3131 787 3185 Rob.
812 3129 912 3200 Steph.
933 3131 1032 3186 Herw.
1071 3134 1138 3216 Μαι
1156 3131 1226 3189 God.
1250 3207 1255 3211 ἢ
1300 3140 1304 3144 “

74 3198 163 3256 llehd.
184 3200 314 3264 definitas
332 3202 450 3254 eliam.
473 3195 546 3253 'Mn
684 3254 688 3258 ,

131 3271 293 3329 „mulierum
317 3272 418 3334 odiam,
448 3276 480 3322 at
501 3270 656 3339 Hippolyti,
685 3278 720 3335 et,
744 3271 928 3334 atTimonis,
953 3269 1067 3338 generis
1090 3269 1227 3339 inmani]

72 3342 115 3394 De
140 3340 195 3393 hac
215 3340 419 3394 Genitivorum
443 3343 647 3395 'cumulatione
670 3341 728 3396 vid.
754 3344 799 3402 Jo.
822 3343 869 3395 Pr.
892 3343 1019 3396 Gronov.
1043 3342 1079 3395 ad
1097 3343 1160 3397 biv.
1180 3344 1225 3407 34,

72 3415 115 3468 26.
127 3414 161 3468 ·5.
180 3430 209 3481 p.
231 3417 289 3467 lli.
309 3412 354 3466 Ad
373 3431 399 3465 v.
421 3411 568 3481 Hippolyti
582 3413 656 3466 Ἐκ).
695 3413 756 3477 „ln
769 3412 872 3477 Atilii,
892 3413 946 3478 ait,
962 3412 1077 3482 opiner,
1096 3411 1226 3465 fabula.“
1247 3446 1252 3463 .

72 3483 155 3536 Unus
175 3484 224 3537 Ox.
244 3482 330 3536 habet
347 3491 378 3537 et
396 3483 552 3551 Hippolyti,
571 3484 646 3536 lllon.
666 3486 692 3538 2.
713 3490 742 3535 st
759 3484 892 3551 Ipoliti
909 3490 941 3535 st
963 3482 1096 3549 Timonis,
1116 3484 1224 3536 omisso

73 3554 166 3606 altero
184 3559 224 3608 at.
252 3555 340 3607 Marb.
366 3561 398 3606 st
422 3553 576 3623 yppoliti
598 3561 623 3607 st
642 3561 670 3607 at
697 3553 856 3623 symonis.
895 3554 1041 3608 Posterius
1060 3559 1092 3606 al
1111 3553 1224 3607 omittit

72 3625 160 3679 etiam
179 3624 246 3676 Cod.
266 3625 350 3677 Vind.
372 3631 396 3677 l.
434 3628 494 3679 Mr.
534 3686 536 3693 y
690 3634 694 3643 ‘
856 3682 857 3685 ,

143 3710 167 3746 c.
190 3697 233 3749 12.
267 3695 355 3760 Atque
377 3703 407 3748 at
431 3696 470 3748 nd
495 3694 731 3761 ualetudinis-1
766 3696 845 3749 llaec
868 3702 963 3749 autem
989 3693 1166 3753 valetudinis
1185 3695 1236 3753 si·,

27 3779 32 3784 ·
71 3764 209 3816 militudo
227 3781 244 3816 a
261 3765 376 3829 Laertio
395 3767 426 3818 in
445 3768 562 3820 zenone
580 3766 625 3818 his
643 3767 739 3820 verbis
760 3766 892 3836 exposita
913 3772 1022 3832 exstat3
1046 3767 1091 3818 καὶ
1114 3761 1152 3823 ὠς
1175 3765 1224 3818 ent
1238 3814 1249 3844 Ι

71 3839 121 3886 τοῦ
148 3834 273 3900 σώματος
298 3833 482 3905 εὐεμπτωσίαι
507 3836 577 3898 τινὲς
600 3837 736 3905 λέγονται,
760 3831 820 3891 οἷον
843 3834 993 3909 καιάῤῥους
1016 3838 1064 3893 καὶ
1086 3835 1223 3923 insipiam,

70 3904 143 3959 οὕτω
168 3905 237 3955 nial
261 3911 308 3972 τῆς
329 3912 424 3972 ψυχῆς
447 3907 517 3959 elom
541 3905 749 3980 εὐκαταφορίαι,
784 3903 844 3962 οἷον
869 3909 984 3980 φθόνοι,
1008 3907 1094 3978 ἔριδες
1120 3913 1166 3960 nal
1188 3926 1220 3959 τα

69 3976 262 4045 παραπλήσιαι
282 3976 387 4028 idest:
415 3977 508 4045 Atque
526 3986 558 4030 at
575 3981 701 4046 corporis
720 3981 854 4048 quaedam
870 3980 1063 4047 proclivitales
1082 3980 1232 4043 dicantar,
1282 3993 1286 3997 ·

69 4045 229 4101 cuiusmodi
246 4053 308 4098 sunl
326 4047 451 4111 gravedo
470 4053 496 4098 et
514 4051 650 4112 tormina3
676 4052 718 4101 sis
736 4057 762 4103 st
780 4053 810 4102 in
829 4050 921 4103 animo
939 4055 1002 4103 sant
1017 4049 1232 4117 prosiluimus,
1260 4055 1262 4060 ’
1306 4108 1312 4121 Ι

67 4126 97 4171 ut
114 4110 277 4181 invidentia,
302 4120 438 4170 contentio
464 4124 499 4169 st·
512 4119 629 4170 similia.
666 4119 749 4171 Unde
764 4119 970 4195 cognoscimus
998 4118 1152 4190 κατόῤῥουν
1171 4117 1221 4171 ci·

19 4209 24 4216 ·
68 4191 168 4241 cerani
188 4205 247 4241 esse
266 4188 447 4254 gravedinem
471 4205 520 4241 seu
544 4189 641 4256 potius
659 4189 844 4255 gravidinem.
882 4189 994 4242 Nonius
1020 4189 1097 4242 enim
1120 4187 1235 4255 graui.

68 4259 181 4313 dinosos
196 4259 248 4312 hic
266 4258 407 4333 agnoscit,
427 4259 569 4326 quomodo
589 4265 617 4310 et
635 4259 667 4310 in
686 4259 803 4328 scriptis
822 4258 906 4313 libs-is
929 4257 985 4311 hoc
1011 4275 1118 4312 nomen
1136 4260 1235 4319 inve,

68 4329 159 4394 nitur,
189 4331 224 4383 de
249 4346 306 4399 quo
325 4329 475 4381 Victorius
495 4328 528 4380 in
546 4326 629 4381 Varr.
655 4327 747 4381 Lecti.
767 4327 817 4384 lib.
838 4329 886 4381 lV.
907 4345 931 4381 o.
952 4328 1001 4383 8.“
1023 4331 1087 4383 Fre.
1107 4325 1219 4381 Falaris.

68 4397 108 4468 [p.
126 4403 169 4457 77.
190 4401 232 4456 ed.
252 4408 322 4476 Arg.
343 4400 421 4458 1609.
441 4397 483 4466 8.]
502 4397 686 4454 Transeundi
703 4398 861 4461 formulam
873 4399 964 4469 Atque
982 4405 1018 4468 nt¹
1032 4397 1120 4453 habes
1129 4396 1226 4465 ettam,

1371 2948 1379 2981 l
