2842 5070
542 295 767 391 ‚mesura
798 286 869 364 ιε’
971 354 976 363 .
1042 356 1046 363 .
1221 300 1286 371 sar.

134 463 315 546 uionesque
346 460 568 524 concordant:
600 480 704 545 eaque
734 463 839 525 animi
870 471 920 527 est
946 465 1076 539 virtues
1109 485 1205 547 quam
1227 468 1286 529 alii

133 548 238 628 ipsam
260 548 516 625 temperantiam
538 544 655 607 dicunt
676 565 758 621 esse,
781 547 837 606 elii
858 547 1141 627 obtemperantem
1162 557 1287 628 tempe-

133 631 264 693 rantiae
285 632 484 711 praeceptis,
513 637 549 689 et
568 647 641 690 eam
662 628 928 709 subsequentem,
958 651 1021 692 nec
1041 630 1215 692 habentem
1236 633 1288 693 ul·

133 712 199 774 lam
222 714 365 793 speciem
386 731 496 776 suam:
518 709 576 773 sed
596 712 668 773 sive
689 710 858 783 honsive
877 708 959 773 illud
972 715 1037 788 sit,
1065 715 1101 774 in
1123 714 1195 774 solo
1219 732 1287 775 esse

132 798 292 876 sapiente.
315 796 393 858 ‘Est
420 802 530 855 summ
562 792 721 876 quaedam
753 796 857 854 animi
884 797 1020 873 sanitas,
1042 815 1134 875 quae
1166 797 1202 856 in
1235 797 1286 856 in·
1313 818 1316 823 ·

90 1029 95 1036 =
132 992 174 1046 sic
192 991 283 1047 animi
304 991 415 1044 sanitas
438 986 555 1043 dicitur.
601 989 775 1064 Distinguut
798 989 852 1043 Ed.
876 990 1032 1060 pleraeque
1054 998 1127 1046 vett.
1156 991 1287 1061 itemque

134 1061 225 1116 Gebh.
244 1062 316 1115 Era.
336 1067 509 1114 constamus.-
527 1058 637 1113 sanitas
655 1062 697 1115 sic
715 1061 805 1114 animi
831 1061 944 1115 dicitur.
984 1063 1058 1126 Cum
1077 1063 1149 1115 Dav.
1173 1064 1288 1117 faciunt

132 1131 216 1186 Scha.
243 1132 384 1187 FAWolf.
411 1128 502 1183 Nobb.
530 1129 603 1183 Tbn.
640 1132 704 1207 Ego
728 1150 765 1185 ex
789 1130 966 1202 Wopkensii
994 1134 1146 1193 sententia,
1176 1132 1287 1187 abiecto

132 1204 187 1257 illo
210 1211 249 1270 ut,
275 1201 361 1273 plene
384 1201 505 1254 distinxi
528 1201 671 1260 antusia.
706 1201 753 1255 Ad
773 1221 802 1256 v.
831 1207 874 1258 sio
898 1202 987 1257 animi
1011 1203 1119 1258 dicitur
1136 1203 1231 1260 Wolf.
1257 1204 1288 1257 in
1351 1205 1353 1209 ’

132 1273 238 1328 scholis
256 1272 417 1348 intelligit:
442 1273 484 1326 sic
502 1273 590 1327 animi
608 1276 802 1342 temperantia,
831 1272 1012 1342 εὐκρασία,
1039 1274 1147 1329 dicitur
1166 1272 1286 1328 sanitas.

133 1346 225 1402 Facit.
243 1344 302 1398 huc
321 1343 513 1397 Horatianum
532 1343 607 1396 illud
626 1343 684 1397 sat.
704 1344 742 1397 ll.
761 1349 788 1400 3.
808 1348 860 1401 158
880 1363 941 1415 sqq.

297 1417 430 1472 Quisnam
448 1414 542 1489 igitur
559 1415 662 1468 sanas?
687 1415 741 1471 Qui
760 1433 814 1469 nan
834 1418 945 1469 stultus.
974 1414 1049 1472 Quid
1066 1415 1191 1469 auarus?

297 1486 404 1540 Stultus
422 1491 449 1538 et
468 1486 595 1540 insanus.
634 1485 728 1541 Quid?
746 1487 774 1538 si
792 1488 854 1555 quis
873 1503 924 1539 non
944 1484 988 1542 sit'
1002 1502 1119 1551 auarus,
1231 1548 1237 1554 ,

298 1557 438 1611 Continuo
455 1557 563 1610 sanus?
589 1556 721 1613 Minime.
761 1558 829 1622 Cur,
848 1557 960 1611 Stoice?
982 1557 1093 1612 Dicam.
1113 1564 1168 1610 etc.

132 1631 189 1685 Ubi
206 1629 272 1683 vide
291 1629 476 1698 interpretes.
500 1655 531 1664 -
551 1628 617 1681 Post
635 1628 778 1697 opiniones
796 1647 870 1680 unm
890 1629 940 1680 Ox.
961 1629 1073 1681 ornittit
1093 1643 1153 1696 que.
1190 1628 1252 1681 Mr.

203 1735 287 1787 eaque
305 1718 394 1771 aninti
412 1722 453 1768 est
470 1715 598 1781 virtum]
635 1716 720 1782 Edd,
739 1727 856 1787 praeter
873 1718 971 1773 Hersv.
990 1719 1023 1771 V.
1048 1725 1078 1770 et
1095 1715 1288 1787 Rousteph,
1354 1726 1356 1733 '

131 1797 200 1843 ante
228 1791 312 1844 Grut.
338 1795 381 1842 est
408 1788 504 1840 animi.
540 1788 666 1840 Verbum
690 1795 731 1840 est
756 1790 896 1842 omittunt
913 1787 1004 1842 Rehd.
1024 1796 1055 1841 et
1071 1805 1146 1840 unus
1165 1786 1215 1841 Ox.
1254 1788 1289 1841 ln
1311 1805 1313 1810 ’

132 1860 219 1914 vind.
245 1863 271 1916 2.
298 1860 438 1912 scribitur
467 1856 557 1912 animi
581 1861 672 1915 uirtus
701 1866 751 1913 est.
796 1859 879 1912 Unde
902 1877 940 1911 ne
964 1858 1030 1928 quis
1057 1858 1140 1911 litem
1173 1864 1290 1914 moveat

133 1932 230 1985 Beieri
248 1946 330 1983 more
347 1930 436 1983 verbo
453 1927 643 1994 substantivo,
663 1929 741 1999 quod
759 1932 855 1984 abesse
873 1930 983 2000 nequit.
1005 1928 1080 1981 Gud.
1100 1931 1126 1983 2.
1151 1929 1238 1982 babet
1255 1944 1289 1981 ea

96 2052 103 2059 ,
133 2018 212 2071 quae.
249 2002 351 2077 Pergit
375 2017 448 2054 unus
471 1998 522 2052 Ox.
553 2017 619 2054 cum
646 2000 734 2054 Godd.
760 2001 945 2055 Marb.‘Gud.
967 2005 992 2056 l.
1012 2001 1038 2055 2.
1068 2014 1147 2066 quam
1172 2000 1287 2054 atium.

130 2075 207 2126 Mon.
229 2077 254 2128 l.
274 2073 387 2124 omittit
405 2073 504 2140 ipsam.
541 2070 639 2124 Duisb.
659 2071 748 2126 babet
765 2072 976 2141 temperantium
994 2069 1090 2124 dicunt
1107 2084 1169 2125 esse
1189 2069 1288 2140 ipsam.
1395 2090 1399 2094 ·

131 2144 213 2197 Unus
233 2143 283 2197 Ox.
304 2143 477 2196 dicuntur
495 2157 567 2196 esse.
604 2144 664 2196 Mr.
1196 2170 1201 2175 -

201 2214 258 2271 alii
274 2215 506 2282 obtemperantem
524 2217 729 2281 temperantiae
751 2213 921 2282 praeceptis]
959 2211 1028 2268 eod.
1048 2210 1124 2267 Gud.
1153 2212 1289 2281 obtempe-

130 2288 281 2341 rantiam
303 2285 501 2354 temperantiae
523 2288 695 2356 praereptis.-
732 2285 810 2356 quod
832 2288 955 2339 fortasse
981 2300 1040 2337 nou
1069 2283 1222 2353 displiceat
1250 2285 1288 2348 ei,
1316 2338 1319 2343 ,

131 2361 183 2428 qui
201 2358 383 2427 reputaverit
408 2357 495 2427 plane
520 2355 639 2408 eandem
666 2374 728 2410 esse
753 2364 929 2409 structuram
949 2373 994 2425 ap.
1016 2353 1075 2409 Cic.
1100 2354 1135 2408 de
1150 2342 1244 2430 begg.
1263 2355 1288 2421 1,

132 2433 175 2484 15.
196 2427 246 2482 422
271 2426 384 2480 iustitia
403 2432 443 2479 est
464 2427 662 2495 obtemperatio
681 2427 798 2499 scriptis
817 2427 930 2494 legibus
958 2426 1151 2495 institutisque
1171 2429 1289 2494 populo-

131 2517 209 2552 rums
228 2497 287 2550 nisi
305 2497 336 2550 id
354 2515 445 2550 unum
465 2496 591 2550 obstaret
609 2498 778 2557 maximum,
798 2497 875 2566 qaod
892 2498 924 2549 in
944 2496 1200 2551 similiserborum
1220 2513 1288 2550 con·

130 2571 308 2623 formatione
326 2576 439 2622 exstent
457 2567 573 2637 quidem
593 2568 752 2621 obseruatio
771 2575 797 2625 et
816 2569 1003 2633 obseruantia,
1022 2566 1174 2621 abeodem
1194 2569 1288 2622 obser·

130 2641 218 2694 nandi
235 2638 324 2693 verbo
342 2640 443 2692 ducta:
463 2637 496 2691 ab
514 2639 727 2708 obtemperandi
750 2639 838 2706 verbo
858 2637 1057 2706 obtemperatio
1087 2639 1214 2710 quidem,
1239 2639 1288 2690 ob·

129 2712 314 2779 temperantia
332 2727 389 2763 non
409 2711 489 2763 item.
527 2710 571 2763 Ad
589 2711 763 2764 senteutiam
781 2712 819 2762 ci.
838 2712 926 2780 supra
944 2711 992 2765 lv.
1011 2712 1036 2766 9·
1056 2713 1100 2766 22.
1134 2709 1216 2763 Unus
1235 2710 1287 2762 Ox.
1335 2718 1352 2726 ·

129 2782 218 2837 babet
235 2784 459 2849 obtemperantes.
497 2782 558 2837 Mr.
987 2824 992 2838 ,

201 2859 228 2905 ει
252 2870 314 2907 eam
338 2852 561 2921 subsequentem]
600 2851 671 2905 Tres
690 2852 761 2904 Oxx„
789 2859 850 2906 tres
867 2853 938 2907 Pell.
958 2851 1043 2906 Febr.
1069 2855 1145 2905 Mon.
1165 2851 1191 2906 2.
1211 2849 1290 2907 oud.

129 2927 156 2981 l.
175 2927 201 2979 2
222 2924 310 2978 ltlsrb.
330 2923 438 2975 etiam
457 2924 672 2990 subsequentem,
692 2926 765 2998 Aug.
785 2929 816 2975 et
836 2927 945 2979 etiam
964 2925 1051 2993 suta,
1069 2924 1145 2986 Mon.
1166 2924 1189 2977 1.
1211 2938 1287 2975 eam

129 2996 203 3047 subs.
232 2995 338 3047 omisso
363 2999 399 3045 et.
417 3046 420 3051 ,
437 2992 593 3062 Sequentia
618 2995 746 3064 explicat
763 2994 897 3049 Nissen:
928 2993 1000 3050 nibil
1024 2994 1139 3062 proprii
1162 2995 1287 3049 muneris

130 3063 280 3130 iubentem,
298 3071 497 3132 praeterquam
517 3066 591 3133 quod
608 3066 821 3133 temperantiam
839 3066 934 3119 ducem
955 3073 1088 3134 sequatur
1112 3064 1287 3129 (kain-ei·

131 3152 258 3218 genes,
287 3137 351 3186 fiir
378 3133 460 3186 sich
488 3134 743 3200 besteheudes,
771 3135 887 3199 Subiect
924 3135 1059 3200 [voleban
1089 3137 1205 3203 opinor,
1232 3134 1286 3189 ab·

128 3205 243 3271 ]εει]),“
269 3204 398 3262 Wolsms
421 3221 537 3273 quoque
564 3205 595 3256 iu
613 3204 720 3258 scholis
738 3207 858 3273 speciem
883 3223 960 3260 suam
984 3206 1112 3275 explicat
1128 3202 1284 3273 propriam.

128 3279 234 3330 Merito
253 3275 300 3333 Or.
320 3274 419 3328 adeas
439 3274 550 3329 scholas
568 3275 759 3345 reprehendit
782 3292 829 3329 eos
854 3278 907 3346 qui
926 3275 1126 3347 explicarunt.-
1154 3277 1206 3328 sie
1233 3275 1286 3329 sei

129 3350 209 3402 eine
233 3339 356 3401 blbtse
384 3346 469 3400 ldee
499 3346 612 3414 (qbne
640 3346 825 3411 Realitit)
850 3348 914 3401 rel:
951 3346 1045 3401 ohne
1070 3343 1205 3410 jedocb
1231 3347 1286 3398 ir-

128 3417 277 3495 gendwo
296 3417 565 3472 ibrAbbildzu
582 3416 706 3472 haben:
738 3417 807 3471 ooo.
837 3419 913 3472 Gud.
934 3422 962 3473 2.
988 3415 1104 3472 exhibet
1129 3416 1211 3469 iliam
1231 3413 1301 3485 pro‘
1364 3476 1367 3481 ,

127 3494 232 3555 uttam3
255 3501 319 3545 tres
344 3491 414 3543 oxx.
439 3505 517 3557 spem
541 3504 595 3560 pro
621 3488 748 3557 specim,
768 3507 803 3542 ex
826 3507 981 3561 perperam
1005 3489 1083 3545 lecto
1102 3488 1296 3558 compendio..

128 3563 201 3614 Mox.
221 3565 296 3616 Mon.
317 3566 344 3617 1.
363 3563 393 3615 in
410 3562 469 3613 saio
489 3567 543 3613 est
561 3561 693 3630 sapiente,
714 3559 813 3614 eodem
833 3577 943 3621 errore.
981 3561 1042 3614 Mr.

199 3651 248 3702 Est
266 3656 356 3704 autem
375 3652 511 3719 quaedam
530 3651 618 3704 animi
641 3649 778 3716 sanitas,]
816 3648 972 3715 „Turnebi
999 3649 1169 3702 coniectura
1196 3645 1286 3700 animi

128 3718 365 3773 insanitas-
387 3721 632 3790 insapientem
653 3754 686 3763 -
705 3721 788 3774 valde
807 3720 883 3773 mibi
901 3719 1059 3792 probabilis
1085 3720 1211 3786 videtur,
1240 3726 1285 3772 at-

128 3808 187 3863 que
214 3790 283 3843 adeo
326 3790 392 3844 lane
410 3793 521 3848 certa.“
543 3793 671 3847 Lambin.
695 3791 750 3862 (in
763 3793 882 3845 Omissis
898 3798 966 3861 post
984 3791 1018 3848 T.
1038 3792 1060 3844 1.
1087 3791 1129 3844 ed.
1148 3809 1175 3862 p.
1192 3789 1284 3855 lbbb.)

127 3863 217 3929 „Non
245 3809 343 3913 celabo
367 3861 519 3929 lectorem,
544 3883 591 3918 me
619 3866 649 3916 in
674 3865 825 3934 plerisque
851 3864 936 3916 libris
962 3862 1110 3917 veteribus
1141 3864 1283 3933 scriptum

128 3933 287 4002 reperisse:
307 3932 359 3983 Est
377 3939 467 3985 autem
485 3937 618 4000 quaedam
638 3936 728 3988 animi
745 3937 865 3999 sanitae,
885 3951 953 4005 quae
965 3936 1001 4010 'in
1013 3935 1188 4003 insipientem
1200 3934 1284 3987 etium

127 4007 220 4069 cadat,
248 4018 308 4055 cum
333 4007 477 4057 curatione
503 4012 529 4058 ει
550 4006 761 4074 perturbatione
785 4008 956 4061 medicorum
980 4006 1156 4061 conturbatio
1182 4007 1283 4058 mentis

126 4078 266 4141 aufertur.
306 4074 395 4140 Quam
421 4076 596 4145 scripturam
618 4078 762 4146 quianon
785 4074 866 4132 sidet
889 4095 949 4131 esse
967 4078 1154 4131 mendosam?
1179 4085 1207 4129 et
1225 4074 1283 4127 hoo

122 4149 331 4217 perturbatione
350 4165 364 4197 ε
384 4146 525 4215 scriptore
543 4147 665 4200 librario
690 4157 806 4202 errante
830 4149 975 4216 scriptum
999 4165 1061 4202 esse
1105 4156 1207 4217 ropter
1231 4162 1283 4198 vo·

125 4237 187 4274 cem
206 4219 387 4282 conturbatio,
407 4233 480 4286 quae
497 4219 631 4287 proxime
650 4220 788 4288 sequitur.
826 4219 919 4285 Quid?
948 4220 1054 4289 siquis
1077 4166 1154 4272 diem
1174 4236 1209 4271 ex
1225 4216 1281 4268 hac

124 4293 228 4344 vitiata
247 4290 393 4359 scriptura
411 4290 453 4341 sic
472 4306 531 4343 esse
549 4291 762 4360 reponendum:
789 4298 830 4342 est
853 4298 944 4344 autem
962 4292 1096 4361 quaedam
1125 4287 1217 4343 animi
1233 4301 1301 4337 sa-.

126 4366 210 4426 nitus,
239 4378 310 4432 quae
335 4359 365 4413 in
387 4360 564 4427 insipientem
590 4363 676 4414 etiarn
699 4362 791 4425 cadat,
817 4378 879 4414 cum
901 4366 1044 4419 curatione
1067 4361 1238 4413 medicorum
1255 4363 1281 4408 et

121 4434 341 4502 purgatione
358 4432 533 4489 conturbatio
549 4432 653 4487 mentis
668 4436 805 4511 aufertur.
838 4431 895 4489 Sed
912 4434 980 4491 Adr.
1001 4431 1154 4489 Turnebus
1171 4443 1278 4487 novam
