2842 5070
378 333 380 337 ¹
445 289 881 396 =1.1eon1v,ao..s
957 335 972 349 ..
1047 334 1076 379 a
1211 313 1277 389 tta

244 482 356 552 Moidr
376 480 454 546 mita·
472 480 579 560 moles,
600 450 908 545 triturationem
925 480 1080 557 malumst
1133 494 1145 528 '³
1178 555 1181 560 ¹

249 567 313 636 Qut
335 564 424 629 illiue
444 564 588 627 acerbum
612 563 667 626 cor
689 563 877 625 contundam
899 569 931 624 et
953 562 1159 645 comprimam.
1247 594 1248 598 ,

121 649 222 736 Quae
234 652 342 734 igitur
364 650 446 710 hacc
468 651 536 710 erit
556 643 680 709 molest
702 644 781 707 audi
802 644 999 743 Thyestemt

127 773 394 785 o——an-—e-n-v--u—
545 770 1261 783 *nnn—mmm..—
1269 770 1276 781 ο

194 833 369 888 miscendam
386 833 501 901 mnam]
529 833 579 887 Sic
595 834 704 886 iterum
722 830 857 903 loquitur
874 831 977 886 Cicero
995 831 1079 886 Catil.
1099 831 1146 885 lv.
1167 848 1227 901 cap.
1246 835 1273 888 3.

122 907 236 958 Pariter
254 906 396 958 Phaedrus
415 906 467 957 lib:
484 906 506 957 1.
526 905 593 961 Fab.
612 906 656 960 28.
695 904 778 958 Hosti
800 903 929 957 dolorem
950 903 1052 956 domno
1071 903 1193 956 miscens
1211 918 1276 956 auo·

122 969 229 1042 gattula.
266 977 325 1029 Hos
350 984 446 1028 autem
467 993 566 1028 versus
590 975 697 1045 repetit
719 982 817 1026 noster
839 974 873 1027 de
899 974 974 1026 Orat.
1001 974 1052 1026 lib.
1072 974 1125 1028 111.
1148 991 1214 1043 cap:
1230 977 1274 1032 te.

123 1047 157 1099 'tic
174 1049 224 1099 lib.
245 1048 299 1100 ΙΙΙ.
319 1046 354 1097 N.
375 1048 408 1099 D.
433 1062 493 1115 cap.
512 1049 555 1101 ld·
582 1053 611 1098 et
629 1044 711 1096 Accii
727 1044 866 1097 videntur
882 1060 918 1097 ex
936 1045 1024 1099 Atreo
1041 1045 1147 1098 fabula.
1184 1044 1219 1097 D.

193 1115 295 1171 Maior
312 1115 384 1170 mitt
401 1119 487 1169 moles
506 1117 556 1182 -—]
586 1115 805 1181 „Consimiliter
821 1115 896 1184 apud
912 1114 1050 1168 Senecam
1068 1114 1185 1168 Atreuaz
1274 1144 1278 1149 ·

288 1189 364 1254 Age,
384 1190 483 1250 anime,
508 1187 564 1251 fac,
589 1186 662 1254 quod
679 1185 758 1238 nialla
773 1185 927 1253 posteritate
943 1187 1048 1253 madet,

214 1256 219 1267 “
290 1258 347 1310 Sed
365 1257 441 1310 nullo
460 1262 558 1310 taceat.
596 1256 721 1324 Aliquod
740 1257 896 1310 audendum
919 1263 960 1309 eat
979 1259 1059 1323 nefor

288 1329 392 1394 Atrox,
411 1334 564 1392 cruentum,
583 1330 648 1392 tole,
668 1327 740 1395 quod
756 1329 851 1392 frater
868 1343 943 1379 meua
1116 1390 1120 1396 .

289 1398 376 1450 Suum
394 1415 451 1450 eoae
470 1399 558 1451 molit.
579 1429 612 1439 -
642 1397 775 1450 Berootd.
812 1398 917 1450 Versus
935 1405 1002 1448 sunt
1022 1398 1168 1454 tot-195.
1188 1397 1279 1455 Wol-

123 1469 178 1520 fius
197 1468 229 1518 in
247 1468 353 1520 scholis
371 1470 412 1520 ait
430 1469 525 1521 rideri
542 1468 628 1520 hosce
636 1485 737 1520 versus
757 1465 866 1531 [Maior
879 1465 950 1520 mitt
969 1468 1035 1534 etc]
1057 1469 1171 1534 exalia,
1190 1485 1276 1538 quam
1321 1506 1324 1510 -

122 1539 244 1608 priores,
269 1539 415 1612 tragoedia
440 1545 555 1592 sumtos.
581 1541 628 1592 Or.
648 1537 766 1590 dubitat.
795 1537 867 1590 Mihi
885 1555 939 1591 cur
956 1537 1042 1602 idem,
1061 1539 1137 1609 quod
1154 1539 1288 1604 Wolfio,

123 1610 263 1672 videatur,
298 1627 383 1678 supra
410 1611 480 1661 dixi.
526 1609 650 1680 Scripsit
672 1609 724 1664 W.
753 1626 788 1678 est
816 1609 875 1662 cic.
901 1609 935 1677 de
960 1609 999 1660 NJ
1022 1608 1056 1660 D.
1084 1610 1137 1664 lll.
1160 1611 1206 1666 26.
1220 1613 1279 1666 -68ε

123 1680 298 1732 rnirceodum
322 1679 369 1732 ’tt
390 1682 504 1742 matum,
536 1697 659 1748 eumque
682 1680 862 1732 secutisunt
888 1679 972 1732 Schz.
993 1679 1039 1734 Or.
1060 1680 1150 1733 Nobb.
1169 1680 1278 1747 [sedis

122 1752 159 1802 'et
187 1751 300 1802 uncinis
328 1749 458 1816 inclusit]
482 1751 554 1802 Tbn.
591 1753 654 1824 Ego
680 1750 712 1800 in
730 1751 859 1802 omnium
881 1751 1025 1803 librorum
1045 1755 1185 1804 consensu
1202 1750 1278 1803 mihi

117 1822 182 1873 'no'n
200 1821 290 1875 licere
309 1821 384 1873 idem
405 1822 575 1886 existimavi,
594 1838 662 1874 cum
680 1820 754 1873 ferri
770 1822 860 1890 possit
879 1837 979 1873 eorum
993 1822 1126 1891 scriptio.
1154 1821 1280 1874 Miscen-

125 1892 192 1944 dum
211 1908 277 1944 cum
297 1892 331 1943 ad
349 1895 463 1946 niatum‘
481 1891 579 1961 (quasi
603 1891 761 1955 venenum)
785 1909 845 1944 nec·
856 1907 927 1944 vero
951 1892 986 1944 ad
1002 1893 1102 1945 molem
1120 1909 1149 1944 se
1167 1908 1280 1944 accom-

123 1963 231 2028 modet,
262 1964 367 2015 merito
395 1964 426 2014 in
444 1963 499 2015 hac
525 1964 672 2016 locutione
697 1976 817 2037 zeugma
841 1979 900 2015 esse
923 1971 1022 2015 inonet
1040 1963 1093 2018 W.
1107 1962 1277 2014 'in-scholis.
1338 2008 1344 2017 .

123 2035 190 2086 Post
206 2031 299 2089 moine
317 2034 478 2086 Cod.‘Gud.
497 2037 524 2089 2.
544 2035 653 2104 repetit
670 2031 749 2089 mitt.
769 2059 804 2072 -
829 2031 894 2088 ’Θαΐ
910 2035 981 2104 poni
997 2039 1101 2103 pro-ut
1119 2033 1161 2086 ait
1174 2033 1227 2088 W.
1240 2033 1280 2084 ¹in

125 2103 238 2155 scholis.
276 2104 368 2156 Addit
383 2105 428 2157 Or,
449 2105 658 2157 conferendum
676 2120 735 2156 esse
752 2105 904 2179 egregium
921 2102 1048 2157 Bentleii
1066 2103 1280 2156 ad'l'erentium

125 2170 250 2226 indicem
273 2193 302 2229 v.
322 2175 379 2244 qui.
410 2175 563 2240 [nimirum
581 2175 639 2242 oui.
664 2181 695 2227 ut
721 2177 836 2245 p.·'749.
861 2192 902 2243 sq.
926 2175 976 2228 ed.
1004 2169 1093 2245 Lips]
1129 2175 1191 2227 lam
1208 2189 1282 2227 vero

123 2244 183 2297 vid.
204 2247 230 2297 J.
251 2246 284 2300 A.
304 2247 446 2320 Hartung.
465 2246 545 2300 Ueb.
565 2246 591 2298 d.
612 2246 720 2298 Casus
735 2245 870 2320 (Βήθης.
891 2248 968 2302 1831.
988 2246 1028 2309 8.)
1045 2263 1074 2315 p·
1094 2248 1157 2302 tot.
1182 2245 1242 2298 Mr.
1279 2256 1282 2261 ’

116 2339 118 2344 ·
197 2314 272 2371 (luae
290 2315 385 2382 igitur
403 2315 469 2369 boec
487 2317 542 2370 erit
561 2316 663 2370 molet?
682 2316 760 2382 audi]
796 2319 861 2381 „Ita
878 2317 1032 2368 Lambinus
1050 2315 1208 2369 censuitde
1231 2333 1280 2367 en-

122 2386 202 2439 dum.
239 2387 274 2438 ln
291 2388 417 2456 antiquis
435 2397 531 2439 tamen
543 2395 709 2440 constanter
726 2387 923 2440 multitudinis
941 2403 1061 2441 nurnero
1078 2387 1178 2442 femin.
1205 2332 1280 2441 gone

124 2456 219 2522 igitur
237 2455 303 2510 doec
321 2465 402 2510 erum
426 2456 689 2512 molest‘tSctoo.
726 2458 799 2510 Nod.
820 2458 879 2511 Cic.
900 2457 948 2510 lt.
970 2463 1012 2513 17.
1032 2475 1060 2526 p·
1081 2460 1143 2513 ³88.
1181 2458 1281 2522 „Quo

122 2527 217 2594 igitur
241 2525 308 2580 laec
331 2527 387 2580 erit
410 2529 504 2581 rnolea.
530 2529 623 2597 Gryp.
637 2526 737 2580 ·Cod.“
762 2529 844 2581 Brut.
873 2528 1106 2595 ,aaronitae
1125 2526 1177 2586 loe
1200 2534 1280 2581 erum

124 2597 232 2648 moles?
253 2625 285 2636 -
322 2599 423 2650 Vatic.1
442 2614 512 2668 quoe
537 2599 630 2666 igitur
643 2596 738 2651 daec
759 2605 841 2652 erunt
863 2599 987 2652 moleri,
1008 2597 1148 2652 Sic-laec
1165 2597 1197 2649 in
1214 2598 1280 2651 aliis

123 2666 208 2719 libris
226 2669 301 2723 reni.
346 2669 404 2720 lur.
432 2671 512 2721 cuius
540 2670 685 2743 ignoratio
710 2669 830 2739 impulit
847 2669 1027 2734 Lambinum,
1050 2677 1093 2721 .ut
1116 2669 1282 2721 emendaret

124 2752 195 2862 puae
214 2739 306 2804 igitur
323 2686 392 2792 llaec
409 2742 464 2794 erit
480 2740 585 2793 molet?
609 2738 729 2799 Palatia.
754 2741 841 2810 prim.
862 2748 955 2807 quart.
976 2739 1069 2807 quint.
1101 2755 1165 2808 quo
1187 2738 1282 2805 igitur

145 2808 255 2930 oel(p‘1‘·.
276 2813 446 2932 &oppetunt
471 2810 579 2864 molet?
611 2809 736 2865 Secund.
763 2818 832 2865 tert.
860 2827 924 2879 quo
950 2807 1158 2878 igiturlcec
1184 2809 1282 2863 eruit

124 2896 169 2932 mo
182 2895 221 2935 ca.
307 2897 319 2930 e
357 2919 363 2932 .

197 2950 256 3013 Quo
284 2949 379 3016 igitar
400 2953 472 3005 haec
498 2951 625 3018 erumpit
650 2951 753 3018 molae]
789 2951 894 3026 Vulgo,
922 2969 992 3022 quae
1013 2950 1105 3020 igitur
1121 2951 1176 3005 hae
1195 2959 1283 3005 erunt

123 3020 221 3072 moles.
259 3020 296 3071 At
314 3023 382 3095 Reg.
403 3039 454 3092 quo
472 3023 564 3089 igitur
581 3020 649 3074 laec
666 3027 746 3074 erum
763 3023 856 3075 molet.
892 3022 964 3075 Pau.
984 3039 1039 3076 sec.
1059 3030 1127 3075 tert.
1151 3037 1205 3092 quo
1222 3021 1284 3090 iga·-
1357 3012 1360 3037 '

125 3097 179 3159 tur·
190 3088 258 3142 laec
275 3091 348 3143 erait
366 3096 466 3146 molet:
485 3093 561 3145 unde
580 3094 621 3146 cl.
641 3093 790 3145 Bentleius
807 3093 949 3167 sagaciter
967 3093 1139 3146 emendarit.
1152 3108 1205 3160 quo
1223 3093 1283 3160 igi·

106 3169 173 3214 tur
189 3158 257 3213 boec
283 3165 381 3231 erupit
406 3167 502 3217 motet.
526 3163 611 3216 Cum
629 3179 698 3215 vero
717 3163 865 3216 Pithoean.
884 3163 934 3216 det
946 3179 1076 3233 -quorum
1101 3161 1194 3232 igitur
1216 3161 1284 3216 loeo

125 3237 206 3284 eruut
225 3232 319 3295 melea,
338 3235 434 3285 forsan
445 3235 546 3288 Cicero
567 3233 693 3303 scripsit,
712 3249 843 3302 quorsum
860 3232 957 3302 igitur
975 3232 1042 3288 loeo
1053 3233 1173 3303 erumpit
1188 3234 1283 3288 molet.

123 3301 196 3354 Vide
219 3302 257 3352 sis
284 3303 421 3356 adTusc.
441 3306 527 3369 1,25.
565 3305 601 3357 Ι).
778 3341 782 3347 -
807 3345 809 3350 -
1171 3333 1176 3357 z
1256 3350 1260 3357 .

134 3407 136 3410 -
196 3374 272 3428 Quae
290 3373 382 3440 igetur
400 3373 452 3427 lae
470 3381 550 3428 eruut
568 3371 689 3442 moleri]
718 3376 837 3440 „Placet
853 3375 980 3429 Bentleii
997 3372 1173 3431 correctio.“
1184 3371 1281 3427 Βοιώ.

125 3444 252 3513 „Recepi
270 3445 395 3499 Bentleii
414 3446 645 3498 emendationem
663 3462 678 3497 e
696 3446 783 3498 Palat.
804 3463 859 3498 sec.
879 3455 909 3499 et
926 3446 1052 3519 eregiis
1069 3443 1148 3501 MSS.
1168 3444 1206 3499 in.
1219 3444 1284 3514 qui-

87 3555 92 3559 .
124 3514 175 3566 bus
201 3515 339 3567 scribitur
366 3532 418 3584 quo
442 3516 538 3584 igitur
565 3514 632 3568 daec
660 3517 733 3568 eruit
755 3516 890 3570 molet?“
914 3514 988 3567 Lolt.
1034 3517 1117 3590 „Ego
1138 3514 1282 3589 legerim:

105 3585 304 3708 iiiiii
322 3584 1286 3711 letti·'titttritt..⁹“t.'.t⁵²tttt‘ttt‘tttt

174 3695 179 3707 .
303 3695 307 3705 .
346 3692 365 3721 „
626 3693 633 3708 .

125 3726 244 3778 obscure
263 3734 351 3794 patet,
376 3725 454 3778 banc
476 3675 571 3797 ipsam
596 3744 611 3779 e
634 3728 727 3802 glossa
749 3735 846 3779 natam
871 3745 941 3782 esse.
977 3727 1009 3781 Si
1032 3726 1195 3780 cui-werbe
1215 3742 1286 3796 opus
1333 3767 1334 3770 η

126 3813 186 3848 esse
204 3793 346 3862 videatur,
365 3796 390 3847 is
408 3796 559 3871 vulgatum
578 3799 687 3868 optime
711 3798 860 3863 retinebit,
886 3798 962 3868 quod
980 3798 1033 3862 rei,
1062 3814 1134 3866 quae
1152 3814 1286 3866 praesens

126 3884 185 3942 esse
203 3867 335 3940 tingitur,
355 3867 534 3936 aptissimum
544 3874 594 3921 est.
621 3867 670 3921 Sic
681 3870 706 3922 1.
716 3870 762 3925 44.
770 3872 830 3925 1⁰5.
851 3887 934 3938 quom
945 3871 995 3923 diu
1013 3866 1285 3922 iltceritllectorl“

126 3937 241 3997 Μυκη.
278 3938 343 3988 Non
367 3937 449 3990 male.
488 3939 549 3990 Mr.
1161 3976 1164 3982 -
1251 3986 1254 3992 .

199 4009 273 4062 Quae
292 4005 385 4072 igitur
402 4005 470 4061 daec
488 4007 544 4060 erit
561 4009 670 4062 moleri
679 4008 691 4075 ]
707 4038 710 4043 -
727 4008 760 4063 Si
777 4010 915 4064 licentius
934 4010 1083 4083 corrigere
1101 4008 1175 4063 mibi
1192 4009 1284 4063 licere

126 4078 333 4142 existimarem,
361 4094 426 4129 cum
453 4079 585 4132 Bentleio
611 4081 660 4133 vel
681 4080 795 4132 Davisio
815 4082 964 4134 ¹facerem:
998 4096 1084 4144 nunc,
1112 4095 1180 4131 cum
1204 4080 1286 4132 nulla

127 4151 190 4201 iere
209 4147 351 4200 librorum
367 4148 446 4202 MSS.
463 4149 551 4202 lectio
568 4149 654 4219 plane
672 4149 838 4215 satisfaciat,
856 4150 1042 4205 Wolfianam:
1053 4150 1204 4220 amplexus
1221 4167 1285 4204 suin

127 4237 194 4272 cum
212 4218 296 4272 Scbz.
318 4219 365 4270 Or.
384 4219 457 4271 Tbn.
485 4219 633 4292 vulgatam
647 4226 734 4274 erunt
760 4238 827 4273 cuin
852 4221 898 4275 Or.
928 4221 996 4274 inde
1021 4229 1115 4275 ortam
1138 4219 1285 4282 existimo,

127 4288 204 4359 quod
226 4289 341 4342 librarii
367 4304 467 4342 vocem
490 4291 581 4344 mola
598 4291 779 4360 num-plur.
814 4307 883 4344 esse·
902 4299 1059 4362 putarent·
1093 4290 1153 4346 Quo
1177 4288 1285 4345 habent

128 4365 253 4429 quatuor
271 4362 340 4414 Oxx.
360 4360 399 4414 Re
422 4399 428 4411 .
450 4359 654 4430 [quem-etiam
680 4360 786 4415 babere
804 4359 897 4430 erupit
922 4379 963 4417 eac
984 4359 1148 4422 collationis
1170 4367 1285 4412 nostrae

114 4429 163 4486 ¹od
180 4429 302 4484 ballein.
319 4377 486 4487 Etr-tieem
507 4431 625 4486 silentio
647 4431 781 4509 colligant
811 4428 1203 4502 ‚maod'certissisnofaloum
1220 4426 1285 4498 eat]
