2842 5070
186 294 228 357 10
384 289 612 358 CICERONIS
634 289 882 361 TuchLAN.
905 283 1136 360 DISPUTAT.

185 459 316 523 ctriuee
337 458 501 541 sepientis
541 477 583 522 ue
604 477 688 542 pree
707 479 743 521 se
763 460 936 539 tulerunt,'
956 431 1151 534 audiuntur,
1169 465 1338 548 leguntur,

184 540 398 618 ediscuntur,
431 547 465 604 et
495 543 530 602 in
555 549 732 604 seresount
766 543 897 623 penitus
931 545 967 603 iu
1000 545 1177 608 mentibus.
1229 544 1338 608 Quum

145 708 168 729 ¹-
186 643 269 686 vero
291 622 420 685 accedit
441 623 568 702 eodem,
590 626 686 706 quasi
707 627 868 686 maximus
889 624 1026 706 quidem
1041 629 1212 711 magister,
1234 647 1338 710 popu·

605 747 939 759 *oq-«mm—

185 806 308 860 tentism
326 807 365 860 ci.
385 805 490 859 Tusco.
510 805 547 858 11.
569 809 612 860 11.
631 808 675 862 tt.
695 808 744 860 ubi
762 806 821 861 vid.
842 816 932 861 nostr.
950 815 1046 864 annot.
1083 810 1138 863 Pro
1155 813 1283 878 speciem,
1303 828 1339 864 ex

180 878 357 948 compendio
376 883 441 931 erte
458 885 504 930 est
542 893 611 960 rave
627 878 757 960 scriptis,
769 895 845 946 spem
869 879 899 931 in
919 888 1044 948 quatuor
1061 880 1132 938 Oxx.
1150 879 1243 935 Rehd.
1263 882 1337 937 Gud.

172 949 306 1015 --iiou.·l·
325 948 350 1001 2.
387 947 489 1024 Pergit
532 946 605 1003 ureb.
625 954 781 1032 saptentiae
799 949 1002 1019 doctrinaeque.
1039 951 1098 1007 Mr.

160 1051 163 1063 ·
255 1030 373 1087 praese
389 1017 568 1084 tuterunt]
604 1015 752 1072 scribitur
767 1018 876 1073 horum
894 1021 1048 1076 verborum
1069 1020 1134 1075 loco
1160 1021 1191 1074 in
1210 1022 1337 1076 uner.

181 1087 577 1215 r‘tttt-„trtt
601 1098 635 1212 ”t
658 1091 1262 1217 sumrs‘tuurfrrtr
1286 1092 1338 1216 t·

204 1177 242 1213 eu
330 1181 387 1214 ‚s
463 1197 469 1212 .
554 1175 639 1216 πε.
723 1199 937 1220 .....
1034 1181 1137 1216 .uo.
1182 1180 1335 1217 eunos.

184 1230 251 1286 Asc.
273 1236 297 1286 1.
318 1233 343 1298 2.
363 1228 473 1301 liturm.
493 1230 560 1287 liob.
586 1229 686 1300 Steph.
705 1231 825 1286 Hwots.
845 1233 932 1288 Leod.
958 1232 1046 1303 idque
1068 1234 1229 1304 probarunt
1246 1232 1337 1287 Bouh.

185 1309 216 1357 et
232 1301 353 1357 Billerb.
373 1309 407 1357 ut
426 1302 471 1356 ele
529 1302 604 1355 tius:
623 1302 709 1355 mele.
740 1303 891 1357 Nissenius
909 1311 1021 1368 metra,
1040 1305 1143 1369 „lmo‚
1161 1305 1213 1370 sit,
1232 1306 1337 1369 ferant,

74 1428 76 1432 Α
175 1369 299 1444 ‘opinor
335 1371 392 1427 esa
415 1381 449 1425 ut
494 1373 579 1438 icem,
605 1371 681 1443 quod
699 1374 803 1437 sentio,
829 1373 986 1451 legendum
1011 1382 1083 1445 puto
1107 1377 1239 1440 tuterunt,
1266 1381 1338 1428 tum

185 1443 372 1498 audiuntur.“
407 1443 509 1511 Neque
527 1443 599 1496 haec
617 1442 780 1500 emendetio
798 1447 959 1503 necessaris
977 1453 1028 1498 est.
1066 1445 1250 1517 Receperunt
1267 1449 1339 1500 tute.

184 1517 246 1568 rint
264 1515 328 1585 Bip.
348 1522 378 1568 et
395 1513 538 1570 Fawolf.
559 1515 591 1567 in
608 1513 661 1567 Ed.
683 1519 708 1569 Ι.
728 1514 853 1586 indeque
870 1515 989 1572 Billerb.
1026 1515 1093 1581 Post
1121 1518 1251 1584 legaretur
1269 1517 1337 1570 God.

184 1587 266 1639 idon⁸>
282 1590 307 1641 1.
326 1585 426 1660 pergit
451 1591 478 1637 et
496 1586 652 1650 discuntur,
677 1578 751 1640 Edd.
772 1588 853 1643 Juut.
879 1585 911 1641 A.
931 1585 963 1642 Β.
982 1585 1011 1641 S.
1030 1586 1065 1639 Ε.
1086 1589 1240 1641 discuntur.
1267 1586 1336 1645 osc.

182 1654 381 1711 Rehd..lssbet
399 1656 538 1722 leguntur,
558 1656 673 1725 pesitus
694 1660 727 1711 iu
745 1658 879 1713 utentibus
903 1655 1048 1711 iubemus.
1085 1657 1152 1713 Post
1176 1659 1338 1712 ediscuntur

184 1728 270 1781 vind.
289 1732 315 1782 1.
343 1727 458 1781 emittit
481 1733 517 1780 et.
554 1725 630 1811 Aug.
655 1727 772 1783 exhibet
799 1728 995 1783 addiscuntur
1018 1727 1235 1784 risissent.
1271 1730 1338 1783 Post

181 1801 297 1868 ptuitur
313 1795 400 1851 Vind.
422 1801 445 1850 t.
466 1797 578 1851 omittit
595 1816 633 1852 sa.
665 1796 722 1853 Sed
740 1806 817 1853 emet
834 1799 1043 1870 repetitionem
1059 1800 1284 1871 praepositionis
1302 1801 1338 1854 sd

184 1869 273 1924 rerba
290 1868 449 1938 composite
467 1867 579 1934 cicere,
598 1877 629 1922 et
645 1867 703 1925 hoe
720 1869 783 1940 ipso
802 1870 893 1925 verbu
909 1889 989 1942 usus?
997 1871 1118 1941 scripsit
1134 1872 1169 1925 de
1186 1872 1222 1925 N.
1243 1870 1277 1923 D.
1298 1872 1336 1926 11.

182 1941 228 1996 tt.
243 1941 318 1995 ¹144:
338 1945 367 1992 ut
383 1941 422 1995 itt
438 1940 569 1996 sordidus
588 1942 708 2007 aurium,
733 1946 866 2010 tauquam
883 1942 920 1996 iu
936 1944 1023 2006 visco,
1048 1940 1334 1997 interseruerat.

183 2009 255 2065 Ate.
274 2009 377 2065 Tusce.
396 2011 419 2066 1.
440 2013 482 2067 1⁵.
501 2013 551 2068 :ide
568 2009 697 2067 indueret
714 2013 745 2065 iu
763 2011 900 2066 meatibus
918 2013 999 2080 quasi
1009 2014 1184 2065 saeculorum
1203 2012 1338 2079 quoddam

183 2085 334 2152 augurium
357 2083 524 2146 futurorum.
552 2082 599 2136 lv·
623 2085 665 2139 11.
690 2084 741 2142 24:
778 2079 906 2139 inhaeret
928 2084 962 2137 io
987 2081 1144 2137 uisceribus
1172 2081 1246 2137 illud
1277 2098 1338 2137 ma-

183 2156 250 2209 hm.
287 2155 347 2207 Mr.
972 2189 976 2194 -
1002 2194 1004 2198 .

206 2267 209 2271 .
256 2225 344 2280 Qum
370 2239 434 2277 uero
450 2223 732 2290 accedit-eodem]
769 2223 863 2290 „cum
888 2240 956 2278 uero
983 2222 1088 2289 eedem,
1120 2223 1203 2292 quasi
1228 2253 1261 2264 -
1288 2221 1336 2275 Sic

183 2296 295 2352 Victor.
320 2303 351 2350 et
376 2303 438 2351 tres
460 2294 531 2349 Pell.
555 2296 743 2365 posteriores,
777 2294 888 2349 extrito
912 2295 967 2348 ilio
991 2302 1058 2348 aute
1082 2293 1193 2358 eodem,
1221 2294 1335 2347 accedit.

183 2366 314 2420 Vstiosu.
338 2374 437 2420 umen
453 2374 523 2437 post
542 2366 662 2434 populus
679 2365 808 2421 additum
825 2363 911 2420 hebet
928 2363 1079 2420 accessit.“
1097 2362 1232 2420 Gebhard.
1250 2402 1252 2406 Α
1271 2364 1338 2429 „Ad

183 2438 274 2492 mbr
296 2452 357 2490 cum
373 2452 442 2491 sero
459 2438 553 2492 codrus
580 2453 597 2490 e
616 2436 761 2507 superiori
778 2437 868 2493 verbo
886 2438 1029 2502 accedunt,
1055 2435 1191 2521 intellige
1218 2438 1335 2492 accedit.

182 2506 318 2563 Davisius
343 2508 433 2562 etiem
463 2505 573 2563 eddidit
596 2508 630 2561 iu
656 2507 770 2562 textu.“
796 2509 866 2563 Ere
905 2507 939 2561 ld
963 2509 1087 2561 tortasse
1109 2510 1182 2561 iecit
1205 2507 1276 2561 Dav.
1306 2507 1337 2558 in

132 2608 135 2613 ·
182 2579 238 2633 ltu.
260 2583 284 2635 1.
305 2580 351 2634 ln
368 2596 447 2649 seqq.
472 2586 554 2635 certe
580 2579 689 2644 omisit,
716 2578 785 2648 quis
808 2580 951 2634 minirum
978 2594 1037 2632 nen
1066 2586 1108 2632 est
1127 2578 1158 2629 iu
1177 2576 1246 2630 (lod.
1265 2577 1335 2651 Reg.

182 2649 355 2705 Bouhierius
377 2651 492 2720 reperit
514 2649 622 2704 accedit
647 2651 679 2705 iu
706 2665 766 2703 utto
782 2647 863 2703 Lete.
891 2650 926 2703 iu
949 2666 999 2704 sus
1024 2647 1068 2703 ed.
1093 2656 1150 2705 vet.
1179 2648 1211 2699 in
1230 2647 1337 2702 duabus

181 2722 359 2776 Msuutieuie
385 2729 414 2777 et
430 2720 516 2778 Verb.
541 2720 629 2790 idque
652 2723 763 2775 fectum
784 2720 932 2789 probavit.
968 2719 1081 2773 Habent
1107 2718 1229 2773 verbum
1249 2717 1335 2771 Godd.

181 2795 268 2848 Rern.
288 2792 363 2849 eud.
384 2792 411 2845 2
429 2791 502 2866 Aug.
530 2790 588 2847 due
606 2790 677 2845 Oxx.
700 2788 792 2844 Reid.
812 2789 879 2860 (.qui
898 2790 1009 2843 omittit
1034 2789 1142 2854 eodan)
1169 2789 1243 2843 Gud.
1275 2790 1337 2859 (qui

182 2864 302 2920 exhibet
320 2863 481 2930 eodemque)
498 2862 598 2916 Duisb.
619 2860 663 2926 (in
682 2877 738 2930 quo
756 2861 1030 2928 praecediteodemi
1047 2860 1135 2916 Mart.
1155 2860 1228 2914 Edd.
1250 2861 1283 2917 A.
1303 2862 1335 2913 B.

183 2935 211 2990 3.
232 2935 267 2988 Ε.
288 2935 319 2990 G.
340 2937 375 2987 Μ.
394 2934 426 2985 L.
445 2933 519 2986 Edd.
546 2939 632 2996 vett,
657 2949 730 3000 quae
756 2930 792 2984 ad
817 2925 1025 2986 manusnobis
1050 2939 1127 2997 suut,
1151 2940 1217 2986 ante
1243 2931 1335 2987 Gebh.

182 3023 291 3062 omnes.
317 3005 463 3061 Omittuut
480 3002 590 3071 reliqui
608 3002 696 3057 Godd.
717 3002 846 3072 itemque
863 3002 937 3058 edd.
956 3001 1025 3056 Der.
1044 3002 1116 3057 Ere.
1136 3003 1337 3057 Restituerunt

182 3078 304 3147 reliqui,
319 3077 371 3132 Or.
391 3091 460 3132 vero
479 3081 509 3129 et
527 3072 601 3129 Thn-
620 3073 737 3131 uncinis
755 3074 948 3135 incluserunt.
965 3074 1040 3141 ‘Quo
1059 3075 1084 3129 si
1104 3075 1268 3149 significari
1286 3089 1335 3127 vu

182 3149 307 3203 luissent
329 3145 435 3203 habere
460 3143 537 3199 hene
560 3159 660 3199 vocem
687 3143 801 3213 aliquid
821 3144 946 3211 incerti,¹
968 3162 1035 3201 cusu
1060 3146 1135 3199 absit
1157 3145 1189 3198 ab
1216 3144 1336 3215 optimis

180 3218 339 3275 nonnullis,
354 3225 384 3270 et
400 3215 612 3271 vetustissimis
630 3214 724 3285 libris,
743 3231 803 3271 uon
821 3217 1034 3286 improbarem:
1061 3215 1111 3273 sed
1130 3217 1178 3271 illi
1203 3217 1267 3268 viro
1286 3232 1337 3267 ue-

181 3306 324 3362 qusqusm
342 3286 478 3342 accedere
495 3301 611 3356 possum
630 3283 816 3341 secundenti
833 3304 900 3341 eum
917 3288 1053 3352 Ernesto,
1077 3288 1185 3341 ascedit
1204 3285 1336 3360 intelligi

180 3376 266 3432 posse
284 3378 320 3415 ex
337 3359 481 3423 accedunt,
505 3357 583 3426 quod
605 3363 649 3410 est
673 3356 705 3409 in
727 3357 832 3426 capitis
856 3359 1013 3428 principie.
1051 3358 1200 3413 ltaenim
1219 3355 1337 3409 Cicero-

181 3449 248 3486 nem
273 3447 333 3487 nee
355 3443 552 3503 agnoscerem·
596 3427 742 3498 Quidquid
764 3429 918 3498 scripserit
941 3429 1063 3485 (liuere.-
1091 3428 1212 3484 verbum
1239 3426 1336 3480 abesse

181 3501 293 3572 aequit.
319 3503 394 3554 Mon.
414 3503 439 3554 i.
464 3495 552 3554 hebet
577 3500 622 3553 eui
639 3530 673 3542 -
692 3498 804 3552 accidit.
841 3500 896 3555 Est
921 3502 1009 3554 etiam
1036 3499 1142 3553 accidit
1166 3500 1198 3551 in
1216 3501 1291 3551 Mon.
1308 3500 1333 3552 2

182 3581 309 3644 quatuor
325 3570 394 3626 One
415 3568 469 3622 lid.
490 3569 518 3619 P.
545 3568 628 3622 Unus
646 3568 695 3625 Ox.
716 3568 805 3623 hebet
821 3571 1023 3625 accesserit
1040 3570 1142 3625 eodem.
1162 3571 1221 3623 Mr.
1248 3569 1361 3633 „An--

181 3645 268 3731 gelus
294 3643 387 3697 Maius
409 3641 443 3695 in
465 3639 679 3695 Additsmeutis
705 3640 892 3697 scholiorum
915 3643 950 3696 ad
975 3641 1068 3697 Cicer.
1087 3641 1136 3694 lv,
1163 3641 1199 3694 de
1215 3639 1285 3709 Rep.
1306 3659 1339 3715 g.-

182 3717 256 3777 suit„
272 3732 341 3789 pag.
365 3715 428 3770 tse-
453 3711 523 3764 edit.
551 3711 635 3766 Rom·
662 3730 688 3767 e.
717 3715 810 3769 tete:
846 3713 1077 3779 ‚‚„Yocsbulum
1108 3714 1226 3765 occessit
1256 3711 1337 3766 deest

182 3782 406 3913 eruut
423 3779 999 3924 teutuado·aluis
1015 3783 1337 3910 offertorius

181 3927 400 3983 annotationem
423 3923 568 3992 Berdilio,
601 3926 672 3983 Viro
698 3926 884 3983 amicissimo.
906 3951 940 3963 -·
975 3925 1036 3979 lem
1055 3925 1140 3980 video
1158 3928 1190 3980 in
1210 3927 1337 3980 Censura

182 3998 236 4052 Ed.
259 3997 347 4051 Orell.
374 3995 453 4067 Opp'
473 3997 568 4051 (liae
587 3995 619 4049 R.
649 3997 766 4050 Klotzio
793 3995 903 4066 scripta
922 3994 1019 4060 [Jahn.
1045 3997 1164 4052 Jahrbb.
1187 4000 1209 4051 f.
1228 3994 1333 4050 Philol.

183 4076 240 4125 ete·
264 4070 341 4125 1833·
359 4067 386 4125 ἦ.
414 4085 443 4137 p.
462 4067 572 4138 disq]
598 4066 677 4123 velle
692 4067 851 4125 -Kletzium
873 4066 960 4121 sbiioi
982 4069 1105 4123 verbum
1128 4070 1246 4132 accedit,
1268 4083 1335 4118 cum

183 4138 260 4198 absit
275 4156 293 4192 s
310 4138 481 4193 melioribus
502 4139 600 4204 Oodd,
620 4139 653 4193 iu
670 4138 794 4208 reliquis
813 4139 907 4193 veriet
923 4137 1023 4206 lectio,
1041 4157 1136 4210 neque
1160 4140 1192 4191 in
1210 4137 1336 4207 optimo-

183 4227 251 4278 rum
268 4207 415 4269 librorum·
430 4211 557 4266 lectione
575 4211 622 4275 sit,
643 4207 873 4279 quud‘offendrt.
901 4208 1033 4267 ludicent
1050 4211 1117 4266 elii:
1136 4207 1211 4263 mihi
1230 4209 1336 4263 omisso

184 4280 273 4336 verbo
292 4281 388 4340 neseio
400 4281 478 4352 ¹quid
496 4281 810 4339 acioeroueslieuum
828 4282 861 4338 in
878 4282 944 4337 loeo
955 4281 1012 4337 hoc
1024 4282 1134 4336 sentire
1144 4279 1253 4335 videor.
1273 4281 1334 4335 Mr.

256 4351 327 4405 Cum
343 4369 407 4405 uero
427 4352 532 4420 eodem]
568 4352 645 4406 Huic
663 4352 770 4407 similis
795 4361 840 4409 est
860 4353 936 4407 elius
960 4352 1055 4407 Tullii
1072 4351 1169 4416 locue;
1193 4354 1251 4419 qui,
1277 4367 1337 4405 cum

184 4423 221 4479 de
238 4423 331 4484 Portu
350 4431 457 4492 ageret,
476 4425 541 4494 „sd
557 4439 632 4495 ques
647 4439 716 4483 cum
732 4425 910 4492 accessisset,
927 4424 1028 4492 tuqus,
1054 4420 1167 4477 elamor
1186 4430 1215 4478 et
1232 4438 1337 4495 appro-
