<?xml version="1.0" encoding="UTF-8"?>
<!DOCTYPE html PUBLIC "-//W3C//DTD XHTML 1.0 Transitional//EN"
    "http://www.w3.org/TR/xhtml1/DTD/xhtml1-transitional.dtd">
<html xmlns="http://www.w3.org/1999/xhtml" xml:lang="en" lang="en">
 <head>
  <title>
</title>
<meta http-equiv="Content-Type" content="text/html;charset=utf-8" />
  <meta name='ocr-system' content='tesseract 3.04.00' />
  <meta name='ocr-capabilities' content='ocr_page ocr_carea ocr_par ocr_line ocrx_word'/>
</head>
<body>
  <div class='ocr_page' id='page_1' title='image "./mtulliiciceroni00davigoog_0341.png"; bbox 0 0 2842 5070; ppageno 0'>
   <div class='ocr_carea' id='block_1_1' title="bbox 155 263 1164 391">
    <p class='ocr_par' dir='ltr' id='par_1_1' title="bbox 61 244 1164 391">
     <span class='ocr_line' id='line_1_1' title="bbox 155 263 1164 391; baseline -0.002 -26.17"><span class='ocrx_word' id='word_1_1' title='bbox 155 344 158 349; x_wconf 79' lang='lat'><em>.</em></span> <span class='ocrx_word' id='word_1_2' title='bbox 205 263 269 370; x_wconf 78' lang='lat' dir='ltr'><strong>iss</strong></span> <span class='ocrx_word' id='word_1_3' title='bbox 362 298 367 326; x_wconf 92' lang='grc'><strong>-·</strong></span> <span class='ocrx_word' id='word_1_4' title='bbox 410 296 640 363; x_wconf 75' lang='lat' dir='ltr'><strong>sunnonis</strong></span> <span class='ocrx_word' id='word_1_5' title='bbox 661 272 911 391; x_wconf 66' lang='lat' dir='ltr'><strong>rossontus.</strong></span> <span class='ocrx_word' id='word_1_6' title='bbox 932 295 1164 371; x_wconf 72' lang='lat' dir='ltr'><strong>nuruum.</strong></span> 
     </span>
    </p>
   </div>
   <div class='ocr_carea' id='block_1_2' title="bbox 129 463 1366 795">
    <p class='ocr_par' dir='ltr' id='par_1_2' title="bbox 129 463 1366 795">
     <span class='ocr_line' id='line_1_2' title="bbox 129 463 1365 548; baseline 0.006 -27"><span class='ocrx_word' id='word_1_7' title='bbox 129 515 139 521; x_wconf 80' lang='grc'><em>.</em></span> <span class='ocrx_word' id='word_1_8' title='bbox 207 484 388 548; x_wconf 81' lang='lat' dir='ltr'><strong>corporum</strong></span> <span class='ocrx_word' id='word_1_9' title='bbox 409 465 610 527; x_wconf 85' lang='lat' dir='ltr'><strong>offensiones</strong></span> <span class='ocrx_word' id='word_1_10' title='bbox 632 466 704 526; x_wconf 85' lang='lat' dir='ltr'><strong>sino</strong></span> <span class='ocrx_word' id='word_1_11' title='bbox 725 465 823 546; x_wconf 87' lang='lat' dir='ltr'><strong>culpa</strong></span> <span class='ocrx_word' id='word_1_12' title='bbox 837 463 988 527; x_wconf 84' lang='lat' dir='ltr'><strong>accidere</strong></span> <span class='ocrx_word' id='word_1_13' title='bbox 1001 470 1151 545; x_wconf 80' lang='lat' dir='ltr'><strong>possunt,</strong></span> <span class='ocrx_word' id='word_1_14' title='bbox 1172 463 1365 528; x_wconf 84' lang='lat' dir='ltr'><strong>animorum</strong></span> 
     </span>
     <span class='ocr_line' id='line_1_3' title="bbox 205 547 1366 634; baseline -0.001 -24"><span class='ocrx_word' id='word_1_15' title='bbox 205 569 272 611; x_wconf 91' lang='lat' dir='ltr'><strong>non</strong></span> <span class='ocrx_word' id='word_1_16' title='bbox 292 551 390 613; x_wconf 79' lang='lat' dir='ltr'><strong>item:</strong></span> <span class='ocrx_word' id='word_1_17' title='bbox 417 554 561 629; x_wconf 87' lang='lat' dir='ltr'><strong>quorum</strong></span> <span class='ocrx_word' id='word_1_18' title='bbox 583 567 696 608; x_wconf 91' lang='lat' dir='ltr'><strong>omnes</strong></span> <span class='ocrx_word' id='word_1_19' title='bbox 711 549 820 634; x_wconf 86' lang='lat' dir='ltr'><strong>morbi</strong></span> <span class='ocrx_word' id='word_1_20' title='bbox 842 555 876 609; x_wconf 84' lang='lat' dir='ltr'><strong>et</strong></span> <span class='ocrx_word' id='word_1_21' title='bbox 896 547 1168 629; x_wconf 81' lang='lat' dir='ltr'><strong>perturbationes</strong></span> <span class='ocrx_word' id='word_1_22' title='bbox 1186 566 1226 608; x_wconf 82' lang='lat' dir='ltr'><strong>ex</strong></span> <span class='ocrx_word' id='word_1_23' title='bbox 1248 567 1366 630; x_wconf 84' lang='lat' dir='ltr'><strong>asper·</strong></span> 
     </span>
     <span class='ocr_line' id='line_1_4' title="bbox 206 628 1366 712; baseline -0.003 -20"><span class='ocrx_word' id='word_1_24' title='bbox 206 632 342 693; x_wconf 85' lang='lat' dir='ltr'><strong>natione</strong></span> <span class='ocrx_word' id='word_1_25' title='bbox 365 631 506 691; x_wconf 85' lang='lat' dir='ltr'><strong>rationis</strong></span> <span class='ocrx_word' id='word_1_26' title='bbox 538 632 710 692; x_wconf 87' lang='lat' dir='ltr'><strong>eveniunt.</strong></span> <span class='ocrx_word' id='word_1_27' title='bbox 743 632 868 712; x_wconf 66' lang='lat' dir='ltr'><strong>itaque</strong></span> <span class='ocrx_word' id='word_1_28' title='bbox 893 633 928 690; x_wconf 90' lang='lat' dir='ltr'><strong>in</strong></span> <span class='ocrx_word' id='word_1_29' title='bbox 954 628 1145 689; x_wconf 89' lang='lat' dir='ltr'><strong>hominibus</strong></span> <span class='ocrx_word' id='word_1_30' title='bbox 1173 630 1281 690; x_wconf 85' lang='lat' dir='ltr'><strong>solum</strong></span> <span class='ocrx_word' id='word_1_31' title='bbox 1308 650 1366 692; x_wconf 79' lang='lat' dir='ltr'><strong>ex.</strong></span> 
     </span>
     <span class='ocr_line' id='line_1_5' title="bbox 205 710 1365 795; baseline -0.006 -19"><span class='ocrx_word' id='word_1_32' title='bbox 205 716 346 777; x_wconf 80' lang='lat' dir='ltr'><strong>sistunt:</strong></span> <span class='ocrx_word' id='word_1_33' title='bbox 368 733 445 774; x_wconf 85' lang='lat' dir='ltr'><strong>nam</strong></span> <span class='ocrx_word' id='word_1_34' title='bbox 467 712 591 774; x_wconf 76' lang='lat' dir='ltr'><strong>bestiae</strong></span> <span class='ocrx_word' id='word_1_35' title='bbox 613 713 722 774; x_wconf 85' lang='lat' dir='ltr'><strong>simile</strong></span> <span class='ocrx_word' id='word_1_36' title='bbox 752 711 907 795; x_wconf 83' lang='lat' dir='ltr'>quiddam</span> <span class='ocrx_word' id='word_1_37' title='bbox 928 714 1070 789; x_wconf 84' lang='lat' dir='ltr'><strong>faciunt,</strong></span> <span class='ocrx_word' id='word_1_38' title='bbox 1092 710 1205 772; x_wconf 89' lang='lat' dir='ltr'><strong>sedin</strong></span> <span class='ocrx_word' id='word_1_39' title='bbox 1229 711 1365 794; x_wconf 83' lang='lat' dir='ltr'><strong>portur.</strong></span> 
     </span>
    </p>
   </div>
   <div class='ocr_carea' id='block_1_3' title="bbox 139 886 1394 1597">
    <p class='ocr_par' dir='ltr' id='par_1_3' title="bbox 139 886 1394 1597">
     <span class='ocr_line' id='line_1_6' title="bbox 165 886 1365 960; baseline 0.003 -20"><span class='ocrx_word' id='word_1_40' title='bbox 165 934 168 940; x_wconf 91' lang='lat'><em>.</em></span> <span class='ocrx_word' id='word_1_41' title='bbox 204 898 285 960; x_wconf 88' lang='lat' dir='ltr'><strong>puto,</strong></span> <span class='ocrx_word' id='word_1_42' title='bbox 305 889 437 952; x_wconf 78' lang='lat' dir='ltr'>defendit</span> <span class='ocrx_word' id='word_1_43' title='bbox 454 888 612 942; x_wconf 78' lang='lat' dir='ltr'><strong>Nissenius.</strong></span> <span class='ocrx_word' id='word_1_44' title='bbox 651 888 755 942; x_wconf 87' lang='lat' dir='ltr'><strong>Sensus</strong></span> <span class='ocrx_word' id='word_1_45' title='bbox 774 897 832 942; x_wconf 84' lang='lat' dir='ltr'><strong>est:</strong></span> <span class='ocrx_word' id='word_1_46' title='bbox 861 888 993 953; x_wconf 87' lang='lat' dir='ltr'><strong>„animus</strong></span> <span class='ocrx_word' id='word_1_47' title='bbox 1013 886 1171 957; x_wconf 86' lang='lat' dir='ltr'><strong>(sapientis)</strong></span> <span class='ocrx_word' id='word_1_48' title='bbox 1195 889 1296 941; x_wconf 87' lang='lat' dir='ltr'><strong>valens</strong></span> <span class='ocrx_word' id='word_1_49' title='bbox 1314 906 1365 952; x_wconf 55' lang='lat' dir='ltr'><strong>req</strong></span> 
     </span>
     <span class='ocr_line' id='line_1_7' title="bbox 204 958 1362 1030; baseline 0.001 -16"><span class='ocrx_word' id='word_1_50' title='bbox 204 978 296 1030; x_wconf 85' lang='lat' dir='ltr'><strong>reque</strong></span> <span class='ocrx_word' id='word_1_51' title='bbox 314 978 396 1013; x_wconf 87' lang='lat' dir='ltr'><strong>sanus</strong></span> <span class='ocrx_word' id='word_1_52' title='bbox 413 961 497 1012; x_wconf 86' lang='lat' dir='ltr'><strong>nullo</strong></span> <span class='ocrx_word' id='word_1_53' title='bbox 522 977 649 1028; x_wconf 82' lang='lat' dir='ltr'><strong>unquam</strong></span> <span class='ocrx_word' id='word_1_54' title='bbox 675 960 774 1013; x_wconf 90' lang='lat' dir='ltr'><strong>morbo</strong></span> <span class='ocrx_word' id='word_1_55' title='bbox 799 960 859 1012; x_wconf 84' lang='lat' dir='ltr'><strong>sive</strong></span> <span class='ocrx_word' id='word_1_56' title='bbox 886 958 1103 1029; x_wconf 73' lang='lat' dir='ltr'>perturbatione</span> <span class='ocrx_word' id='word_1_57' title='bbox 1122 959 1230 1011; x_wconf 87' lang='lat' dir='ltr'><strong>tentari</strong></span> <span class='ocrx_word' id='word_1_58' title='bbox 1249 969 1362 1030; x_wconf 78' lang='lat' dir='ltr'><strong>potestt</strong></span> 
     </span>
     <span class='ocr_line' id='line_1_8' title="bbox 139 1025 1363 1102; baseline -0.001 -17"><span class='ocrx_word' id='word_1_59' title='bbox 139 1045 144 1051; x_wconf 91' lang='grc'><em>“</em></span> <span class='ocrx_word' id='word_1_60' title='bbox 205 1048 308 1102; x_wconf 85' lang='lat' dir='ltr'><strong>corpus</strong></span> <span class='ocrx_word' id='word_1_61' title='bbox 327 1040 429 1085; x_wconf 86' lang='lat' dir='ltr'><strong>contra</strong></span> <span class='ocrx_word' id='word_1_62' title='bbox 445 1031 494 1083; x_wconf 83' lang='lat' dir='ltr'><strong>vel</strong></span> <span class='ocrx_word' id='word_1_63' title='bbox 511 1031 739 1082; x_wconf 82' lang='lat' dir='ltr'><strong>valentissimum</strong></span> <span class='ocrx_word' id='word_1_64' title='bbox 763 1031 950 1100; x_wconf 89' lang='lat' dir='ltr'><strong>repentinum</strong></span> <span class='ocrx_word' id='word_1_65' title='bbox 964 1025 1005 1081; x_wconf 78' lang='lat' dir='ltr'><strong>&#39;in</strong></span> <span class='ocrx_word' id='word_1_66' title='bbox 1023 1029 1155 1081; x_wconf 81' lang='lat' dir='ltr'><strong>morbum</strong></span> <span class='ocrx_word' id='word_1_67' title='bbox 1172 1039 1266 1099; x_wconf 87' lang='lat' dir='ltr'><strong>potest</strong></span> <span class='ocrx_word' id='word_1_68' title='bbox 1286 1033 1363 1086; x_wconf 87' lang='lat' dir='ltr'><strong>inci·</strong></span> 
     </span>
     <span class='ocr_line' id='line_1_9' title="bbox 204 1099 1362 1172; baseline -0.001 -16"><span class='ocrx_word' id='word_1_69' title='bbox 204 1101 284 1157; x_wconf 83' lang='lat' dir='ltr'><strong>ders:</strong></span> <span class='ocrx_word' id='word_1_70' title='bbox 305 1103 353 1156; x_wconf 89' lang='lat' dir='ltr'><strong>sed</strong></span> <span class='ocrx_word' id='word_1_71' title='bbox 370 1102 427 1154; x_wconf 89' lang='lat' dir='ltr'><strong>hoc</strong></span> <span class='ocrx_word' id='word_1_72' title='bbox 444 1109 595 1172; x_wconf 81' lang='lat' dir='ltr'><strong>praeterea</strong></span> <span class='ocrx_word' id='word_1_73' title='bbox 612 1102 750 1154; x_wconf 79' lang='lat' dir='ltr'><strong>dissimile</strong></span> <span class='ocrx_word' id='word_1_74' title='bbox 769 1111 821 1167; x_wconf 91' lang='lat' dir='ltr'><strong>est,</strong></span> <span class='ocrx_word' id='word_1_75' title='bbox 843 1101 919 1171; x_wconf 88' lang='lat' dir='ltr'><strong>quod</strong></span> <span class='ocrx_word' id='word_1_76' title='bbox 936 1116 1090 1169; x_wconf 88' lang='lat' dir='ltr'><strong>corporum</strong></span> <span class='ocrx_word' id='word_1_77' title='bbox 1108 1099 1280 1154; x_wconf 84' lang='lat' dir='ltr'><strong>offensiones</strong></span> <span class='ocrx_word' id='word_1_78' title='bbox 1300 1105 1362 1156; x_wconf 90' lang='lat' dir='ltr'><strong>sine</strong></span> 
     </span>
     <span class='ocr_line' id='line_1_10' title="bbox 204 1172 1364 1244; baseline -0.001 -15"><span class='ocrx_word' id='word_1_79' title='bbox 204 1173 289 1244; x_wconf 77' lang='lat' dir='ltr'><strong>eulpa</strong></span> <span class='ocrx_word' id='word_1_80' title='bbox 314 1174 444 1226; x_wconf 81' lang='lat' dir='ltr'><strong>accidere</strong></span> <span class='ocrx_word' id='word_1_81' title='bbox 468 1181 595 1242; x_wconf 84' lang='lat' dir='ltr'><strong>possunt,</strong></span> <span class='ocrx_word' id='word_1_82' title='bbox 622 1173 713 1234; x_wconf 82' lang='lat' dir='ltr'><strong>animi</strong></span> <span class='ocrx_word' id='word_1_83' title='bbox 739 1172 839 1224; x_wconf 87' lang='lat' dir='ltr'><strong>vitiosi</strong></span> <span class='ocrx_word' id='word_1_84' title='bbox 865 1181 894 1225; x_wconf 91' lang='lat' dir='ltr'><strong>et</strong></span> <span class='ocrx_word' id='word_1_85' title='bbox 922 1172 1086 1241; x_wconf 90' lang='lat' dir='ltr'><strong>insipientis</strong></span> <span class='ocrx_word' id='word_1_86' title='bbox 1110 1172 1224 1224; x_wconf 87' lang='lat' dir='ltr'><strong>morbus</strong></span> <span class='ocrx_word' id='word_1_87' title='bbox 1248 1191 1364 1244; x_wconf 82' lang='lat' dir='ltr'><strong>semper</strong></span> 
     </span>
     <span class='ocr_line' id='line_1_11' title="bbox 204 1242 1360 1314; baseline 0.001 -18"><span class='ocrx_word' id='word_1_88' title='bbox 204 1261 272 1302; x_wconf 79' lang='lat' dir='ltr'><strong>curn</strong></span> <span class='ocrx_word' id='word_1_89' title='bbox 289 1244 374 1314; x_wconf 87' lang='lat' dir='ltr'><strong>culpa</strong></span> <span class='ocrx_word' id='word_1_90' title='bbox 398 1244 567 1296; x_wconf 79' lang='lat' dir='ltr'><strong>coniunctus</strong></span> <span class='ocrx_word' id='word_1_91' title='bbox 592 1253 642 1296; x_wconf 86' lang='lat' dir='ltr'><strong>cst.</strong></span> <span class='ocrx_word' id='word_1_92' title='bbox 679 1243 719 1308; x_wconf 87' lang='lat' dir='ltr'><strong>si,</strong></span> <span class='ocrx_word' id='word_1_93' title='bbox 751 1261 838 1311; x_wconf 89' lang='lat' dir='ltr'><strong>quem</strong></span> <span class='ocrx_word' id='word_1_94' title='bbox 861 1243 966 1296; x_wconf 84' lang='lat' dir='ltr'><strong>volunt</strong></span> <span class='ocrx_word' id='word_1_95' title='bbox 987 1242 1144 1308; x_wconf 86' lang='lat' dir='ltr'><strong>Bentleius,</strong></span> <span class='ocrx_word' id='word_1_96' title='bbox 1174 1243 1244 1295; x_wconf 78' lang='lat' dir='ltr'><strong>Dav.</strong></span> <span class='ocrx_word' id='word_1_97' title='bbox 1268 1245 1360 1297; x_wconf 88' lang='lat' dir='ltr'><strong>Bouh.</strong></span> 
     </span>
     <span class='ocr_line' id='line_1_12' title="bbox 203 1313 1362 1386; baseline 0.001 -18"><span class='ocrx_word' id='word_1_98' title='bbox 203 1315 350 1370; x_wconf 81' lang='lat' dir='ltr'><strong>FAWolf.</strong></span> <span class='ocrx_word' id='word_1_99' title='bbox 367 1315 452 1370; x_wconf 86' lang='lat' dir='ltr'><strong>Schz.</strong></span> <span class='ocrx_word' id='word_1_100' title='bbox 465 1313 579 1379; x_wconf 82' lang='lat' dir='ltr'><strong>Ochen,</strong></span> <span class='ocrx_word' id='word_1_101' title='bbox 597 1331 716 1384; x_wconf 89' lang='lat' dir='ltr'><strong>prorsus</strong></span> <span class='ocrx_word' id='word_1_102' title='bbox 733 1315 908 1367; x_wconf 87' lang='lat' dir='ltr'><strong>necessarius</strong></span> <span class='ocrx_word' id='word_1_103' title='bbox 928 1322 999 1366; x_wconf 88' lang='lat' dir='ltr'><strong>esset</strong></span> <span class='ocrx_word' id='word_1_104' title='bbox 1017 1331 1123 1378; x_wconf 85' lang='lat' dir='ltr'><strong>sensus,</strong></span> <span class='ocrx_word' id='word_1_105' title='bbox 1142 1314 1258 1366; x_wconf 86' lang='lat' dir='ltr'><strong>mallem</strong></span> <span class='ocrx_word' id='word_1_106' title='bbox 1279 1317 1362 1386; x_wconf 87' lang='lat' dir='ltr'><strong>sequi</strong></span> 
     </span>
     <span class='ocr_line' id='line_1_13' title="bbox 205 1384 1394 1459; baseline 0 -20"><span class='ocrx_word' id='word_1_107' title='bbox 205 1387 333 1440; x_wconf 85' lang='lat' dir='ltr'><strong>codicem</strong></span> <span class='ocrx_word' id='word_1_108' title='bbox 360 1387 448 1438; x_wconf 88' lang='lat' dir='ltr'><strong>illum</strong></span> <span class='ocrx_word' id='word_1_109' title='bbox 472 1385 586 1459; x_wconf 81' lang='lat' dir='ltr'><strong>regium</strong></span> <span class='ocrx_word' id='word_1_110' title='bbox 612 1385 791 1455; x_wconf 75' lang='lat' dir='ltr'><strong>ballemandi</strong></span> <span class='ocrx_word' id='word_1_111' title='bbox 820 1384 929 1450; x_wconf 88' lang='lat' dir='ltr'><strong>[morbo</strong></span> <span class='ocrx_word' id='word_1_112' title='bbox 954 1385 1061 1437; x_wconf 85' lang='lat' dir='ltr'><strong>tentari</strong></span> <span class='ocrx_word' id='word_1_113' title='bbox 1084 1391 1211 1454; x_wconf 77' lang='lat' dir='ltr'><strong>possunt,</strong></span> <span class='ocrx_word' id='word_1_114' title='bbox 1240 1402 1362 1455; x_wconf 81' lang='lat' dir='ltr'><strong>corpora</strong></span> <span class='ocrx_word' id='word_1_115' title='bbox 1387 1392 1394 1398; x_wconf 83' lang='lat'><strong><em>&#39;</em></strong></span> 
     </span>
     <span class='ocr_line' id='line_1_14' title="bbox 188 1456 1361 1530; baseline -0.001 -20"><span class='ocrx_word' id='word_1_116' title='bbox 188 1457 339 1528; x_wconf 79' lang='lat' dir='ltr'><strong>&#39;possunt],</strong></span> <span class='ocrx_word' id='word_1_117' title='bbox 360 1475 446 1527; x_wconf 84' lang='lat' dir='ltr'><strong>quam</strong></span> <span class='ocrx_word' id='word_1_118' title='bbox 464 1456 611 1508; x_wconf 82' lang='lat' dir='ltr'><strong>inculcare</strong></span> <span class='ocrx_word' id='word_1_119' title='bbox 631 1456 708 1508; x_wconf 87' lang='lat' dir='ltr'><strong>istud</strong></span> <span class='ocrx_word' id='word_1_120' title='bbox 724 1461 764 1519; x_wconf 88' lang='lat' dir='ltr'><strong>ut,</strong></span> <span class='ocrx_word' id='word_1_121' title='bbox 789 1473 855 1508; x_wconf 85' lang='lat' dir='ltr'><strong>sanc</strong></span> <span class='ocrx_word' id='word_1_122' title='bbox 879 1473 966 1525; x_wconf 83' lang='lat' dir='ltr'><strong>quam</strong></span> <span class='ocrx_word' id='word_1_123' title='bbox 983 1456 1165 1530; x_wconf 79' lang='lat' dir='ltr'><strong>languidum,</strong></span> <span class='ocrx_word' id='word_1_124' title='bbox 1193 1459 1269 1526; x_wconf 90' lang='lat' dir='ltr'><strong>quod</strong></span> <span class='ocrx_word' id='word_1_125' title='bbox 1294 1474 1361 1510; x_wconf 90' lang='lat' dir='ltr'><strong>cum</strong></span> 
     </span>
     <span class='ocr_line' id='line_1_15' title="bbox 203 1524 1361 1597; baseline 0 -16"><span class='ocrx_word' id='word_1_126' title='bbox 203 1525 318 1581; x_wconf 76' lang='lat' dir='ltr'><strong>uncinis</strong></span> <span class='ocrx_word' id='word_1_127' title='bbox 337 1527 533 1581; x_wconf 83' lang='lat' dir='ltr'><strong>tantummodo</strong></span> <span class='ocrx_word' id='word_1_128' title='bbox 552 1528 664 1597; x_wconf 87' lang='lat' dir='ltr'><strong>recepit</strong></span> <span class='ocrx_word' id='word_1_129' title='bbox 672 1526 724 1581; x_wconf 86' lang='lat' dir='ltr'><strong>W.</strong></span> <span class='ocrx_word' id='word_1_130' title='bbox 743 1524 905 1591; x_wconf 67' lang='lat' dir='ltr'><strong>[nimirum</strong></span> <span class='ocrx_word' id='word_1_131' title='bbox 924 1535 960 1578; x_wconf 90' lang='lat' dir='ltr'><strong>ut</strong></span> <span class='ocrx_word' id='word_1_132' title='bbox 976 1529 1160 1580; x_wconf 87' lang='lat' dir='ltr'><strong>coniecturae</strong></span> <span class='ocrx_word' id='word_1_133' title='bbox 1180 1527 1278 1581; x_wconf 90' lang='lat' dir='ltr'><strong>deberi</strong></span> <span class='ocrx_word' id='word_1_134' title='bbox 1297 1546 1361 1581; x_wconf 86' lang='lat' dir='ltr'><strong>eam</strong></span> 
     </span>
    </p>
   </div>
   <div class='ocr_carea' id='block_1_4' title="bbox 85 1597 1359 1675">
    <p class='ocr_par' dir='ltr' id='par_1_4' title="bbox 85 1597 1359 1675">
     <span class='ocr_line' id='line_1_16' title="bbox 85 1597 1359 1675; baseline 0 -23"><span class='ocrx_word' id='word_1_135' title='bbox 85 1634 96 1652; x_wconf 69' lang='grc'><strong>.</strong></span> <span class='ocrx_word' id='word_1_136' title='bbox 123 1608 125 1612; x_wconf 69' lang='grc'><strong>”</strong></span> <span class='ocrx_word' id='word_1_137' title='bbox 203 1599 335 1652; x_wconf 85' lang='lat' dir='ltr'><strong>voculam</strong></span> <span class='ocrx_word' id='word_1_138' title='bbox 353 1599 541 1675; x_wconf 80' lang='lat' dir='ltr'><strong>significaret,</strong></span> <span class='ocrx_word' id='word_1_139' title='bbox 569 1614 622 1650; x_wconf 88' lang='lat' dir='ltr'><strong>nec</strong></span> <span class='ocrx_word' id='word_1_140' title='bbox 647 1613 717 1650; x_wconf 90' lang='lat' dir='ltr'><strong>vero</strong></span> <span class='ocrx_word' id='word_1_141' title='bbox 746 1599 822 1666; x_wconf 90' lang='lat' dir='ltr'><strong>quod</strong></span> <span class='ocrx_word' id='word_1_142' title='bbox 839 1597 985 1650; x_wconf 84' lang='lat' dir='ltr'><strong>diffideret</strong></span> <span class='ocrx_word' id='word_1_143' title='bbox 1003 1597 1247 1663; x_wconf 84' lang='lat' dir='ltr'><strong>emendationi.]“</strong></span> <span class='ocrx_word' id='word_1_144' title='bbox 1275 1601 1359 1652; x_wconf 83' lang='lat' dir='ltr'><strong>Orelt.</strong></span> 
     </span>
    </p>
   </div>
   <div class='ocr_carea' id='block_1_5' title="bbox 190 1668 1362 2521">
    <p class='ocr_par' dir='ltr' id='par_1_5' title="bbox 190 1668 1362 2521">
     <span class='ocr_line' id='line_1_17' title="bbox 202 1668 1360 1735; baseline 0.001 -13"><span class='ocrx_word' id='word_1_145' title='bbox 202 1668 331 1725; x_wconf 85' lang='lat' dir='ltr'><strong>Assentit</strong></span> <span class='ocrx_word' id='word_1_146' title='bbox 349 1671 458 1724; x_wconf 89' lang='lat' dir='ltr'><strong>Orellio</strong></span> <span class='ocrx_word' id='word_1_147' title='bbox 476 1668 638 1725; x_wconf 82' lang='lat' dir='ltr'><strong>Kiihnerus.</strong></span> <span class='ocrx_word' id='word_1_148' title='bbox 653 1669 813 1722; x_wconf 84' lang='lat' dir='ltr'><strong>(Jchsnerus</strong></span> <span class='ocrx_word' id='word_1_149' title='bbox 831 1678 933 1720; x_wconf 86' lang='lat' dir='ltr'><strong>contra</strong></span> <span class='ocrx_word' id='word_1_150' title='bbox 950 1670 991 1721; x_wconf 87' lang='lat' dir='ltr'><strong>ait</strong></span> <span class='ocrx_word' id='word_1_151' title='bbox 1009 1687 1093 1735; x_wconf 91' lang='lat' dir='ltr'><strong>„non</strong></span> <span class='ocrx_word' id='word_1_152' title='bbox 1111 1671 1268 1723; x_wconf 87' lang='lat' dir='ltr'><strong>convenire</strong></span> <span class='ocrx_word' id='word_1_153' title='bbox 1286 1671 1360 1724; x_wconf 87' lang='lat' dir='ltr'><strong>haec</strong></span> 
     </span>
     <span class='ocr_line' id='line_1_18' title="bbox 204 1740 1362 1811; baseline 0.001 -17"><span class='ocrx_word' id='word_1_154' title='bbox 204 1758 271 1794; x_wconf 87' lang='lat' dir='ltr'><strong>cum</strong></span> <span class='ocrx_word' id='word_1_155' title='bbox 289 1741 335 1806; x_wconf 87' lang='lat' dir='ltr'><strong>iis,</strong></span> <span class='ocrx_word' id='word_1_156' title='bbox 355 1759 470 1811; x_wconf 82' lang='lat' dir='ltr'><strong>quaec.</strong></span> <span class='ocrx_word' id='word_1_157' title='bbox 493 1744 534 1795; x_wconf 85' lang='lat'><strong>13.</strong></span> <span class='ocrx_word' id='word_1_158' title='bbox 555 1740 728 1792; x_wconf 87' lang='lat' dir='ltr'><strong>dictasunt:</strong></span> <span class='ocrx_word' id='word_1_159' title='bbox 754 1758 806 1810; x_wconf 87' lang='lat' dir='ltr'><strong>quo</strong></span> <span class='ocrx_word' id='word_1_160' title='bbox 824 1741 905 1793; x_wconf 85' lang='lat' dir='ltr'><strong>modo</strong></span> <span class='ocrx_word' id='word_1_161' title='bbox 923 1742 954 1793; x_wconf 84' lang='lat' dir='ltr'><strong>in</strong></span> <span class='ocrx_word' id='word_1_162' title='bbox 974 1757 1090 1809; x_wconf 88' lang='lat' dir='ltr'><strong>corpore</strong></span> <span class='ocrx_word' id='word_1_163' title='bbox 1108 1748 1151 1794; x_wconf 86' lang='lat' dir='ltr'><strong>est</strong></span> <span class='ocrx_word' id='word_1_164' title='bbox 1169 1743 1290 1807; x_wconf 83' lang='lat' dir='ltr'><strong>morbus,</strong></span> <span class='ocrx_word' id='word_1_165' title='bbox 1318 1748 1362 1795; x_wconf 88' lang='lat' dir='ltr'><strong>eet</strong></span> 
     </span>
     <span class='ocr_line' id='line_1_19' title="bbox 203 1810 1362 1883; baseline -0.001 -16"><span class='ocrx_word' id='word_1_166' title='bbox 203 1812 375 1879; x_wconf 70' lang='lat' dir='ltr'><strong>aegrotatio,</strong></span> <span class='ocrx_word' id='word_1_167' title='bbox 395 1819 441 1865; x_wconf 86' lang='lat' dir='ltr'><strong>est&#39;</strong></span> <span class='ocrx_word' id='word_1_168' title='bbox 453 1812 561 1875; x_wconf 84' lang='lat' dir='ltr'><strong>uitium,</strong></span> <span class='ocrx_word' id='word_1_169' title='bbox 581 1811 630 1883; x_wconf 41' lang='lat' dir='ltr'><strong>sicx</strong></span> <span class='ocrx_word' id='word_1_170' title='bbox 641 1814 672 1865; x_wconf 88' lang='lat' dir='ltr'><strong>in</strong></span> <span class='ocrx_word' id='word_1_171' title='bbox 690 1810 795 1864; x_wconf 83' lang='lat' dir='ltr'><strong>animo.</strong></span> <span class='ocrx_word' id='word_1_172' title='bbox 817 1819 846 1864; x_wconf 93' lang='lat' dir='ltr'><strong>et</strong></span> <span class='ocrx_word' id='word_1_173' title='bbox 864 1815 912 1867; x_wconf 79' lang='lat'><strong>3⁷:</strong></span> <span class='ocrx_word' id='word_1_174' title='bbox 940 1818 973 1862; x_wconf 85' lang='lat' dir='ltr'><strong>ut</strong></span> <span class='ocrx_word' id='word_1_175' title='bbox 991 1813 1098 1881; x_wconf 83' lang='lat' dir='ltr'><strong>optimu</strong></span> <span class='ocrx_word' id='word_1_176' title='bbox 1120 1810 1234 1882; x_wconf 81' lang='lat' dir='ltr'><strong>quisque</strong></span> <span class='ocrx_word' id='word_1_177' title='bbox 1252 1814 1362 1867; x_wconf 83' lang='lat' dir='ltr'><strong>veletu-</strong></span> 
     </span>
     <span class='ocr_line' id='line_1_20' title="bbox 203 1882 1361 1953; baseline -0.001 -16"><span class='ocrx_word' id='word_1_178' title='bbox 203 1883 270 1938; x_wconf 83' lang='lat' dir='ltr'><strong>dine</strong></span> <span class='ocrx_word' id='word_1_179' title='bbox 287 1885 403 1950; x_wconf 71' lang='lat' dir='ltr'><strong>effeetus</strong></span> <span class='ocrx_word' id='word_1_180' title='bbox 418 1889 511 1953; x_wconf 87' lang='lat' dir='ltr'><strong>potest</strong></span> <span class='ocrx_word' id='word_1_181' title='bbox 528 1882 630 1948; x_wconf 83' lang='lat' dir='ltr'><strong>uideri,</strong></span> <span class='ocrx_word' id='word_1_182' title='bbox 652 1887 705 1935; x_wconf 79' lang='lat' dir='ltr'><strong>ut.</strong></span> <span class='ocrx_word' id='word_1_183' title='bbox 722 1890 824 1936; x_wconf 83' lang='lat' dir='ltr'><strong>natura</strong></span> <span class='ocrx_word' id='word_1_184' title='bbox 849 1884 888 1935; x_wconf 85' lang='lat' dir='ltr'><strong>ud</strong></span> <span class='ocrx_word' id='word_1_185' title='bbox 911 1883 1030 1950; x_wconf 81' lang='lat' dir='ltr'><strong>aliquem</strong></span> <span class='ocrx_word' id='word_1_186' title='bbox 1053 1884 1177 1937; x_wconf 87' lang='lat' dir='ltr'><strong>morbum</strong></span> <span class='ocrx_word' id='word_1_187' title='bbox 1192 1883 1361 1952; x_wconf 76' lang='lat' dir='ltr'><strong>procliviore</strong></span> 
     </span>
     <span class='ocr_line' id='line_1_21' title="bbox 202 1953 1362 2025; baseline -0.001 -18"><span class='ocrx_word' id='word_1_188' title='bbox 202 1953 245 2007; x_wconf 83' lang='lat' dir='ltr'><strong>eie</strong></span> <span class='ocrx_word' id='word_1_189' title='bbox 268 1956 378 2008; x_wconf 83' lang='lat' dir='ltr'><strong>unimus</strong></span> <span class='ocrx_word' id='word_1_190' title='bbox 401 1956 477 2008; x_wconf 83' lang='lat' dir='ltr'><strong>elius</strong></span> <span class='ocrx_word' id='word_1_191' title='bbox 498 1955 544 2020; x_wconf 20' lang='lat' dir='ltr'><strong>,ad</strong></span> <span class='ocrx_word' id='word_1_192' title='bbox 567 1955 627 2008; x_wconf 81' lang='lat' dir='ltr'><strong>ulia</strong></span> <span class='ocrx_word' id='word_1_193' title='bbox 649 1953 721 2008; x_wconf 82' lang='lat' dir='ltr'><strong>vitia</strong></span> <span class='ocrx_word' id='word_1_194' title='bbox 744 1953 923 2022; x_wconf 79' lang='lat' dir='ltr'><strong>propensior.</strong></span> <span class='ocrx_word' id='word_1_195' title='bbox 970 1955 1064 2020; x_wconf 81' lang='lat' dir='ltr'><strong>Quid?</strong></span> <span class='ocrx_word' id='word_1_196' title='bbox 1091 1954 1167 2025; x_wconf 88' lang='lat' dir='ltr'><strong>quod</strong></span> <span class='ocrx_word' id='word_1_197' title='bbox 1192 1955 1362 2009; x_wconf 71' lang='lat' dir='ltr'><strong>differentia</strong></span> 
     </span>
     <span class='ocr_line' id='line_1_22' title="bbox 203 2026 1360 2096; baseline 0.001 -19"><span class='ocrx_word' id='word_1_198' title='bbox 203 2026 282 2079; x_wconf 86' lang='lat' dir='ltr'><strong>inter</strong></span> <span class='ocrx_word' id='word_1_199' title='bbox 300 2027 429 2079; x_wconf 81' lang='lat' dir='ltr'><strong>animum</strong></span> <span class='ocrx_word' id='word_1_200' title='bbox 448 2035 477 2079; x_wconf 91' lang='lat' dir='ltr'><strong>et</strong></span> <span class='ocrx_word' id='word_1_201' title='bbox 495 2042 599 2095; x_wconf 88' lang='lat' dir='ltr'><strong>corpus</strong></span> <span class='ocrx_word' id='word_1_202' title='bbox 618 2027 648 2077; x_wconf 90' lang='lat' dir='ltr'><strong>in</strong></span> <span class='ocrx_word' id='word_1_203' title='bbox 667 2027 850 2094; x_wconf 88' lang='lat' dir='ltr'><strong>sequentibus</strong></span> <span class='ocrx_word' id='word_1_204' title='bbox 869 2026 983 2088; x_wconf 85' lang='lat' dir='ltr'><strong>demum</strong></span> <span class='ocrx_word' id='word_1_205' title='bbox 1003 2027 1170 2096; x_wconf 82' lang='lat' dir='ltr'><strong>exponitur:</strong></span> <span class='ocrx_word' id='word_1_206' title='bbox 1194 2027 1242 2078; x_wconf 86' lang='lat' dir='ltr'><strong>sed</strong></span> <span class='ocrx_word' id='word_1_207' title='bbox 1258 2043 1360 2094; x_wconf 82' lang='lat' dir='ltr'><strong>corpo·</strong></span> 
     </span>
     <span class='ocr_line' id='line_1_23' title="bbox 204 2095 1359 2166; baseline -0.004 -15"><span class='ocrx_word' id='word_1_208' title='bbox 204 2113 268 2151; x_wconf 86' lang='lat' dir='ltr'><strong>rum</strong></span> <span class='ocrx_word' id='word_1_209' title='bbox 288 2098 455 2164; x_wconf 78' lang='lat' dir='ltr'><strong>offensiones</strong></span> <span class='ocrx_word' id='word_1_210' title='bbox 488 2099 548 2150; x_wconf 85' lang='lat' dir='ltr'><strong>sine</strong></span> <span class='ocrx_word' id='word_1_211' title='bbox 575 2100 657 2165; x_wconf 85' lang='lat' dir='ltr'><strong>culpa</strong></span> <span class='ocrx_word' id='word_1_212' title='bbox 688 2098 816 2150; x_wconf 85' lang='lat' dir='ltr'><strong>occidere</strong></span> <span class='ocrx_word' id='word_1_213' title='bbox 839 2103 967 2166; x_wconf 81' lang='lat' dir='ltr'><strong>possunt,</strong></span> <span class='ocrx_word' id='word_1_214' title='bbox 1001 2096 1153 2150; x_wconf 85' lang='lat' dir='ltr'><strong>animorum</strong></span> <span class='ocrx_word' id='word_1_215' title='bbox 1177 2113 1229 2149; x_wconf 83' lang='lat' dir='ltr'><strong>non</strong></span> <span class='ocrx_word' id='word_1_216' title='bbox 1254 2095 1359 2149; x_wconf 87' lang='lat' dir='ltr'><strong>item.“</strong></span> 
     </span>
     <span class='ocr_line' id='line_1_24' title="bbox 202 2165 1356 2238; baseline -0.003 -17"><span class='ocrx_word' id='word_1_217' title='bbox 202 2167 290 2235; x_wconf 83' lang='lat' dir='ltr'><strong>Adde,</strong></span> <span class='ocrx_word' id='word_1_218' title='bbox 326 2169 402 2238; x_wconf 91' lang='lat' dir='ltr'><strong>quod</strong></span> <span class='ocrx_word' id='word_1_219' title='bbox 429 2168 595 2221; x_wconf 85' lang='lat' dir='ltr'><strong>coniunctio</strong></span> <span class='ocrx_word' id='word_1_220' title='bbox 625 2168 699 2237; x_wconf 84' lang='lat' dir='ltr'><strong>quod</strong></span> <span class='ocrx_word' id='word_1_221' title='bbox 726 2169 858 2236; x_wconf 83' lang='lat' dir='ltr'><strong>pertinet</strong></span> <span class='ocrx_word' id='word_1_222' title='bbox 892 2168 979 2220; x_wconf 84' lang='lat' dir='ltr'><strong>etiam</strong></span> <span class='ocrx_word' id='word_1_223' title='bbox 1002 2169 1039 2222; x_wconf 83' lang='lat' dir='ltr'><strong>ad</strong></span> <span class='ocrx_word' id='word_1_224' title='bbox 1059 2167 1182 2221; x_wconf 80' lang='lat' dir='ltr'><strong>occidere</strong></span> <span class='ocrx_word' id='word_1_225' title='bbox 1203 2165 1356 2235; x_wconf 85' lang='lat' dir='ltr'><strong>possunt.“</strong></span> 
     </span>
     <span class='ocr_line' id='line_1_25' title="bbox 202 2239 1358 2315; baseline -0.004 -23"><span class='ocrx_word' id='word_1_226' title='bbox 202 2240 276 2292; x_wconf 85' lang='lat' dir='ltr'><strong>Mihi</strong></span> <span class='ocrx_word' id='word_1_227' title='bbox 294 2257 364 2292; x_wconf 88' lang='lat' dir='ltr'><strong>vero</strong></span> <span class='ocrx_word' id='word_1_228' title='bbox 382 2241 473 2315; x_wconf 82' lang='lat' dir='ltr'><strong>magis</strong></span> <span class='ocrx_word' id='word_1_229' title='bbox 485 2239 630 2309; x_wconf 80' lang='lat' dir='ltr'><strong>¹probatur</strong></span> <span class='ocrx_word' id='word_1_230' title='bbox 648 2239 752 2291; x_wconf 90' lang='lat' dir='ltr'><strong>Orellii</strong></span> <span class='ocrx_word' id='word_1_231' title='bbox 776 2239 928 2303; x_wconf 84' lang='lat' dir='ltr'><strong>sententia,</strong></span> <span class='ocrx_word' id='word_1_232' title='bbox 948 2240 988 2290; x_wconf 83' lang='lat' dir='ltr'><strong>ite</strong></span> <span class='ocrx_word' id='word_1_233' title='bbox 1006 2248 1109 2303; x_wconf 82' lang='lat' dir='ltr'><strong>temen,</strong></span> <span class='ocrx_word' id='word_1_234' title='bbox 1131 2247 1242 2290; x_wconf 89' lang='lat' dir='ltr'><strong>utnon</strong></span> <span class='ocrx_word' id='word_1_235' title='bbox 1260 2254 1358 2289; x_wconf 85' lang='lat' dir='ltr'><strong>assen-</strong></span> 
     </span>
     <span class='ocr_line' id='line_1_26' title="bbox 190 2308 1359 2385; baseline -0.002 -22"><span class='ocrx_word' id='word_1_236' title='bbox 190 2311 274 2375; x_wconf 82' lang='lat' dir='ltr'><strong>¹tium</strong></span> <span class='ocrx_word' id='word_1_237' title='bbox 306 2310 416 2363; x_wconf 83' lang='lat' dir='ltr'><strong>dicenti</strong></span> <span class='ocrx_word' id='word_1_238' title='bbox 444 2310 561 2378; x_wconf 83' lang='lat' dir='ltr'><strong>probari</strong></span> <span class='ocrx_word' id='word_1_239' title='bbox 592 2326 672 2380; x_wconf 89' lang='lat' dir='ltr'><strong>posse</strong></span> <span class='ocrx_word' id='word_1_240' title='bbox 696 2311 803 2383; x_wconf 88' lang='lat' dir='ltr'><strong>codicis</strong></span> <span class='ocrx_word' id='word_1_241' title='bbox 830 2312 906 2385; x_wconf 78' lang='lat' dir='ltr'><strong>regii</strong></span> <span class='ocrx_word' id='word_1_242' title='bbox 933 2311 1011 2362; x_wconf 92' lang='lat' dir='ltr'><strong>illius</strong></span> <span class='ocrx_word' id='word_1_243' title='bbox 1036 2309 1110 2381; x_wconf 86' lang='lat' dir='ltr'><strong>apud</strong></span> <span class='ocrx_word' id='word_1_244' title='bbox 1134 2308 1359 2361; x_wconf 79' lang='lat' dir='ltr'><strong>ballemannum</strong></span> 
     </span>
     <span class='ocr_line' id='line_1_27' title="bbox 203 2377 1360 2452; baseline -0.001 -21"><span class='ocrx_word' id='word_1_245' title='bbox 203 2381 371 2446; x_wconf 85' lang='lat' dir='ltr'><strong>lectionem,</strong></span> <span class='ocrx_word' id='word_1_246' title='bbox 390 2381 414 2432; x_wconf 93' lang='lat' dir='ltr'><strong>si</strong></span> <span class='ocrx_word' id='word_1_247' title='bbox 433 2381 456 2432; x_wconf 92' lang='lat' dir='ltr'><strong>is</strong></span> <span class='ocrx_word' id='word_1_248' title='bbox 475 2382 649 2433; x_wconf 85' lang='lat' dir='ltr'><strong>necessarius</strong></span> <span class='ocrx_word' id='word_1_249' title='bbox 668 2391 742 2434; x_wconf 87' lang='lat' dir='ltr'><strong>esset</strong></span> <span class='ocrx_word' id='word_1_250' title='bbox 760 2400 866 2447; x_wconf 86' lang='lat' dir='ltr'><strong>sensus,</strong></span> <span class='ocrx_word' id='word_1_251' title='bbox 891 2400 977 2452; x_wconf 88' lang='lat' dir='ltr'><strong>quem</strong></span> <span class='ocrx_word' id='word_1_252' title='bbox 995 2382 1100 2433; x_wconf 89' lang='lat' dir='ltr'><strong>volunt</strong></span> <span class='ocrx_word' id='word_1_253' title='bbox 1117 2380 1149 2444; x_wconf 85' lang='lat' dir='ltr'><strong>ii,</strong></span> <span class='ocrx_word' id='word_1_254' title='bbox 1169 2380 1220 2449; x_wconf 81' lang='lat' dir='ltr'><strong>qui</strong></span> <span class='ocrx_word' id='word_1_255' title='bbox 1237 2398 1254 2430; x_wconf 89' lang='lat' dir='ltr'>a</span> <span class='ocrx_word' id='word_1_256' title='bbox 1269 2377 1360 2430; x_wconf 87' lang='lat' dir='ltr'><strong>Bent-</strong></span> 
     </span>
     <span class='ocr_line' id='line_1_28' title="bbox 201 2450 1360 2521; baseline 0.002 -20"><span class='ocrx_word' id='word_1_257' title='bbox 201 2450 254 2516; x_wconf 87' lang='lat' dir='ltr'><strong>leji</strong></span> <span class='ocrx_word' id='word_1_258' title='bbox 279 2460 354 2504; x_wconf 84' lang='lat' dir='ltr'><strong>stant</strong></span> <span class='ocrx_word' id='word_1_259' title='bbox 376 2452 514 2521; x_wconf 81' lang='lat' dir='ltr'><strong>pertibus.</strong></span> <span class='ocrx_word' id='word_1_260' title='bbox 553 2451 632 2517; x_wconf 81' lang='lat' dir='ltr'><strong>Quod</strong></span> <span class='ocrx_word' id='word_1_261' title='bbox 656 2453 680 2504; x_wconf 90' lang='lat' dir='ltr'><strong>si</strong></span> <span class='ocrx_word' id='word_1_262' title='bbox 702 2454 840 2506; x_wconf 88' lang='lat' dir='ltr'><strong>voluisset</strong></span> <span class='ocrx_word' id='word_1_263' title='bbox 866 2454 977 2517; x_wconf 82' lang='lat' dir='ltr'><strong>Cicero,</strong></span> <span class='ocrx_word' id='word_1_264' title='bbox 1001 2452 1059 2504; x_wconf 84' lang='lat' dir='ltr'><strong>alio</strong></span> <span class='ocrx_word' id='word_1_265' title='bbox 1085 2452 1170 2521; x_wconf 81' lang='lat' dir='ltr'><strong>plene</strong></span> <span class='ocrx_word' id='word_1_266' title='bbox 1190 2469 1257 2501; x_wconf 89' lang='lat' dir='ltr'><strong>usus</strong></span> <span class='ocrx_word' id='word_1_267' title='bbox 1284 2458 1360 2503; x_wconf 87' lang='lat' dir='ltr'><strong>esset</strong></span> 
     </span>
    </p>
   </div>
   <div class='ocr_carea' id='block_1_6' title="bbox 77 2521 1358 2593">
    <p class='ocr_par' dir='ltr' id='par_1_6' title="bbox 77 2521 1358 2593">
     <span class='ocr_line' id='line_1_29' title="bbox 77 2521 1358 2593; baseline 0 -19"><span class='ocrx_word' id='word_1_268' title='bbox 77 2548 88 2555; x_wconf 94' lang='lat'>-</span> <span class='ocrx_word' id='word_1_269' title='bbox 112 2569 114 2575; x_wconf 91' lang='lat'><em>.</em></span> <span class='ocrx_word' id='word_1_270' title='bbox 201 2522 358 2592; x_wconf 85' lang='lat' dir='ltr'><strong>verborum</strong></span> <span class='ocrx_word' id='word_1_271' title='bbox 376 2523 495 2587; x_wconf 86' lang='lat' dir='ltr'><strong>ordine;</strong></span> <span class='ocrx_word' id='word_1_272' title='bbox 515 2522 580 2588; x_wconf 90' lang='lat' dir='ltr'><strong>hoc,</strong></span> <span class='ocrx_word' id='word_1_273' title='bbox 599 2524 655 2574; x_wconf 87' lang='lat' dir='ltr'><strong>nisi</strong></span> <span class='ocrx_word' id='word_1_274' title='bbox 666 2524 769 2576; x_wconf 81' lang='lat' dir='ltr'><strong>fallor:</strong></span> <span class='ocrx_word' id='word_1_275' title='bbox 790 2525 863 2593; x_wconf 81' lang='lat' dir='ltr'><strong>quod</strong></span> <span class='ocrx_word' id='word_1_276' title='bbox 878 2530 996 2592; x_wconf 78' lang='lat' dir='ltr'><strong>possunt</strong></span> <span class='ocrx_word' id='word_1_277' title='bbox 1015 2523 1105 2576; x_wconf 87' lang='lat' dir='ltr'><strong>animi</strong></span> <span class='ocrx_word' id='word_1_278' title='bbox 1120 2521 1242 2575; x_wconf 85' lang='lat' dir='ltr'><strong>uolentes</strong></span> <span class='ocrx_word' id='word_1_279' title='bbox 1260 2523 1358 2574; x_wconf 88' lang='lat' dir='ltr'><strong>morbo</strong></span> 
     </span>
    </p>
   </div>
   <div class='ocr_carea' id='block_1_7' title="bbox 190 2592 1382 2877">
    <p class='ocr_par' dir='ltr' id='par_1_7' title="bbox 190 2592 1382 2877">
     <span class='ocr_line' id='line_1_30' title="bbox 201 2592 1359 2661; baseline -0.002 -14"><span class='ocrx_word' id='word_1_280' title='bbox 201 2592 313 2658; x_wconf 83' lang='lat' dir='ltr'><strong>tentari,</strong></span> <span class='ocrx_word' id='word_1_281' title='bbox 338 2600 456 2661; x_wconf 80' lang='lat' dir='ltr'><strong>possunt</strong></span> <span class='ocrx_word' id='word_1_282' title='bbox 483 2609 615 2660; x_wconf 83' lang='lat' dir='ltr'><strong>corpora:</strong></span> <span class='ocrx_word' id='word_1_283' title='bbox 645 2596 696 2646; x_wconf 84' lang='lat' dir='ltr'><strong>sed</strong></span> <span class='ocrx_word' id='word_1_284' title='bbox 719 2604 773 2651; x_wconf 87' lang='lat' dir='ltr'><strong>cet.</strong></span> <span class='ocrx_word' id='word_1_285' title='bbox 817 2597 953 2648; x_wconf 84' lang='lat' dir='ltr'><strong>Ceterum</strong></span> <span class='ocrx_word' id='word_1_286' title='bbox 977 2611 1073 2646; x_wconf 88' lang='lat' dir='ltr'><strong>omnes</strong></span> <span class='ocrx_word' id='word_1_287' title='bbox 1097 2594 1131 2646; x_wconf 86' lang='lat' dir='ltr'><strong>ad</strong></span> <span class='ocrx_word' id='word_1_288' title='bbox 1152 2610 1243 2644; x_wconf 88' lang='lat' dir='ltr'><strong>unum</strong></span> <span class='ocrx_word' id='word_1_289' title='bbox 1266 2593 1359 2645; x_wconf 90' lang='lat' dir='ltr'><strong>nostri</strong></span> 
     </span>
     <span class='ocr_line' id='line_1_31' title="bbox 190 2663 1382 2735; baseline -0.004 -17"><span class='ocrx_word' id='word_1_290' title='bbox 190 2663 288 2719; x_wconf 51' lang='lat' dir='ltr'><strong>¹(iodd.</strong></span> <span class='ocrx_word' id='word_1_291' title='bbox 308 2664 502 2729; x_wconf 86' lang='lat' dir='ltr'><strong>consentiunt,</strong></span> <span class='ocrx_word' id='word_1_292' title='bbox 529 2682 623 2734; x_wconf 88' lang='lat' dir='ltr'><strong>neque</strong></span> <span class='ocrx_word' id='word_1_293' title='bbox 647 2674 690 2717; x_wconf 92' lang='lat' dir='ltr'><strong>est</strong></span> <span class='ocrx_word' id='word_1_294' title='bbox 712 2683 765 2716; x_wconf 89' lang='lat' dir='ltr'><strong>our</strong></span> <span class='ocrx_word' id='word_1_295' title='bbox 790 2683 836 2719; x_wconf 91' lang='lat' dir='ltr'><strong>eos</strong></span> <span class='ocrx_word' id='word_1_296' title='bbox 860 2667 1031 2730; x_wconf 83' lang='lat' dir='ltr'><strong>deseramus,</strong></span> <span class='ocrx_word' id='word_1_297' title='bbox 1060 2682 1148 2735; x_wconf 90' lang='lat' dir='ltr'><strong>quum</strong></span> <span class='ocrx_word' id='word_1_298' title='bbox 1166 2663 1243 2715; x_wconf 87' lang='lat' dir='ltr'><strong>haud</strong></span> <span class='ocrx_word' id='word_1_299' title='bbox 1261 2664 1358 2715; x_wconf 86' lang='lat' dir='ltr'><strong>absur-</strong></span> <span class='ocrx_word' id='word_1_300' title='bbox 1379 2703 1382 2711; x_wconf 90' lang='lat'><em>.</em></span> 
     </span>
     <span class='ocr_line' id='line_1_32' title="bbox 201 2730 1356 2797; baseline -0.001 -9"><span class='ocrx_word' id='word_1_301' title='bbox 201 2735 266 2789; x_wconf 79' lang='lat' dir='ltr'><strong>dam</strong></span> <span class='ocrx_word' id='word_1_302' title='bbox 284 2735 419 2789; x_wconf 84' lang='lat' dir='ltr'><strong>exhibeat</strong></span> <span class='ocrx_word' id='word_1_303' title='bbox 437 2752 537 2789; x_wconf 89' lang='lat' dir='ltr'><strong>eorum</strong></span> <span class='ocrx_word' id='word_1_304' title='bbox 555 2737 643 2788; x_wconf 89' lang='lat' dir='ltr'><strong>lectio</strong></span> <span class='ocrx_word' id='word_1_305' title='bbox 662 2737 841 2793; x_wconf 82' lang='lat' dir='ltr'><strong>sententiam.</strong></span> <span class='ocrx_word' id='word_1_306' title='bbox 866 2738 933 2790; x_wconf 82' lang='lat' dir='ltr'><strong>God.</strong></span> <span class='ocrx_word' id='word_1_307' title='bbox 953 2737 1039 2789; x_wconf 87' lang='lat' dir='ltr'><strong>Vind.</strong></span> <span class='ocrx_word' id='word_1_308' title='bbox 1061 2730 1093 2791; x_wconf 67' lang='lat' dir='ltr'><strong>l?</strong></span> <span class='ocrx_word' id='word_1_309' title='bbox 1113 2735 1224 2787; x_wconf 88' lang='lat' dir='ltr'><strong>omittit</strong></span> <span class='ocrx_word' id='word_1_310' title='bbox 1248 2735 1356 2797; x_wconf 71' lang='lat' dir='ltr'><strong>merim</strong></span> 
     </span>
     <span class='ocr_line' id='line_1_33' title="bbox 203 2806 1357 2877; baseline -0.003 -17"><span class='ocrx_word' id='word_1_311' title='bbox 203 2807 275 2860; x_wconf 86' lang='lat' dir='ltr'><strong>Gud.</strong></span> <span class='ocrx_word' id='word_1_312' title='bbox 297 2811 322 2862; x_wconf 79' lang='grc' dir='ltr'><strong>Ι.</strong></span> <span class='ocrx_word' id='word_1_313' title='bbox 355 2816 419 2876; x_wconf 91' lang='lat' dir='ltr'><strong>post</strong></span> <span class='ocrx_word' id='word_1_314' title='bbox 444 2822 564 2875; x_wconf 85' lang='lat' dir='ltr'><strong>corpora</strong></span> <span class='ocrx_word' id='word_1_315' title='bbox 591 2806 719 2859; x_wconf 82' lang='lat' dir='ltr'><strong>additum</strong></span> <span class='ocrx_word' id='word_1_316' title='bbox 741 2809 861 2875; x_wconf 82' lang='lat' dir='ltr'><strong>habebat</strong></span> <span class='ocrx_word' id='word_1_317' title='bbox 879 2814 985 2861; x_wconf 83' lang='lat' dir='ltr'><strong>autem.-</strong></span> <span class='ocrx_word' id='word_1_318' title='bbox 1014 2807 1062 2859; x_wconf 86' lang='lat' dir='ltr'><strong>sed</strong></span> <span class='ocrx_word' id='word_1_319' title='bbox 1080 2806 1203 2877; x_wconf 63' lang='lat' dir='ltr'><strong>⁴&#39;punctis</strong></span> <span class='ocrx_word' id='word_1_320' title='bbox 1225 2812 1357 2858; x_wconf 82' lang='lat' dir='ltr'><strong>notatum</strong></span> 
     </span>
    </p>
   </div>
   <div class='ocr_carea' id='block_1_8' title="bbox 102 2876 1355 2947">
    <p class='ocr_par' dir='ltr' id='par_1_8' title="bbox 102 2876 1355 2947">
     <span class='ocr_line' id='line_1_34' title="bbox 102 2876 1355 2947; baseline 0 -18"><span class='ocrx_word' id='word_1_321' title='bbox 102 2900 107 2910; x_wconf 88' lang='lat'>·</span> <span class='ocrx_word' id='word_1_322' title='bbox 202 2885 245 2930; x_wconf 89' lang='lat' dir='ltr'><strong>est</strong></span> <span class='ocrx_word' id='word_1_323' title='bbox 268 2876 324 2929; x_wconf 86' lang='lat' dir='ltr'><strong>hoc</strong></span> <span class='ocrx_word' id='word_1_324' title='bbox 348 2878 526 2930; x_wconf 87' lang='lat' dir='ltr'><strong>vocabulum.</strong></span> <span class='ocrx_word' id='word_1_325' title='bbox 557 2878 630 2930; x_wconf 88' lang='lat' dir='ltr'><strong>Gud.</strong></span> <span class='ocrx_word' id='word_1_326' title='bbox 657 2882 682 2934; x_wconf 80' lang='lat'><strong>2.</strong></span> <span class='ocrx_word' id='word_1_327' title='bbox 710 2880 775 2947; x_wconf 76' lang='lat' dir='ltr'><strong>p&#39;ost</strong></span> <span class='ocrx_word' id='word_1_328' title='bbox 803 2880 853 2932; x_wconf 85' lang='lat' dir='ltr'><strong>sed</strong></span> <span class='ocrx_word' id='word_1_329' title='bbox 879 2880 991 2932; x_wconf 86' lang='lat' dir='ltr'><strong>omittit</strong></span> <span class='ocrx_word' id='word_1_330' title='bbox 1017 2893 1171 2944; x_wconf 88' lang='lat' dir='ltr'><strong>corporum.</strong></span> <span class='ocrx_word' id='word_1_331' title='bbox 1218 2878 1273 2929; x_wconf 87' lang='lat' dir='ltr'><strong>Pro</strong></span> <span class='ocrx_word' id='word_1_332' title='bbox 1302 2891 1355 2930; x_wconf 86' lang='lat' dir='ltr'><strong>non</strong></span> 
     </span>
    </p>
   </div>
   <div class='ocr_carea' id='block_1_9' title="bbox 136 2947 1402 4527">
    <p class='ocr_par' dir='ltr' id='par_1_9' title="bbox 136 2947 1402 4527">
     <span class='ocr_line' id='line_1_35' title="bbox 202 2947 1353 3022; baseline -0.002 -22"><span class='ocrx_word' id='word_1_333' title='bbox 202 2948 285 3000; x_wconf 84' lang='lat' dir='ltr'><strong>item</strong></span> <span class='ocrx_word' id='word_1_334' title='bbox 310 2965 383 3000; x_wconf 88' lang='lat' dir='ltr'><strong>unus</strong></span> <span class='ocrx_word' id='word_1_335' title='bbox 403 2950 452 3002; x_wconf 84' lang='lat' dir='ltr'><strong>Ox.</strong></span> <span class='ocrx_word' id='word_1_336' title='bbox 478 2948 564 3003; x_wconf 82' lang='lat' dir='ltr'><strong>habet</strong></span> <span class='ocrx_word' id='word_1_337' title='bbox 591 2966 646 3002; x_wconf 89' lang='lat' dir='ltr'><strong>non</strong></span> <span class='ocrx_word' id='word_1_338' title='bbox 668 2950 771 3002; x_wconf 82' lang='lat' dir='ltr'><strong>idem.</strong></span> <span class='ocrx_word' id='word_1_339' title='bbox 800 2950 879 3016; x_wconf 80' lang='lat' dir='ltr'><strong>eod,</strong></span> <span class='ocrx_word' id='word_1_340' title='bbox 905 2950 1083 3018; x_wconf 88' lang='lat' dir='ltr'><strong>nescioqui,</strong></span> <span class='ocrx_word' id='word_1_341' title='bbox 1110 2949 1141 3000; x_wconf 90' lang='lat' dir='ltr'><strong>in</strong></span> <span class='ocrx_word' id='word_1_342' title='bbox 1160 2965 1251 3022; x_wconf 78' lang='lat' dir='ltr'><strong>marg.</strong></span> <span class='ocrx_word' id='word_1_343' title='bbox 1271 2947 1353 3000; x_wconf 87' lang='lat' dir='ltr'><strong>Verb.</strong></span> 
     </span>
     <span class='ocr_line' id='line_1_36' title="bbox 136 3018 1355 3091; baseline -0.003 -18"><span class='ocrx_word' id='word_1_344' title='bbox 136 3032 144 3038; x_wconf 86' lang='grc'>·</span> <span class='ocrx_word' id='word_1_345' title='bbox 202 3018 341 3085; x_wconf 74' lang='lat' dir='ltr'><strong>nonita,</strong></span> <span class='ocrx_word' id='word_1_346' title='bbox 369 3019 458 3073; x_wconf 87' lang='lat' dir='ltr'><strong>Rehd.</strong></span> <span class='ocrx_word' id='word_1_347' title='bbox 479 3021 589 3073; x_wconf 91' lang='lat' dir='ltr'><strong>omittit</strong></span> <span class='ocrx_word' id='word_1_348' title='bbox 607 3023 682 3073; x_wconf 87' lang='lat' dir='ltr'><strong>item.</strong></span> <span class='ocrx_word' id='word_1_349' title='bbox 720 3022 863 3075; x_wconf 89' lang='lat' dir='ltr'><strong>Similiter</strong></span> <span class='ocrx_word' id='word_1_350' title='bbox 887 3021 964 3072; x_wconf 85' lang='lat' dir='ltr'><strong>infra</strong></span> <span class='ocrx_word' id='word_1_351' title='bbox 987 3028 1125 3091; x_wconf 83' lang='lat' dir='ltr'><strong>peccatur</strong></span> <span class='ocrx_word' id='word_1_352' title='bbox 1142 3019 1174 3069; x_wconf 88' lang='lat' dir='ltr'><strong>in</strong></span> <span class='ocrx_word' id='word_1_353' title='bbox 1192 3019 1355 3071; x_wconf 86' lang='lat' dir='ltr'><strong>locutione:</strong></span> 
     </span>
     <span class='ocr_line' id='line_1_37' title="bbox 170 3089 1357 3161; baseline -0.003 -18"><span class='ocrx_word' id='word_1_354' title='bbox 170 3134 177 3144; x_wconf 92' lang='lat'>.</span> <span class='ocrx_word' id='word_1_355' title='bbox 200 3089 309 3144; x_wconf 80' lang='lat' dir='ltr'><strong>bebetee</strong></span> <span class='ocrx_word' id='word_1_356' title='bbox 326 3107 380 3145; x_wconf 89' lang='lat' dir='ltr'><strong>non</strong></span> <span class='ocrx_word' id='word_1_357' title='bbox 398 3092 481 3144; x_wconf 85' lang='lat' dir='ltr'><strong>item:</strong></span> <span class='ocrx_word' id='word_1_358' title='bbox 499 3091 549 3142; x_wconf 91' lang='lat' dir='ltr'><strong>ubi</strong></span> <span class='ocrx_word' id='word_1_359' title='bbox 566 3092 624 3144; x_wconf 88' lang='lat' dir='ltr'><strong>vid.</strong></span> <span class='ocrx_word' id='word_1_360' title='bbox 644 3111 720 3144; x_wconf 84' lang='lat' dir='ltr'><strong>verr.</strong></span> <span class='ocrx_word' id='word_1_361' title='bbox 749 3093 829 3145; x_wconf 89' lang='lat' dir='ltr'><strong>lectt.</strong></span> <span class='ocrx_word' id='word_1_362' title='bbox 866 3092 1000 3161; x_wconf 86' lang='lat' dir='ltr'><strong>Scriptor</strong></span> <span class='ocrx_word' id='word_1_363' title='bbox 1018 3090 1129 3143; x_wconf 84' lang='lat' dir='ltr'><strong>Codicis</strong></span> <span class='ocrx_word' id='word_1_364' title='bbox 1147 3089 1236 3142; x_wconf 85' lang='lat' dir='ltr'><strong>Rehd.</strong></span> <span class='ocrx_word' id='word_1_365' title='bbox 1257 3106 1357 3142; x_wconf 84' lang='lat' dir='ltr'><strong>recen·</strong></span> 
     </span>
     <span class='ocr_line' id='line_1_38' title="bbox 199 3160 1355 3234; baseline -0.003 -19"><span class='ocrx_word' id='word_1_366' title='bbox 199 3163 311 3234; x_wconf 82' lang='lat' dir='ltr'><strong>tiorum</strong></span> <span class='ocrx_word' id='word_1_367' title='bbox 328 3180 411 3216; x_wconf 86' lang='lat' dir='ltr'><strong>usum</strong></span> <span class='ocrx_word' id='word_1_368' title='bbox 430 3171 565 3232; x_wconf 80' lang='lat' dir='ltr'><strong>reputans</strong></span> <span class='ocrx_word' id='word_1_369' title='bbox 584 3163 694 3216; x_wconf 89' lang='lat' dir='ltr'><strong>delevit</strong></span> <span class='ocrx_word' id='word_1_370' title='bbox 712 3180 823 3229; x_wconf 86' lang='lat' dir='ltr'><strong>vocem,</strong></span> <span class='ocrx_word' id='word_1_371' title='bbox 843 3181 938 3233; x_wconf 88' lang='lat' dir='ltr'><strong>quam,</strong></span> <span class='ocrx_word' id='word_1_372' title='bbox 958 3163 1010 3232; x_wconf 89' lang='lat' dir='ltr'><strong>qui</strong></span> <span class='ocrx_word' id='word_1_373' title='bbox 1025 3160 1198 3228; x_wconf 81' lang='lat' dir='ltr'><strong>Germanice</strong></span> <span class='ocrx_word' id='word_1_374' title='bbox 1217 3177 1251 3226; x_wconf 88' lang='lat' dir='ltr'><strong>co</strong></span> <span class='ocrx_word' id='word_1_375' title='bbox 1274 3161 1355 3224; x_wconf 64' lang='lat' dir='ltr'><strong>&#39;tent</strong></span> 
     </span>
     <span class='ocr_line' id='line_1_39' title="bbox 200 3231 1356 3305; baseline -0.002 -20"><span class='ocrx_word' id='word_1_376' title='bbox 200 3251 258 3286; x_wconf 93' lang='lat' dir='ltr'><strong>non</strong></span> <span class='ocrx_word' id='word_1_377' title='bbox 282 3234 452 3288; x_wconf 85' lang='lat' dir='ltr'><strong>desiderant.</strong></span> <span class='ocrx_word' id='word_1_378' title='bbox 490 3235 660 3305; x_wconf 81' lang='lat' dir='ltr'><strong>Nec&#39;plane</strong></span> <span class='ocrx_word' id='word_1_379' title='bbox 686 3235 787 3289; x_wconf 84' lang='lat' dir='ltr'><strong>desunt</strong></span> <span class='ocrx_word' id='word_1_380' title='bbox 812 3235 872 3287; x_wconf 91' lang='lat' dir='ltr'><strong>eius</strong></span> <span class='ocrx_word' id='word_1_381' title='bbox 895 3252 961 3285; x_wconf 87' lang='lat' dir='ltr'><strong>usus</strong></span> <span class='ocrx_word' id='word_1_382' title='bbox 988 3232 1121 3302; x_wconf 87' lang='lat' dir='ltr'><strong>exempla</strong></span> <span class='ocrx_word' id='word_1_383' title='bbox 1145 3231 1220 3301; x_wconf 83' lang='lat' dir='ltr'><strong>apud</strong></span> <span class='ocrx_word' id='word_1_384' title='bbox 1267 3233 1356 3285; x_wconf 86' lang='lat' dir='ltr'><strong>icero-</strong></span> 
     </span>
     <span class='ocr_line' id='line_1_40' title="bbox 200 3303 1354 3374; baseline -0.003 -18"><span class='ocrx_word' id='word_1_385' title='bbox 200 3322 278 3369; x_wconf 86' lang='lat' dir='ltr'><strong>nem,</strong></span> <span class='ocrx_word' id='word_1_386' title='bbox 296 3325 324 3359; x_wconf 89' lang='lat' dir='ltr'><strong>v.</strong></span> <span class='ocrx_word' id='word_1_387' title='bbox 345 3323 369 3358; x_wconf 91' lang='lat' dir='ltr'><strong>c.</strong></span> <span class='ocrx_word' id='word_1_388' title='bbox 389 3307 424 3358; x_wconf 82' lang='lat' dir='ltr'><strong>ed</strong></span> <span class='ocrx_word' id='word_1_389' title='bbox 440 3305 503 3358; x_wconf 83' lang='lat' dir='ltr'><strong>Au.</strong></span> <span class='ocrx_word' id='word_1_390' title='bbox 523 3306 597 3357; x_wconf 88' lang='lat' dir='ltr'>XIV.</span> <span class='ocrx_word' id='word_1_391' title='bbox 620 3309 667 3361; x_wconf 77' lang='lat'><strong>12:</strong></span> <span class='ocrx_word' id='word_1_392' title='bbox 705 3322 782 3374; x_wconf 79' lang='lat' dir='ltr'><strong>quem</strong></span> <span class='ocrx_word' id='word_1_393' title='bbox 807 3306 916 3373; x_wconf 85' lang='lat' dir='ltr'><strong>quidem</strong></span> <span class='ocrx_word' id='word_1_394' title='bbox 943 3303 990 3356; x_wconf 86' lang='lat' dir='ltr'><strong>sui</strong></span> <span class='ocrx_word' id='word_1_395' title='bbox 1009 3305 1160 3356; x_wconf 79' lang='lat' dir='ltr'><strong>Caesarem</strong></span> <span class='ocrx_word' id='word_1_396' title='bbox 1183 3303 1354 3356; x_wconf 79' lang='lat' dir='ltr'><strong>sulrrtubunt.</strong></span> 
     </span>
     <span class='ocr_line' id='line_1_41' title="bbox 199 3371 1355 3445; baseline -0.003 -18"><span class='ocrx_word' id='word_1_397' title='bbox 199 3375 350 3444; x_wconf 74' lang='lat' dir='ltr'><strong>Philippus</strong></span> <span class='ocrx_word' id='word_1_398' title='bbox 367 3394 443 3432; x_wconf 86' lang='lat' dir='ltr'><strong>non.</strong></span> <span class='ocrx_word' id='word_1_399' title='bbox 464 3377 501 3428; x_wconf 91' lang='lat' dir='ltr'><strong>ib.</strong></span> <span class='ocrx_word' id='word_1_400' title='bbox 523 3377 595 3428; x_wconf 84' lang='lat' dir='ltr'><strong>xv1.</strong></span> <span class='ocrx_word' id='word_1_401' title='bbox 616 3380 650 3431; x_wconf 88' lang='lat'><strong>9:</strong></span> <span class='ocrx_word' id='word_1_402' title='bbox 674 3374 799 3430; x_wconf 86' lang='lat' dir='ltr'><strong>Varroni</strong></span> <span class='ocrx_word' id='word_1_403' title='bbox 818 3377 928 3445; x_wconf 86' lang='lat' dir='ltr'><strong>quidem</strong></span> <span class='ocrx_word' id='word_1_404' title='bbox 946 3375 1079 3444; x_wconf 80' lang='lat' dir='ltr'><strong>displicet</strong></span> <span class='ocrx_word' id='word_1_405' title='bbox 1097 3372 1247 3426; x_wconf 85' lang='lat' dir='ltr'><strong>consilium</strong></span> <span class='ocrx_word' id='word_1_406' title='bbox 1262 3371 1355 3442; x_wconf 79' lang='lat' dir='ltr'><strong>pueri,</strong></span> 
     </span>
     <span class='ocr_line' id='line_1_42' title="bbox 199 3444 1354 3517; baseline -0.003 -19"><span class='ocrx_word' id='word_1_407' title='bbox 199 3445 272 3501; x_wconf 85' lang='lat' dir='ltr'><strong>mibi</strong></span> <span class='ocrx_word' id='word_1_408' title='bbox 290 3464 361 3501; x_wconf 90' lang='lat' dir='ltr'><strong>non.</strong></span> <span class='ocrx_word' id='word_1_409' title='bbox 394 3448 440 3503; x_wconf 86' lang='lat' dir='ltr'><strong>De</strong></span> <span class='ocrx_word' id='word_1_410' title='bbox 459 3464 492 3500; x_wconf 88' lang='lat' dir='ltr'><strong>eo</strong></span> <span class='ocrx_word' id='word_1_411' title='bbox 510 3461 580 3499; x_wconf 86' lang='lat' dir='ltr'><strong>vero</strong></span> <span class='ocrx_word' id='word_1_412' title='bbox 599 3463 661 3512; x_wconf 87' lang='lat' dir='ltr'><strong>usu,</strong></span> <span class='ocrx_word' id='word_1_413' title='bbox 692 3448 742 3517; x_wconf 87' lang='lat' dir='ltr'><strong>qui</strong></span> <span class='ocrx_word' id='word_1_414' title='bbox 765 3456 862 3500; x_wconf 90' lang='lat' dir='ltr'><strong>nostro</strong></span> <span class='ocrx_word' id='word_1_415' title='bbox 885 3447 949 3499; x_wconf 92' lang='lat' dir='ltr'><strong>loco</strong></span> <span class='ocrx_word' id='word_1_416' title='bbox 968 3447 1088 3510; x_wconf 88' lang='lat' dir='ltr'><strong>obtinet,</strong></span> <span class='ocrx_word' id='word_1_417' title='bbox 1115 3445 1174 3497; x_wconf 88' lang='lat' dir='ltr'><strong>vid.</strong></span> <span class='ocrx_word' id='word_1_418' title='bbox 1192 3444 1354 3497; x_wconf 77' lang='lat' dir='ltr'><strong>Tursellin.</strong></span> 
     </span>
     <span class='ocr_line' id='line_1_43' title="bbox 199 3515 1358 3588; baseline -0.004 -18"><span class='ocrx_word' id='word_1_419' title='bbox 199 3517 235 3571; x_wconf 91' lang='lat' dir='ltr'><strong>de</strong></span> <span class='ocrx_word' id='word_1_420' title='bbox 253 3519 371 3571; x_wconf 83' lang='lat' dir='ltr'><strong>Partiec.</strong></span> <span class='ocrx_word' id='word_1_421' title='bbox 392 3536 420 3588; x_wconf 92' lang='lat' dir='ltr'><strong>p.</strong></span> <span class='ocrx_word' id='word_1_422' title='bbox 440 3521 501 3574; x_wconf 78' lang='lat'><strong>435.</strong></span> <span class='ocrx_word' id='word_1_423' title='bbox 523 3517 566 3571; x_wconf 85' lang='lat' dir='ltr'><strong>ed.</strong></span> <span class='ocrx_word' id='word_1_424' title='bbox 587 3517 732 3571; x_wconf 75' lang='lat' dir='ltr'><strong>Schwart.</strong></span> <span class='ocrx_word' id='word_1_425' title='bbox 761 3518 900 3582; x_wconf 79' lang='lat' dir='ltr'><strong>Adsum,</strong></span> <span class='ocrx_word' id='word_1_426' title='bbox 920 3518 971 3586; x_wconf 89' lang='lat' dir='ltr'><strong>qui</strong></span> <span class='ocrx_word' id='word_1_427' title='bbox 989 3518 1021 3568; x_wconf 88' lang='lat' dir='ltr'><strong>in</strong></span> <span class='ocrx_word' id='word_1_428' title='bbox 1039 3535 1117 3586; x_wconf 86' lang='lat' dir='ltr'><strong>seqq.</strong></span> <span class='ocrx_word' id='word_1_429' title='bbox 1139 3515 1261 3581; x_wconf 89' lang='lat' dir='ltr'><strong>obtinet,</strong></span> <span class='ocrx_word' id='word_1_430' title='bbox 1280 3515 1358 3570; x_wconf 80' lang='lat' dir='ltr'><strong>vocis</strong></span> 
     </span>
     <span class='ocr_line' id='line_1_44' title="bbox 199 3588 1358 3656; baseline -0.005 -14"><span class='ocrx_word' id='word_1_431' title='bbox 199 3588 290 3642; x_wconf 82' lang='lat' dir='ltr'><strong>morbi</strong></span> <span class='ocrx_word' id='word_1_432' title='bbox 307 3608 391 3642; x_wconf 90' lang='lat' dir='ltr'><strong>usum</strong></span> <span class='ocrx_word' id='word_1_433' title='bbox 409 3590 468 3645; x_wconf 81' lang='lat' dir='ltr'><strong>vid.</strong></span> <span class='ocrx_word' id='word_1_434' title='bbox 490 3590 631 3641; x_wconf 85' lang='lat' dir='ltr'><strong>Goerenz.</strong></span> <span class='ocrx_word' id='word_1_435' title='bbox 653 3588 687 3640; x_wconf 85' lang='lat' dir='ltr'><strong>ad</strong></span> <span class='ocrx_word' id='word_1_436' title='bbox 705 3589 765 3641; x_wconf 84' lang='lat' dir='ltr'><strong>Cic.</strong></span> <span class='ocrx_word' id='word_1_437' title='bbox 784 3589 886 3642; x_wconf 79' lang='lat' dir='ltr'><strong>Acadd.</strong></span> <span class='ocrx_word' id='word_1_438' title='bbox 906 3590 929 3641; x_wconf 92' lang='lat'><strong>1.</strong></span> <span class='ocrx_word' id='word_1_439' title='bbox 952 3591 993 3642; x_wconf 87' lang='lat'><strong>10.</strong></span> <span class='ocrx_word' id='word_1_440' title='bbox 1013 3591 1057 3643; x_wconf 80' lang='lat'><strong>38.</strong></span> <span class='ocrx_word' id='word_1_441' title='bbox 1077 3605 1105 3656; x_wconf 85' lang='lat' dir='ltr'><strong>p.</strong></span> <span class='ocrx_word' id='word_1_442' title='bbox 1127 3589 1169 3640; x_wconf 82' lang='lat'><strong>60.</strong></span> <span class='ocrx_word' id='word_1_443' title='bbox 1199 3589 1268 3638; x_wconf 83' lang='lat' dir='ltr'><strong>Mox</strong></span> <span class='ocrx_word' id='word_1_444' title='bbox 1284 3602 1358 3637; x_wconf 86' lang='lat' dir='ltr'><strong>unus</strong></span> 
     </span>
     <span class='ocr_line' id='line_1_45' title="bbox 200 3657 1359 3730; baseline -0.005 -16"><span class='ocrx_word' id='word_1_445' title='bbox 200 3661 250 3714; x_wconf 88' lang='lat' dir='ltr'><strong>Ox.</strong></span> <span class='ocrx_word' id='word_1_446' title='bbox 277 3660 503 3728; x_wconf 77' lang='lat' dir='ltr'><strong>perturbationes</strong></span> <span class='ocrx_word' id='word_1_447' title='bbox 526 3658 761 3727; x_wconf 69' lang='lat' dir='ltr'><strong>exasperatione,</strong></span> <span class='ocrx_word' id='word_1_448' title='bbox 786 3661 861 3730; x_wconf 89' lang='lat' dir='ltr'><strong>quod</strong></span> <span class='ocrx_word' id='word_1_449' title='bbox 884 3659 1053 3713; x_wconf 84' lang='lat' dir='ltr'><strong>vocabulum</strong></span> <span class='ocrx_word' id='word_1_450' title='bbox 1077 3675 1114 3710; x_wconf 89' lang='lat' dir='ltr'><strong>ne</strong></span> <span class='ocrx_word' id='word_1_451' title='bbox 1138 3657 1359 3712; x_wconf 78' lang='lat' dir='ltr'><strong>ciceronianum</strong></span> 
     </span>
     <span class='ocr_line' id='line_1_46' title="bbox 200 3728 1359 3801; baseline -0.003 -19"><span class='ocrx_word' id='word_1_452' title='bbox 200 3731 317 3801; x_wconf 89' lang='lat' dir='ltr'><strong>quidem</strong></span> <span class='ocrx_word' id='word_1_453' title='bbox 337 3741 388 3797; x_wconf 89' lang='lat' dir='ltr'><strong>est,</strong></span> <span class='ocrx_word' id='word_1_454' title='bbox 408 3737 584 3801; x_wconf 79' lang='lat' dir='ltr'><strong>quamquam</strong></span> <span class='ocrx_word' id='word_1_455' title='bbox 602 3732 651 3796; x_wconf 82' lang='lat' dir='ltr'><strong>ita,</strong></span> <span class='ocrx_word' id='word_1_456' title='bbox 670 3732 790 3784; x_wconf 87' lang='lat' dir='ltr'><strong>fortasse</strong></span> <span class='ocrx_word' id='word_1_457' title='bbox 808 3733 917 3785; x_wconf 87' lang='lat' dir='ltr'><strong>invitus</strong></span> <span class='ocrx_word' id='word_1_458' title='bbox 936 3730 1045 3794; x_wconf 88' lang='lat' dir='ltr'><strong>edidit,</strong></span> <span class='ocrx_word' id='word_1_459' title='bbox 1061 3728 1187 3791; x_wconf 86' lang='lat' dir='ltr'><strong>Alteros,</strong></span> <span class='ocrx_word' id='word_1_460' title='bbox 1211 3729 1261 3782; x_wconf 85' lang='lat' dir='ltr'><strong>sed</strong></span> <span class='ocrx_word' id='word_1_461' title='bbox 1280 3745 1359 3798; x_wconf 89' lang='lat' dir='ltr'><strong>sepa-</strong></span> 
     </span>
     <span class='ocr_line' id='line_1_47' title="bbox 198 3800 1359 3876; baseline -0.003 -22"><span class='ocrx_word' id='word_1_462' title='bbox 198 3803 269 3855; x_wconf 81' lang='lat' dir='ltr'><strong>ratis</strong></span> <span class='ocrx_word' id='word_1_463' title='bbox 287 3803 404 3854; x_wconf 85' lang='lat' dir='ltr'><strong>vocibus</strong></span> <span class='ocrx_word' id='word_1_464' title='bbox 422 3818 457 3855; x_wconf 75' lang='lat' dir='ltr'><strong>en</strong></span> <span class='ocrx_word' id='word_1_465' title='bbox 476 3803 661 3869; x_wconf 84' lang='lat' dir='ltr'><strong>asperatione,</strong></span> <span class='ocrx_word' id='word_1_466' title='bbox 691 3803 768 3871; x_wconf 88' lang='lat' dir='ltr'><strong>quod</strong></span> <span class='ocrx_word' id='word_1_467' title='bbox 793 3819 850 3854; x_wconf 87' lang='lat' dir='ltr'><strong>non</strong></span> <span class='ocrx_word' id='word_1_468' title='bbox 873 3803 963 3876; x_wconf 79' lang='lat' dir='ltr'><strong>magis</strong></span> <span class='ocrx_word' id='word_1_469' title='bbox 988 3810 1030 3854; x_wconf 90' lang='lat' dir='ltr'><strong>est</strong></span> <span class='ocrx_word' id='word_1_470' title='bbox 1048 3800 1206 3864; x_wconf 87' lang='lat' dir='ltr'><strong>Ciceronis,</strong></span> <span class='ocrx_word' id='word_1_471' title='bbox 1237 3802 1359 3854; x_wconf 85' lang='lat' dir='ltr'><strong>fortasse</strong></span> 
     </span>
     <span class='ocr_line' id='line_1_48' title="bbox 198 3870 1359 3940; baseline -0.001 -16"><span class='ocrx_word' id='word_1_472' title='bbox 198 3873 296 3929; x_wconf 87' lang='lat' dir='ltr'><strong>nihili.</strong></span> <span class='ocrx_word' id='word_1_473' title='bbox 320 3872 410 3925; x_wconf 81' lang='lat' dir='ltr'><strong>Rebd</strong></span> <span class='ocrx_word' id='word_1_474' title='bbox 437 3890 453 3924; x_wconf 87' lang='lat' dir='ltr'>a</span> <span class='ocrx_word' id='word_1_475' title='bbox 480 3876 503 3926; x_wconf 91' lang='lat'><strong>1.</strong></span> <span class='ocrx_word' id='word_1_476' title='bbox 529 3890 568 3925; x_wconf 87' lang='lat' dir='ltr'><strong>m.</strong></span> <span class='ocrx_word' id='word_1_477' title='bbox 592 3872 679 3924; x_wconf 83' lang='lat' dir='ltr'><strong>hebet</strong></span> <span class='ocrx_word' id='word_1_478' title='bbox 705 3888 739 3925; x_wconf 77' lang='lat' dir='ltr'><strong>eu</strong></span> <span class='ocrx_word' id='word_1_479' title='bbox 764 3873 972 3940; x_wconf 78' lang='lat' dir='ltr'><strong>asperitate.</strong></span> <span class='ocrx_word' id='word_1_480' title='bbox 1019 3875 1085 3924; x_wconf 81' lang='lat' dir='ltr'><strong>Mox</strong></span> <span class='ocrx_word' id='word_1_481' title='bbox 1112 3870 1208 3922; x_wconf 88' lang='lat' dir='ltr'><strong>Duisb.</strong></span> <span class='ocrx_word' id='word_1_482' title='bbox 1238 3873 1285 3925; x_wconf 85' lang='lat' dir='ltr'><strong>itu&#39;</strong></span> <span class='ocrx_word' id='word_1_483' title='bbox 1327 3886 1359 3923; x_wconf 92' lang='lat' dir='ltr'><strong>ro</strong></span> 
     </span>
     <span class='ocr_line' id='line_1_49' title="bbox 199 3888 1360 4012; baseline -0.003 -16"><span class='ocrx_word' id='word_1_484' title='bbox 199 3945 304 4012; x_wconf 85' lang='lat' dir='ltr'><strong>itaque,</strong></span> <span class='ocrx_word' id='word_1_485' title='bbox 322 3942 377 3995; x_wconf 92' lang='lat' dir='ltr'><strong>duo</strong></span> <span class='ocrx_word' id='word_1_486' title='bbox 397 3943 467 3995; x_wconf 83' lang='lat' dir='ltr'><strong>Oxx.</strong></span> <span class='ocrx_word' id='word_1_487' title='bbox 493 3943 620 3996; x_wconf 86' lang='lat' dir='ltr'><strong>omnibus</strong></span> <span class='ocrx_word' id='word_1_488' title='bbox 638 3960 691 4012; x_wconf 91' lang='lat' dir='ltr'><strong>pro</strong></span> <span class='ocrx_word' id='word_1_489' title='bbox 710 3942 877 3997; x_wconf 84' lang='lat' dir='ltr'><strong>bominibus.</strong></span> <span class='ocrx_word' id='word_1_490' title='bbox 914 3945 960 3997; x_wconf 90' lang='lat' dir='ltr'><strong>Ad</strong></span> <span class='ocrx_word' id='word_1_491' title='bbox 976 3962 1004 3995; x_wconf 85' lang='lat' dir='ltr'><strong>v.</strong></span> <span class='ocrx_word' id='word_1_492' title='bbox 1034 3942 1065 3995; x_wconf 84' lang='lat' dir='ltr'><strong>in</strong></span> <span class='ocrx_word' id='word_1_493' title='bbox 1088 3940 1246 3996; x_wconf 80' lang='lat' dir='ltr'><strong>bominibus</strong></span> <span class='ocrx_word' id='word_1_494' title='bbox 1269 3888 1360 3995; x_wconf 61' lang='lat' dir='ltr'><strong>sebum</strong></span> 
     </span>
     <span class='ocr_line' id='line_1_50' title="bbox 198 4012 1360 4137; baseline 0 -72"><span class='ocrx_word' id='word_1_495' title='bbox 198 4015 314 4135; x_wconf 70' lang='lat' dir='ltr'><strong>copfert</strong></span> <span class='ocrx_word' id='word_1_496' title='bbox 331 4012 476 4137; x_wconf 49' lang='lat' dir='ltr'><strong>{quoli</strong></span> <span class='ocrx_word' id='word_1_497' title='bbox 502 4015 534 4065; x_wconf 92' lang='lat' dir='ltr'><strong>in</strong></span> <span class='ocrx_word' id='word_1_498' title='bbox 560 4014 667 4067; x_wconf 87' lang='lat' dir='ltr'><strong>scholis</strong></span> <span class='ocrx_word' id='word_1_499' title='bbox 695 4014 716 4080; x_wconf 70' lang='lat' dir='ltr'><strong>b.</strong></span> <span class='ocrx_word' id='word_1_500' title='bbox 739 4019 781 4071; x_wconf 85' lang='lat'><strong>15.</strong></span> <span class='ocrx_word' id='word_1_501' title='bbox 810 4017 846 4084; x_wconf 92' lang='lat' dir='ltr'><strong>[c.</strong></span> <span class='ocrx_word' id='word_1_502' title='bbox 867 4016 905 4083; x_wconf 81' lang='grc'><strong>7.]</strong></span> <span class='ocrx_word' id='word_1_503' title='bbox 932 4032 988 4087; x_wconf 68' lang='lat' dir='ltr'><strong>nep</strong></span> <span class='ocrx_word' id='word_1_504' title='bbox 1011 4015 1042 4068; x_wconf 90' lang='lat' dir='ltr'><strong>in</strong></span> <span class='ocrx_word' id='word_1_505' title='bbox 1065 4016 1106 4069; x_wconf 87' lang='lat' dir='ltr'><strong>eis</strong></span> <span class='ocrx_word' id='word_1_506' title='bbox 1127 4013 1360 4080; x_wconf 77' lang='lat' dir='ltr'><strong>perturbetiones</strong></span> 
     </span>
     <span class='ocr_line' id='line_1_51' title="bbox 199 4095 1365 4141; baseline -0.001 -5"><span class='ocrx_word' id='word_1_507' title='bbox 199 4099 231 4136; x_wconf 90' lang='lat' dir='ltr'><strong>eo</strong></span> <span class='ocrx_word' id='word_1_508' title='bbox 244 4099 296 4137; x_wconf 90' lang='lat' dir='ltr'><strong>um.</strong></span> <span class='ocrx_word' id='word_1_509' title='bbox 370 4102 395 4137; x_wconf 91' lang='lat' dir='ltr'><strong>r.</strong></span> <span class='ocrx_word' id='word_1_510' title='bbox 964 4095 969 4101; x_wconf 76' lang='lat'>&#39;</span> <span class='ocrx_word' id='word_1_511' title='bbox 1159 4104 1165 4117; x_wconf 49' lang='lat'>⁸</span> <span class='ocrx_word' id='word_1_512' title='bbox 1360 4131 1365 4141; x_wconf 66' lang='grc'><strong>.</strong></span> 
     </span>
     <span class='ocr_line' id='line_1_52' title="bbox 268 4153 1360 4226; baseline 0.003 -20"><span class='ocrx_word' id='word_1_513' title='bbox 268 4154 385 4208; x_wconf 83' lang='lat' dir='ltr'><strong>Bestiae</strong></span> <span class='ocrx_word' id='word_1_514' title='bbox 410 4154 503 4210; x_wconf 86' lang='lat' dir='ltr'><strong>simile</strong></span> <span class='ocrx_word' id='word_1_515' title='bbox 530 4156 662 4226; x_wconf 80' lang='lat' dir='ltr'><strong>quiddam</strong></span> <span class='ocrx_word' id='word_1_516' title='bbox 686 4155 802 4224; x_wconf 72' lang='lat' dir='ltr'><strong>fuciunt,</strong></span> <span class='ocrx_word' id='word_1_517' title='bbox 834 4159 884 4211; x_wconf 85' lang='lat' dir='ltr'><strong>eed</strong></span> <span class='ocrx_word' id='word_1_518' title='bbox 909 4157 941 4212; x_wconf 89' lang='lat' dir='ltr'><strong>in</strong></span> <span class='ocrx_word' id='word_1_519' title='bbox 962 4153 1193 4225; x_wconf 84' lang='lat' dir='ltr'><strong>perturbationes</strong></span> <span class='ocrx_word' id='word_1_520' title='bbox 1212 4173 1268 4211; x_wconf 87' lang='lat' dir='ltr'><strong>nou</strong></span> <span class='ocrx_word' id='word_1_521' title='bbox 1286 4153 1360 4209; x_wconf 87' lang='lat' dir='ltr'><strong>inci-</strong></span> 
     </span>
     <span class='ocr_line' id='line_1_53' title="bbox 198 4223 1361 4299; baseline 0 -18"><span class='ocrx_word' id='word_1_522' title='bbox 198 4223 287 4292; x_wconf 80' lang='lat' dir='ltr'><strong>dunt]</strong></span> <span class='ocrx_word' id='word_1_523' title='bbox 331 4225 379 4278; x_wconf 88' lang='lat' dir='ltr'><strong>Sic</strong></span> <span class='ocrx_word' id='word_1_524' title='bbox 407 4227 514 4280; x_wconf 86' lang='lat' dir='ltr'><strong>Seneca</strong></span> <span class='ocrx_word' id='word_1_525' title='bbox 540 4229 575 4282; x_wconf 86' lang='lat' dir='ltr'><strong>dc</strong></span> <span class='ocrx_word' id='word_1_526' title='bbox 601 4229 725 4283; x_wconf 73' lang='lat' dir='ltr'><strong>lraiib.</strong></span> <span class='ocrx_word' id='word_1_527' title='bbox 745 4231 768 4282; x_wconf 90' lang='lat'><strong>1.</strong></span> <span class='ocrx_word' id='word_1_528' title='bbox 800 4247 861 4299; x_wconf 80' lang='lat' dir='ltr'><strong>cap.</strong></span> <span class='ocrx_word' id='word_1_529' title='bbox 891 4232 916 4285; x_wconf 85' lang='lat'><strong>3.</strong></span> <span class='ocrx_word' id='word_1_530' title='bbox 958 4229 1114 4281; x_wconf 84' lang='lat' dir='ltr'><strong>Dicendum</strong></span> <span class='ocrx_word' id='word_1_531' title='bbox 1136 4234 1178 4280; x_wconf 90' lang='lat' dir='ltr'><strong>est</strong></span> <span class='ocrx_word' id='word_1_532' title='bbox 1205 4230 1286 4291; x_wconf 75' lang='lat' dir='ltr'><strong>serus</strong></span> <span class='ocrx_word' id='word_1_533' title='bbox 1313 4228 1361 4281; x_wconf 79' lang='lat' dir='ltr'><strong>ira</strong></span> 
     </span>
     <span class='ocr_line' id='line_1_54' title="bbox 198 4298 1402 4367; baseline 0.001 -17"><span class='ocrx_word' id='word_1_534' title='bbox 198 4313 308 4364; x_wconf 87' lang='lat' dir='ltr'><strong>carere,</strong></span> <span class='ocrx_word' id='word_1_535' title='bbox 335 4305 362 4350; x_wconf 88' lang='lat' dir='ltr'><strong>et</strong></span> <span class='ocrx_word' id='word_1_536' title='bbox 380 4298 475 4351; x_wconf 84' lang='lat' dir='ltr'><strong>omnio</strong></span> <span class='ocrx_word' id='word_1_537' title='bbox 490 4307 604 4367; x_wconf 85' lang='lat' dir='ltr'><strong>praeter</strong></span> <span class='ocrx_word' id='word_1_538' title='bbox 623 4298 775 4365; x_wconf 76' lang='lat' dir='ltr'><strong>hommem,-</strong></span> <span class='ocrx_word' id='word_1_539' title='bbox 805 4316 869 4354; x_wconf 86' lang='lat' dir='ltr'><strong>nom</strong></span> <span class='ocrx_word' id='word_1_540' title='bbox 887 4317 946 4354; x_wconf 88' lang='lat' dir='ltr'><strong>cum</strong></span> <span class='ocrx_word' id='word_1_541' title='bbox 965 4302 1004 4353; x_wconf 83' lang='lat' dir='ltr'><strong>eit</strong></span> <span class='ocrx_word' id='word_1_542' title='bbox 1022 4299 1136 4352; x_wconf 84' lang='lat' dir='ltr'><strong>inimica</strong></span> <span class='ocrx_word' id='word_1_543' title='bbox 1155 4299 1275 4361; x_wconf 84' lang='lat' dir='ltr'><strong>rationi,</strong></span> <span class='ocrx_word' id='word_1_544' title='bbox 1293 4315 1362 4353; x_wconf 85' lang='lat' dir='ltr'><strong>nus·</strong></span> <span class='ocrx_word' id='word_1_545' title='bbox 1398 4308 1402 4313; x_wconf 83' lang='lat'>&#39;</span> 
     </span>
     <span class='ocr_line' id='line_1_55' title="bbox 201 4369 1362 4440; baseline 0.004 -19"><span class='ocrx_word' id='word_1_546' title='bbox 201 4385 284 4440; x_wconf 84' lang='lat' dir='ltr'><strong>quom</strong></span> <span class='ocrx_word' id='word_1_547' title='bbox 296 4375 391 4422; x_wconf 80' lang='lat' dir='ltr'><strong>‘tumen</strong></span> <span class='ocrx_word' id='word_1_548' title='bbox 409 4370 537 4423; x_wconf 82' lang='lat' dir='ltr'><strong>nascitur</strong></span> <span class='ocrx_word' id='word_1_549' title='bbox 554 4371 613 4426; x_wconf 81' lang='lat' dir='ltr'><strong>nisi</strong></span> <span class='ocrx_word' id='word_1_550' title='bbox 635 4373 684 4425; x_wconf 87' lang='lat' dir='ltr'><strong>ubi</strong></span> <span class='ocrx_word' id='word_1_551' title='bbox 705 4371 821 4425; x_wconf 86' lang='lat' dir='ltr'><strong>rationi.</strong></span> <span class='ocrx_word' id='word_1_552' title='bbox 835 4374 910 4425; x_wconf 87' lang='lat' dir='ltr'><strong>locus</strong></span> <span class='ocrx_word' id='word_1_553' title='bbox 935 4378 976 4424; x_wconf 86' lang='lat' dir='ltr'><strong>est</strong></span> <span class='ocrx_word' id='word_1_554' title='bbox 996 4399 1029 4409; x_wconf 90' lang='lat'>-</span> <span class='ocrx_word' id='word_1_555' title='bbox 1047 4370 1132 4424; x_wconf 88' lang='lat' dir='ltr'><strong>Muta</strong></span> <span class='ocrx_word' id='word_1_556' title='bbox 1151 4370 1291 4424; x_wconf 82' lang='lat' dir='ltr'><strong>animalia</strong></span> <span class='ocrx_word' id='word_1_557' title='bbox 1309 4369 1362 4426; x_wconf 81' lang='lat' dir='ltr'><strong>btt-</strong></span> 
     </span>
     <span class='ocr_line' id='line_1_56' title="bbox 200 4440 1360 4527; baseline -0.003 -30"><span class='ocrx_word' id='word_1_558' title='bbox 200 4443 292 4527; x_wconf 79' lang='lat' dir='ltr'><strong>munte</strong></span> <span class='ocrx_word' id='word_1_559' title='bbox 310 4440 453 4510; x_wconf 73' lang='lat' dir='ltr'><strong>affectibus</strong></span> <span class='ocrx_word' id='word_1_560' title='bbox 469 4448 580 4508; x_wconf 82' lang='lat' dir='ltr'><strong>curent3</strong></span> <span class='ocrx_word' id='word_1_561' title='bbox 605 4441 707 4499; x_wconf 80' lang='lat' dir='ltr'><strong>babent</strong></span> <span class='ocrx_word' id='word_1_562' title='bbox 733 4450 826 4499; x_wconf 84' lang='lat' dir='ltr'><strong>eutem</strong></span> <span class='ocrx_word' id='word_1_563' title='bbox 851 4442 958 4499; x_wconf 78' lang='lat' dir='ltr'><strong>similis</strong></span> <span class='ocrx_word' id='word_1_564' title='bbox 983 4443 1043 4498; x_wconf 82' lang='lat' dir='ltr'><strong>iltis</strong></span> <span class='ocrx_word' id='word_1_565' title='bbox 1062 4442 1191 4516; x_wconf 77' lang='lat' dir='ltr'><strong>quosdam</strong></span> <span class='ocrx_word' id='word_1_566' title='bbox 1213 4441 1360 4511; x_wconf 74' lang='lat' dir='ltr'><strong>inpulsus.</strong></span> 
     </span>
    </p>
   </div>
   <div class='ocr_carea' id='block_1_10' title="bbox 0 0 1426 5070">
    <p class='ocr_par' dir='ltr' id='par_1_10' title="bbox 0 0 1426 5070">
     <span class='ocr_line' id='line_1_57' title="bbox 0 0 1426 5070; baseline 0 1"><span class='ocrx_word' id='word_1_567' title='bbox 0 0 1426 5070; x_wconf 95' lang='lat' dir='ltr'><strong> </strong></span> 
     </span>
    </p>
   </div>
  </div>
 </body>
</html>
