2842 5070
208 282 271 349 tte
405 279 638 347 CICERONIS
659 278 906 350 TUSCULAN.
927 281 1161 351 DISPUTA'I'.
1207 323 1209 327 ,

207 467 275 510 non
297 457 423 510 lomere
444 449 673 526 assentientis3
695 458 804 511 metus
817 445 944 532 quoque
966 459 1016 514 est
1038 451 1231 515 diffidentia
1253 472 1397 565 ‹estape-x

192 635 286 688 mium
306 634 485 688 existimabat
503 635 628 688 scribere
646 633 827 688 assentientie
846 651 908 688 eam
926 636 1010 689 modo
1029 637 1064 689 ob
1083 654 1207 704 causam,
1226 656 1265 692 ne
1276 640 1368 692 scien·

206 707 265 759 tiae
281 706 330 757 vel
348 704 478 775 opinioni
496 705 651 769 tribuatur,
671 705 747 776 quod
765 716 808 759 est
825 706 958 759 beminis.
984 708 1110 760 blandius
1129 718 1228 762 autem
1248 710 1366 764 omnino

206 778 248 830 ait
266 776 487 847 praeferendam
505 792 565 828 esse
582 775 740 830 lectionem
756 774 940 830 essentitatis
958 775 1008 841 [ib.
1027 797 1055 848 p.
1075 779 1148 845 93.),
1173 780 1244 849 quia
1271 780 1366 855 gravi·

206 857 249 901 tas
268 848 412 918 opinionis
431 848 462 898 in
483 863 516 899 eo
534 855 676 916 appareat,
702 847 778 915 quod
796 849 847 915 qui
866 864 930 900 eam
947 857 1037 914 tenet,
1060 865 1119 901 non
1140 857 1255 903 temere
1274 869 1366 916 assen-

206 919 259 971 tiri
279 918 361 971 solet.
396 919 472 971 Bene
490 917 625 969 Handius.
663 916 719 969 Sed
735 918 869 987 loquitur
885 927 1008 988 uterque
1033 934 1090 972 non
1114 919 1254 990 inspectis
1272 921 1363 974 libris.

205 990 331 1042 Vul‘ata
349 996 445 1040 autem
463 988 551 1040 lectio
570 995 632 1038 tum
650 1004 716 1038 cum
740 988 863 1040 maxime
887 988 1051 1054 deserenda,
1075 1007 1166 1059 quum
1185 992 1364 1060 optimorum

207 1060 346 1113 Codicum
363 1059 452 1111 lectio
471 1075 529 1110 non
547 1056 728 1110 tolerabilem
747 1047 841 1122 modo,
860 1059 909 1111 sed
927 1060 1078 1112 meliorem
1088 1060 1176 1112 etiam
1191 1063 1365 1115 sententiam

205 1131 325 1204 vulgati
353 1130 478 1194 exhibet,
505 1129 677 1199 praesertim
700 1129 724 1179 si
743 1128 840 1197 aliqua
864 1138 983 1199 apparet
1004 1131 1095 1195 e'ausa,
1125 1149 1215 1200 quare
1239 1133 1363 1187 editores

205 1217 365 1275 paucorum
383 1200 572 1269 peiorumque
590 1199 733 1250 librorum
756 1198 912 1251 lectionem
936 1201 1106 1270 praetulisse
1127 1202 1294 1255 videantur.
1332 1203 1364 1256 ld

207 1272 283 1340 quod
307 1271 384 1322 cadit
407 1270 437 1321 in
469 1271 568 1322 locum
601 1276 740 1320 nostrum.
777 1271 816 1322 Et
844 1269 952 1322 habent
978 1270 1148 1323 Genitivum
1176 1272 1265 1325 Codd.
1294 1276 1362 1348 lieg.

207 1343 280 1402 Gud.
301 1347 325 1397 l.
345 1343 370 1394 2.
391 1340 465 1414 Aug.
484 1341 570 1393 Bern.
590 1338 676 1392 Marb.
697 1339 771 1394 Gud.
790 1339 887 1392 Duisb.
907 1343 982 1394 Mon.
1000 1347 1023 1396 l.
1044 1344 1069 1397 7,
1089 1342 1213 1400 νίηᾶ.2.
1236 1344 1363 1414 quinque

207 1415 277 1465 0xx.
315 1414 468 1481 Perperam
486 1419 583 1463 autem
600 1408 685 1462 Verb.
706 1410 737 1461 in
756 1428 818 1463 mar
840 1449 846 1461 .
866 1411 907 1463 ait
923 1411 1029 1464 babere
1047 1410 1125 1465 MSS.
1153 1416 1362 1469 assentientes.

205 1484 363 1537 Nobiscum
388 1483 499 1535 faciunt
516 1481 588 1534 Edd.
608 1483 636 1532 P.
655 1480 723 1532 Dav.
743 1481 792 1534 ΕΑ
838 1481 888 1533 olf.
909 1481 994 1535 Schz.
1014 1484 1061 1536 Or.
1081 1483 1171 1535 Nobb.
1191 1485 1266 1537 Tbn.
1303 1486 1363 1539 Mr.

276 1555 369 1607 Metus
387 1569 490 1622 quoque
509 1560 550 1605 eet
568 1550 744 1617 diffidentia]
780 1552 928 1617 „Palatin
948 1562 1015 1606 tert.
1036 1561 1140 1624 quart,
1160 1554 1231 1607 libri
1249 1557 1363 1626 optimi,

206 1624 397 1690 defidentie.“
426 1621 507 1676 Gebb.
545 1623 657 1675 Habent
686 1621 804 1674 eandem
829 1622 915 1676 buius
943 1624 1022 1676 vocis
1055 1624 1246 1692 scriptionem
1277 1627 1363 1681 Ccdd.

205 1697 276 1770 lleg.
297 1697 370 1749 Gud.
391 1700 416 1749 1.
437 1697 462 1749 7.
482 1693 568 1747 Marb.
590 1711 662 1762 quae
681 1693 760 1758 alibi,
781 1693 857 1762 quod
875 1694 973 1760 sciam,
992 1710 1050 1746 non
1067 1695 1225 1765 reperitur.
1264 1698 1326 1752 Mr.

277 1788 368 1837 Metus
387 1797 491 1852 quoque
509 1789 550 1835 eet
568 1782 731 1835 diffidentia
749 1781 904 1850 exspectati
921 1789 947 1836 et
973 1783 1147 1850 inpendentis
1168 1783 1251 1854 mala]
1289 1787 1364 1853 Quid

160 1915 167 1921 ἱ
205 1854 262 1907 boc
281 1864 323 1907 est
340 1855 482 1907 monstri?
519 1855 596 1927 Lege
615 1852 775 1916 diffidentia
795 1870 898 1923 quoque
922 1858 962 1907 est
985 1860 1073 1906 metue
1091 1859 1248 1922 exspectati
1275 1864 1300 1910 et
1318 1860 1364 1911 in·

202 1925 352 1996 pendentis
369 1926 440 1979 mali.
480 1924 528 1977 Sic
547 1933 577 1976 et
594 1925 695 1992 Latine
719 1924 857 1994 loquetur
875 1919 1000 1992 Cicero,'
1014 1933 1043 1978 et
1068 1924 1147 1977 inter
1171 1927 1317 1990 fidentium
1336 1936 1365 1983 et

206 1995 397 2063 diffidentiam
416 1994 578 2048 servabitur
595 1994 746 2064 oppositio.
784 1995 820 2046 D.

276 2069 374 2123 Metus
393 2082 499 2135 quoque
517 2071 556 2118 est
575 2062 755 2131 diffidentie]¹
782 2065 898 2130 „Habet
914 2063 992 2117 baud
1014 2082 1131 2134 parvam
1149 2067 1365 2134 probabilitatis

177 2194 180 2205 ‚
206 2139 333 2208 speciem
351 2138 501 2190 Davisiana
518 2135 673 2188 verborum
692 2136 889 2204 transpositio:
905 2135 996 2204 'quam
1015 2136 1040 2188 si
1049 2136 1194 2206 reprobes,
1214 2139 1365 2208 duplicem

207 2208 355 2262 exhibebit
382 2208 483 2261 Cicero
507 2216 600 2260 metus
626 2206 841 2259 definitionem:
879 2206 955 2275 quod
982 2207 1044 2258 veri
1079 2223 1137 2258 non
1164 2215 1207 2259 est
1235 2211 1365 2266 simile.“

206 2279 297 2335 Bauli.
336 2279 500 2347 „Interpun
525 2295 548 2343 e,
568 2278 591 2328 si
610 2278 693 2343 velis,
718 2283 927 2346 metnepquoque
953 2281 993 2328 eet
1010 2275 1183 2342 diffidentia,
1209 2281 1365 2348 exspectati

206 2355 233 2404 et
251 2350 434 2417 impendentis
451 2296 554 2402 εεεαῇε.κ
572 2347 708 2416 Anonym.
728 2366 743 2398 a
766 2385 772 2398 .
793 2347 898 2400 Olivet.
934 2349 1118 2417 Receperunt
1134 2349 1246 2400 Davisii
1272 2359 1366 2404 trans-

206 2422 380 2490 positionem
403 2419 474 2470 Ern.
500 2418 584 2471 Schz.
605 2419 694 2472 Nobb.
721 2366 793 2471 Tin.
824 2417 924 2469 invitis
951 2418 1033 2471 libris
1059 2418 1204 2483 omnibus;
1233 2421 1365 2487 Wolfius

207 2500 238 2544 et
257 2491 304 2547 Or.
323 2507 381 2543 non
406 2490 486 2542 item.
523 2491 610 2542 Recte
638 2497 734 2543 eutem
752 2487 847 2541 Kiihn.
873 2487 948 2540 hanc
967 2488 1140 2542 sententiam
1164 2490 1262 2543 verbis
1282 2493 1367 2546 Cice·

207 2561 287 2615 renis
305 2561 396 2614 inesse
415 2561 470 2613 ait:
498 2561 542 2613 uti
560 2560 680 2612 fidentia
703 2559 823 2611 scientia
842 2560 963 2628 quadam
981 2560 1103 2610 nititur:
1130 2560 1171 2611 ita
1188 2559 1365 2629 diffidentia,

206 2641 412 2704 praeterquam
437 2631 514 2700 quod
542 2648 576 2682 ex
594 2630 738 2700 opinionis
764 2629 884 2681 levitate
909 2630 1066 2695 enascitur,
1097 2637 1185 2682 metue
1203 2648 1305 2701 queque
1324 2640 1372 2687 cet

208 2702 362 2772 exspectati
380 2709 406 2754 et
424 2702 608 2770 impendentia
625 2701 703 2754 meli.
725 2732 757 2742 -
778 2726 811 2736 -
830 2700 910 2764 Quod
929 2709 1035 2764 autem,
1063 2702 1171 2774 pergit,
1189 2703 1365 2758 vocabulum

139 2790 142 2795 ·
205 2782 296 2827 metue
314 2774 439 2844 primam
457 2772 601 2824 enuntiati
620 2771 714 2824 sedern
732 2772 892 2839 occupavit,
911 2779 1066 2841 propterea
1084 2772 1192 2824 factum
1211 2782 1266 2837 est,
1294 2777 1365 2845 quia

205 2847 238 2897 in
257 2862 289 2897 eo
309 2845 467 2895 maximum
486 2843 644 2895 sententiae
661 2841 772 2911 pondus
791 2849 842 2894 est.
880 2839 910 2892 Si
936 2841 970 2894 dc
996 2841 1105 2893 Davisii
1127 2845 1272 2897 sententia
1297 2863 1366 2899 ver-

205 2916 309 2968 borum
329 2915 461 2966 ordinem
478 2921 633 2976 mutamus,
651 2912 754 2965 vocula
773 2927 874 2979 qnoque
891 2911 989 2965 locum
1007 2912 1092 2982 plane
1111 2912 1239 2965 alienum
1267 2915 1363 2972 habet.

205 2985 306 3056 quue,
325 2985 358 3036 ni
376 2984 474 3050 fallor,
493 2984 587 3037 voluit
604 2983 692 3054 etiam
711 2982 896 3035 distinctione
921 2983 1091 3053 interposita
1114 2982 1284 3054 Anonymus
1304 2988 1366 3041 Oli-

205 3058 282 3124 veti3
303 3072 474 3126 quamquam
495 3055 554 3107 eius
573 3053 787 3106 distinctionem
807 3053 897 3122 ipsam
915 3070 973 3106 non
991 3053 1151 3122 probamus.
1189 3056 1288 3109 Paullo
1313 3077 1366 3113 ne·

206 3128 366 3204 gligentius
385 3127 589 3196 obscuriusque
606 3125 741 3193 loquitur
758 3124 875 3189 Cicero,
899 3131 933 3174 ut
956 3123 1034 3176 haud
1059 3140 1123 3176 raro
1151 3125 1183 3176 in
1200 3125 1247 3178 his
1265 3127 1363 3196 libris,

207 3209 236 3253 et
261 3199 393 3252 consulto
418 3199 547 3250 fortasse.
585 3196 657 3249 Vult
680 3195 772 3248 enim:
796 3193 931 3246 Fidentia
953 3202 997 3247 est
1021 3195 1140 3247 scientia
1165 3198 1305 3264 quaedam
1334 3210 1363 3254 et

207 3270 305 3341 opinio
334 3269 439 3355 gravis,
471 3285 529 3321 non
554 3278 662 3321 temere
690 3265 887 3318 assentientis:
913 3265 1076 3317 diffidentia
1103 3267 1163 3318 eius
1181 3269 1365 3325 contrarium

207 3349 259 3407 est,
284 3339 524 3393 levis·nimirum
551 3339 650 3408 opinio
676 3345 787 3390 temere
811 3335 1007 3388 assentientis:
1032 3344 1075 3388 est
1100 3344 1252 3406 praeterea
1269 3347 1365 3395 metus

207 3411 365 3482 exspectati
386 3419 413 3461 et
432 3410 623 3479 impendentis
642 3408 719 3459 mali.
740 3439 772 3450 ·-
793 3407 828 3459 ln
846 3424 924 3476 seqq.
945 3421 1018 3458 unus
1036 3407 1086 3459 Ox.
1111 3407 1221 3461 emittit
1251 3413 1280 3464 ai
1299 3422 1366 3482 post

206 3488 241 3537 et.
271 3482 344 3535 Gud.
369 3489 466 3534 autem
482 3484 509 3537 2.
535 3496 589 3551 pro
617 3479 768 3547 exspectati
794 3483 821 3531 et
846 3477 933 3530 habet
951 3477 1205 3545 exspectationes
1225 3482 1304 3535 sed:
1332 3484 1364 3536 in

207 3554 307 3608 eodem
325 3551 427 3605 desunt
444 3553 531 3605 verba
549 3567 608 3604 esse
627 3565 735 3604 necesse
755 3581 785 3593 -
805 3555 871 3601 eunt
888 3547 920 3601 in
937 3549 1020 3602 melo.
1040 3548 1129 3602 Rehd
1149 3549 1367 3618 omittitpverba

206 3634 233 3680 et
251 3623 456 3693 impendentia·
480 3626 534 3676 Pro
553 3637 611 3674 esse
629 3637 738 3675 necesse
756 3626 796 3672 eet
814 3619 916 3672 Cicero
935 3620 1004 3672 alibi
1031 3635 1140 3672 neeesse
1164 3626 1206 3673 eet
1230 3639 1292 3676 cese
1319 3626 1365 3690 (ut

205 3697 240 3751 de
259 3697 346 3749 Finn.
367 3697 414 3750 lv.
433 3697 477 3749 78.
496 3697 539 3748 77.
564 3693 599 3745 de
621 3694 658 3747 N.
678 3692 711 3743 D.
730 3690 768 3743 ll.
788 3694 830 3746 13.
850 3692 893 3746 35.
913 3689 950 3742 11.
974 3692 1017 3753 30.
1042 3694 1093 3755 763
1118 3709 1204 3761 quem
1228 3694 1367 3750 ordinem

205 3777 304 3822 nostro
333 3783 448 3836 quoque
475 3765 539 3817 loco
571 3761 688 3816 restitui
714 3761 780 3815 vult
810 3778 825 3813 e
858 3762 965 3813 duobus
991 3761 1049 3813 suis
1067 3762 1152 3816 codd
1181 3763 1366 3821 Goerenzius

205 3841 241 3893 ad
267 3840 365 3891 locum
391 3836 426 3890 de
449 3833 719 3897 Finnlaudatum,
748 3832 850 3900 quibus
877 3832 1018 3885 accedunt
1040 3835 1131 3885 nostri
1155 3833 1241 3891 Codd.
1269 3837 1365 3891 Rehd.

206 3911 235 3976 (a
252 3913 278 3966 2.
298 3928 337 3961 m.
362 3926 379 3960 a
395 3906 491 3978 prima
511 3905 598 3957 habet
621 3909 724 3972 ponunt
751 3903 823 3968 εεεε)
851 3901 925 3978 Aug.
955 3903 1028 3957 Gud.
1056 3921 1179 3977 quorum
1202 3923 1294 3976 parva
1321 3919 1365 3963 est

206 3981 372 4034 auctoritas.
408 3976 535 4029 Verbum
554 3992 613 4029 esee
632 3974 773 4027 omittunt
789 3992 863 4026 unus
882 3976 932 4028 Ox.
962 3983 990 4027 et
1009 3978 1085 4028 Mon.
1107 3979 1131 4030 1.
1168 3979 1222 4029 Pro
1247 3984 1280 4031 ut
1306 3981 1367 4046 igi-

206 4059 254 4106 tur
270 4053 323 4106 Ed.
342 4053 371 4105 P.
390 4046 477 4100 habet
495 4048 548 4100 uti
565 4046 667 4114 igitur.
703 4046 743 4098 Et
761 4047 802 4097 sic
820 4045 936 4098 videtur
952 4045 1057 4121 legisse
1075 4046 1237 4101 Beroaldus.
1271 4051 1366 4106 Habet

207 4125 286 4176 enim
303 4122 378 4174 banc
396 4127 507 4172 annoti
531 4118 590 4186 Vti]
609 4125 648 4172 ut.
685 4119 720 4171 ln
738 4134 817 4186 seqq.
835 4135 908 4168 unus
928 4116 977 4171 Ox.
997 4118 1035 4170 eit
1053 4117 1139 4171 habet
1152 4135 1206 4188 pro
1221 4120 1265 4173 aie
1282 4122 1365 4186 (ante

204 4191 407 4264 perturbatio),
426 4190 499 4242 alius
517 4207 585 4243 cum
601 4189 691 4243 Rehd.
713 4189 834 4243 etGud.
853 4188 963 4240 oinittit
981 4195 1021 4240 eet
1038 4197 1103 4258 post
1120 4190 1240 4243 erroris.
1280 4193 1366 4248 Idem

206 4267 257 4320 Ox.
279 4263 388 4318 omittit
406 4266 455 4314 aut
473 4260 580 4326 invidi3
599 4263 630 4314 in
650 4259 723 4314 Gud.
743 4261 770 4314 2
790 4259 868 4312 deest
885 4264 934 4311 aut
953 4259 1009 4312 tale
1027 4259 1101 4326 quid.
1120 4259 1164 4313 Ad
1181 4279 1209 4314 v.
1224 4260 1366 4320 iracundi

205 4339 320 4390 confert
338 4334 492 4458 Ochsninin
509 4335 571 4409 βοὶ.
591 4351 618 4403 p.
640 4336 700 4389 1⁰7.
722 4339 851 4385 nostrum
869 4330 977 4385 librum
997 4330 1044 4388 lv.
1066 4333 1108 4387 12.
1128 4333 1175 4384 IV.
1195 4336 1238 4390 24.
1258 4334 1365 4395 Senec,

194 4408 302 4462 'de-ira
320 4407 342 4462 1.
362 4409 388 4462 4.
462 4423 485 4461 r.
1099 4425 1125 4446 .-
