2842 5070
348 358 377 424 ³,
435 318 438 325 '
483 333 793 415 :ulutatu-1⁵.
880 358 884 367 ·
931 365 937 373 ·
1003 350 1010 365 ·
1155 333 1218 403 aa

63 511 123 578 est,
144 503 324 581 vitiositae,
346 500 526 581 omniumz)
549 523 588 566 ex
606 502 909 591 qua'coucitantnr
933 498 1231 603 perturbationem*

61 698 116 744 tanti
135 680 353 761 interpretatur,
373 706 430 744 non
448 680 599 756 malitiam,
627 697 661 741 ut
677 706 781 744 sonare·
802 680 939 764 graecum
962 704 1068 754 nomen
1090 688 1215 742 videtur.

61 759 213 835 Repugnat
236 764 315 829 anim
335 762 409 815 'usui'
430 763 453 814 li
516 768 552 815 a'e'
566 762 693 826 natiuae,
726 761 758 812 iu
785 759 978 833 qua.mcititia
1002 758 1219 813 fraudulentam

61 835 196 885 astutiam
215 833 373 908 significat:
410 842 443 885 ut
463 836 576 887 Panto:
608 838 718 896 actuata
743 833 833 885 matut
853 829 996 896 [Pseudol.
1016 833 1043 896 4,
1062 833 1090 894 3,
1112 830 1157 896 l]:
1177 839 1218 887 -et

62 904 138 974 apud
163 904 287 961 Terent..
309 905 482 973 Exprompta
506 903 619 967 matitia
641 909 721 973 atquc
743 904 849 957 astutia
868 899 974 975 [Andr.
993 904 1021 965 ⁴1,
1040 904 1066 965 3,
1087 901 1145 967 Bi:
1165 903 1218 957 tta
1244 925 1247 932 ·

48 974 143 1027 'enim
161 975 192 1026 in
211 975 377 1044 quibusdam
397 975 546 1044 exernpliu
566 990 624 1027 non
642 972 786 1039 anemoria,
814 970 970 1044 reperitur.
1008 971 1089 1027 Idem
1108 966 1217 1025 dicitur
1254 998 1285 1046 ὓς,

27 1080 29 1085 -
62 1043 94 1095 in
112 1046 165 1097 111.
185 1046 219 1097 de
238 1046 301 1098 Fia.
328 1045 366 1110 [c.
383 1039 432 1109 11,
451 1049 501 1101 39:
536 1059 604 1115 quat
632 1043 706 1097 enim
724 1044 831 1098 Graeci
854 1050 945 1104 κακίας
968 1043 1119 1110 appellant,
1144 1032 1217 1098 attia

61 1118 147 1179 onata,
167 1133 250 1185 quana
268 1115 396 1168 malitiae
414 1115 601 1185 appellarat?
626 1115 770 1168 Camerar.
796 1116 878 1168 Gonf.
899 1114 933 1166 de
952 1116 1018 1168 Nat.
1038 1116 1141 1169 Deorr.
1161 1115 1214 1167 lll.

60 1188 104 1241 30.
125 1187 175 1240 75:
203 1192 246 1239 cot
266 1216 297 1228 -
322 1186 435 1239 matitia
457 1193 618 1241 ocreutact
634 1187 729 1254 suane
753 1187 871 1241 nocendi
887 1183 973 1240 ratio.
993 1216 1027 1227 -
1063 1185 1217 1240 Unus'Ox.'

61 1256 171 1309 omittit
194 1263 235 1310 cat
256 1266 320 1328 post
338 1275 442 1311 nomen
479 1260 540 1312 Mr.
853 1287 856 1291 ·
962 1266 965 1270 '
1213 1283 1216 1289 ·

131 1344 166 1381 aa
184 1345 237 1397 qua
253 1330 481 1383 concitantur
495 1325 746 1398 perturbationec,]
765 1328 918 1394 „ltlendose
933 1327 995 1402 legi
1007 1326 1143 1393 inlibris,
1163 1327 1217 1398 qui

60 1397 149 1472 vulgo
167 1409 305 1463 veneunt,
324 1401 495 1467 cogitantur,
508 1404 695 1470 'puto'omnes
714 1399 893 1474 intelligere.
912 1399 1029 1452 correxi
1038 1398 1216 1470 exantiquo

60 1468 145 1525 libro.
183 1471 268 1539 Apud
285 1472 414 1523 Nonium
432 1470 613 1523 Fenestellae
638 1471 721 1523 locus
746 1471 845 1522 eodem
867 1469 969 1521 mendo
993 1469 1124 1523 foedatus
1142 1478 1219 1523 erata

61 1557 127 1592 nam
143 1541 293 1599 invidiam,
303 1541 431 1610 cogitare
448 1538 875 1616 legebam-proconcitaret
893 1539 924 1592 P.
936 1540 1091 1592 Manutius.
1110 1541 1216 1607 „Odio-

60 1629 124 1663 sum
142 1612 216 1664 illud
234 1614 351 1665 omnino
365 1622 419 1665 est:
439 1629 474 1664 ca
493 1629 548 1682 qua
567 1611 792 1680 cogitantur.
801 1610 1041 1680 perturbationes:
1060 1626 1118 1663 non
1137 1613 1216 1683 enim

61 1683 208 1766 cogitandi
225 1685 330 1735 usitata
347 1684 520 1758 significatio
541 1693 590 1737 est.
628 1684 707 1756 Ergo
731 1683 780 1735 vel
798 1681 982 1750 'coagitantnr
999 1682 1163 1757 legendum,
1191 1683 1217 1735 si

61 1771 126 1822 quis
143 1753 198 1805 hoc
216 1754 334 1806 ¹verbum
353 1755 432 1823 terre
449 1755 550 1824 possit,
573 1752 624 1806 vel
648 1757 816 1820 cogitantur·
835 1770 888 1823 pro
912 1761 1051 1820 coguntur
1078 1762 1106 1806 et
1134 1754 1216 1808 catti·

61 1831 167 1890 guntur
185 1833 214 1877 et
232 1832 429 1892 comparantur
447 1824 535 1885 dixit:
560 1823 648 1876 multi
666 1825 753 1877 etiam
771 1825 921 1890 agitantur
938 1825 1113 1894 reponunt.“
1129 1825 1216 1878 ·Tur-'

61 1895 121 1948 act.
140 1894 258 1947 Advers.
278 1900 306 1958 t,
327 1898 368 1950 18.
387 1914 415 1967 p.
435 1897 496 1951 229.
534 1893 739 1966 „concitantur
757 1912 810 1966 pro
829 1898 990 1961 cogitantur
1016 1896 1158 1948 Manutius
1178 1914 1215 1949 ex
1250 1922 1254 1933 ·

61 1967 180 2036 antiquo
197 1966 273 2019 libro
298 1966 434 2018 correxit.
472 1966 650 2020 Camerarius
673 1975 787 2036 quoque
809 1967 892 2036 prius
920 1967 960 2019 ita
984 1984 1021 2020 ex
1040 1967 1214 2020 'coniectura

61 2037 237 2090 emendarat!
286 2037 406 2102 Quidam
433 2037 466 2089 in
498 2037 557 2090 suit
582 2037 665 2090 libris
693 2037 852 2106 gignuntur
884 2038 1121 2091 substituerunt.“
1150 2040 1212 2092 Fra.

60 2107 170 2164 Fabric.
206 2108 332 2183 ,‚Vulgg.
352 2124 387 2162 ea
405 2124 460 2178 qua
478 2109 692 2175 cogitantur
712 2109 952 2178 perturbation‘ce3
983 2110 1058 2162 unde
1076 2109 1110 2161 D.
1129 2111 1216 2161 Lam·
1264 2102 1273 2114 “

59 2178 127 2232 bino
145 2179 255 2249 placuit
274 2182 424 2247 agitantur
442 2180 489 2246 [in
507 2197 618 2255 margg.
638 2180 752 2233 Latubb.
778 2189 807 2234 et
826 2180 914 2236 Goth.
938 2189 994 2233 est:
1026 2182 1095 2234 fort.
1122 2181 1215 2234 cona·-

1289 894 1305 922 N

61 2255 170 2302 tantur:
194 2253 264 2307 fort.
283 2249 465 2318 agitantur],
492 2251 570 2320 quod
591 2251 679 2303 nihili
700 2261 742 2304 est
768 2269 837 2321 prae
857 2253 884 2304 J.
905 2251 1061 2305 camerarii
1083 2252 1216 2304 emenda·
1283 2250 1300 2298 “.

60 2321 151 2386 tione,
170 2322 221 2390 qui
237 2323 366 2392 reposuit
385 2325 567 2376 concitantur.
604 2323 683 2374 Hanc
702 2322 897 2376 coniecturam
918 2323 1049 2390 recipere
1074 2340 1136 2387 non
1150 2328 1214 2375 suin

60 2393 181 2456 veritus,
204 2409 271 2443 cum
289 2411 351 2445 eam
369 2393 496 2444 fi'rmarit
518 2401 601 2455 vetus
619 2394 714 2445 Codex
735 2396 764 2445 P.
785 2393 937 2445 Manutii.“
959 2394 1031 2446 Dau.
1060 2393 1094 2446 in
1112 2393 1166 2446 Ed.
1188 2398 1213 2449 l.

60 2463 390 2586 „Coora'antara‘Vulgp
410 2463 584 2530 cogitantur:
604 2479 658 2516 neo
676 2464 764 2516 aliter
781 2480 879 2517 ornnes
893 2465 979 2521 Godd.
998 2473 1116 2534 praeter
1124 2483 1214 2517 unum
1300 2496 1302 2503 ,

59 2534 271 2600 Manneianum,
291 2536 342 2603 qui

59 2603 134 2655 Aliis
158 2605 256 2656 arrisit
283 2605 432 2673 agitantur
460 2605 509 2657 vel
536 2604 736 2673 coagitanturs
774 2604 847 2657 mihi
871 2605 1058 2673 gignuntur.“
1084 2607 1165 2659 Dao.
1181 2607 1214 2658 in

58 2675 112 2727 Ed.
133 2677 167 2735 2„
196 2677 284 2741 „Non
310 2678 446 2730 convenit
472 2677 537 2730 loco
567 2677 737 2744 cogitantur.
784 2677 871 2729 Multi
895 2677 987 2729 multa
1010 2677 1211 2729 coniecerunt:

379 2544 408 2586 at
426 2534 615 2599 concitantur,
642 2533 688 2585 uti
706 2535 821 2602 quidem
841 2535 1005 2588 emendarat
1024 2535 1213 2591 Camerarius.
1244 2528 1250 2537 ’
1311 2597 1319 2606 .

59 2763 113 2829 ego
130 2747 261 2816 proxime
281 2748 315 2800 ad
325 2750 473 2871 vulqatam
487 2748 588 2800 malim
605 2747 844 2816 progignuntar.“
861 2745 953 2800 Boniti
972 2748 1057 2800 Verb.
1078 2748 1213 2822 inmarg.
1283 2770 1290 2780 -

58 2835 183 2887 primam
209 2818 296 2870 habet
313 2819 385 2872 Bent
399 2820 438 2872 eii
466 2820 701 2872 emendationem
716 2819 857 2874 otiantur.
895 2817 1093 2888 Wopkensius
1117 2820 1213 2872 Lectt.

58 2889 138 2941 Tull.
168 2908 196 2959 p.
217 2892 277 2944 259.
301 2890 393 2942 Hand.
410 2890 548 2944 'defendit
576 2890 733 2942 lectionem
760 2892 931 2944 concitantur
961 2898 1061 2942 contra
1087 2889 1215 2942 Bentleii

58 2961 256 3012 coniecturam
279 2961 310 3010 in
332 2961 386 3013 Ed.
413 2960 483 3012 Dav.
507 2963 535 3016 3.
560 2970 716 3032 receptam,
742 2969 772 3013 et
797 2960 1147 3018 Davisianam‘Editionis
1172 2968 1216 3014 se'·
1282 2985 1288 3005 ι

58 3028 176 3082 eundae.
192 3047 198 3051 ·
214 3031 275 3082 Mr.

129 3101 174 3152 Ea
199 3115 252 3169 qua
278 3100 466 3167 couniuntur]
484 3100 552 3154 ‘Sic
578 3100 622 3155 cl.
646 3100 803 3158 Bentleius.
839 3101 935 3176 Vulgo
957 3070 1133 3167 canatur>
1159 3119 1216 3156 neo
1253 3163 1262 3180 .

58 3170 145 3223 aliter
163 3186 262 3223 omnes
279 3171 365 3224 Codd.
383 3179 500 3240 praeter
522 3189 614 3222 unum
639 3172 850 3234 Manucianum,
883 3174 934 3241 qui
958 3172 1006 3224 dat
1028 3175 1214 3237 concitantur,

58 3242 104 3294 uti
123 3241 241 3312 quidem
261 3241 424 3295 emendarat
435 3243 511 3295 Cam.
531 3241 605 3293 Aliis
624 3241 723 3294 arrisit
741 3240 892 3311 agitantur
902 3242 951 3295 vel
966 3243 1156 3309 corguuntur.
1174 3244 1212 3296 D.
1231 3276 1234 3280 -

128 3331 174 3384 Ea
193 3348 244 3399 qua
263 3331 479 3399 cogitantur]
518 3330 683 3397 „Quomodo
702 3329 863 3397 cogitantur
876 3330 932 3382 -¹·?
950 3330 1007 3382 imo
1027 3322 1229 3397 concitantur,'

51 3411 91 3454 ut
107 3403 209 3455 habuit
227 3403 284 3460 MS.
306 3402 426 3469 Manutii
453 3412 482 3456 et
500 3403 596 3454 voluit
614 3402 800 3457 Camerarius.
838 3399 887 3454 Sic
907 3409 936 3454 et
953 3402 1084 3456 Bentleio
1101 3404 1214 3475 placuit

58 3475 104 3541 [t]
124 3474 261 3544 deditque
288 3475 319 3525 in
336 3474 389 3526 Ed.
411 3479 436 3528 l.
461 3473 602 3539 Davisius,
636 3473 667 3524 in
691 3473 783 3525 altera
800 3469 1117 3527 tamen‘'cooriuntur.“·
1142 3475 1214 3528 Era.
1312 3522 1314 3525 ,

58 3545 179 3597 Servavi
205 3545 338 3615 equidem
356 3545 552 3598 Manutianum
579 3544 654 3596 illud
680 3543 867 3609 concitantur,
902 3556 1075 3614 quamquam
1097 3546 1133 3598 de
1151 3548 1226 3609 teiub¹

58 3615 156 3668 codice
175 3615 289 3668 dubito:
322 3616 460 3670 videntur
479 3633 593 3686 quoque
617 3615 695 3669 idem
712 3615 818 3668 habere
839 3615 894 3667 duo
914 3615 1002 3668 Codd:
1021 3616 1101 3680 oxu,
1127 3616 1215 3670 habet
1277 3662 1279 3671 .

58 3685 125 3739 eoa.
145 3685 233 3737 Itlarb.
253 3695 283 3738 et
301 3696 484 3756 receperunt,
503 3696 568 3757 post
586 3687 767 3752 Lambinum,
790 3686 862 3738 Ern.
885 3685 1030 3743 FAWolf.
1059 3686 1143 3739 Schz.
1164 3686 1212 3742 O'r.

56 3756 147 3811 Nobb.
174 3756 245 3807 Tbn.
267 3757 326 3808 Et·
348 3759 434 3811 facile
467 3759 584 3828 quidem
613 3758 712 3830 potuit
743 3756 817 3810 oriri
846 3757 963 3832 vulgata
989 3757 1151 3826 cogitantur
1177 3778 1214 3813 ex

56 3827 216 3897 scriptione
236 3827 401 3885 cicttantar.
433 3828 498 3895 S‘ed,
517 3847 576 3883 non
594 3831 724 3900 inspecta
732 3827 858 3881 Bentleii
876 3831 1069 3895 annotatione,
1088 3830 1213 3884 offensus

56 3917 129 3964 sum,
160 3915 226 3950 cum
250 3899 380 3950 viderem
399 3900 567 3954 Ciceronem
591 3908 706 3970 recepta
725 3918 757 3954 aa
781 3900 907 3953 lectione
926 3901 968 3953 ita
984 3901 1142 3954 balbutire:
1179 3918 1214 3955 cx

56 3987 112 4043 qua
130 3971 363 4023 concitantur
376 3971 610 4042 perturbationec,
631 3987 700 4043 quac
717 3977 781 4024 aunt
792 4003 824 4015 -
840 3959 949 4029 turbidi
967 4004 999 4016 -
1019 3973 1213 4029 concitati-

56 4060 110 4114 que
128 4049 228 4094 neotus.
268 4040 359 4107 Quare
378 4057 445 4092 cum
464 4042 549 4095 Codd.
574 4043 609 4094 ad
633 4061 724 4094 unum
740 4045 804 4095 fere
829 4059 927 4096 omnes
953 4042 1005 4108 (in
1022 4059 1079 4096 uno
1099 4047 1149 4098 Ox.
1171 4055 1213 4098 est

56 4112 270 4181 excogitantur)
291 4098 482 4183 pertinaciter
499 4120 617 4167 teneant
634 4113 712 4165 istud
729 4113 902 4180 cogitantur,
928 4114 996 4166 fieri
1013 4116 1093 4184 posse
1112 4109 1213 4169 existi-

55 4186 145 4252 mavi,
174 4193 217 4249 ut,
233 4184 316 4253 quod
340 4199 398 4234 uon
426 4185 515 4236 semel
542 4184 615 4236 fecit
638 4183 739 4236 Cicero
766 4185 796 4235 in
822 4185 905 4236 libris
932 4184 966 4236 ad
997 4186 1213 4258 philosophiam

44 4257 259 4326 -spectantibus‚
277 4253 365 4308 verbo
384 4255 482 4323 paullo
502 4255 700 4321 insolentiore,
729 4271 782 4306 nec
804 4262 902 4308 tamen
927 4255 1074 4323 inusitato,
1104 4259 1154 4310 sed
1176 4257 1213 4309 ad

57 4329 218 4402 analogiam
237 4331 322 4394 facto,
342 4334 476 4378 uteretur
492 4325 691 4395 scriberetque
711 4324 901 4394 coagitantar,
924 4327 1001 4380 unde
1020 4347 1105 4397 quam
1125 4328 1212 4380 facile

57 4399 124 4450 fieri
142 4402 270 4469 potuerit
288 4399 407 4473 vulgata
430 4399 493 4467 quis
518 4415 575 4450 non
600 4397 699 4451 videt?
733 4397 872 4469 Reliquae
902 4407 982 4452 certe
1001 4399 1213 4457 emendationes

57 4470 174 4545 longiup
188 4479 213 4525 'a
237 4473 390 4527 literarum
417 4470 549 4526 auctibus
570 4470 632 4526 eiu'a
655 4469 804 4526 recedunt.
842 4471 957 4540 Optima
980 4478 1058 4524 corte
1084 4482 1116 4528 ea
1136 4477 1212 4529 aaa
1269 4547 1275 4565 ⁴
