2842 5070
534 298 664 369 mom
683 305 744 384 tv,
754 305 816 400 st.
839 306 891 371 es.
1098 343 1125 367 e
1216 308 1279 386 451

235 510 278 524 -
298 472 379 538 Nem
402 472 481 556 quid
500 492 561 556 ego
584 481 615 535 te
635 467 798 551 appelle'm,
824 469 951 553 Venus?

122 551 202 616 Eum
225 573 307 636 pree
329 557 467 615 libidine
489 563 589 637 negat
616 573 737 615 curare
758 554 946 634 quicquame
976 549 1070 631 quasi
1100 567 1182 614 vero
1210 553 1281 636 ipse

123 633 192 699 non
213 645 354 717 propter
374 635 550 698 libidinem
570 632 663 694 tanta
690 633 817 717 flagitia
840 643 874 693 et
896 634 998 693 faciat
1019 642 1053 693 et
1073 631 1173 700 dicat.

209 719 265 778 Sic
286 721 393 802 igitur
414 721 532 779 affecto
560 716 641 776 haec
670 712 856 776 adhibenda
884 716 1014 776 curatio
1037 724 1099 791 est,
1128 726 1168 776 ut
1188 723 1222 776 et
1242 718 1283 779 il·
1305 716 1347 783 35

99 789 194 881 lud,
217 800 310 881 quod.
329 802 453 882 cupiat,
476 797 629 862 ostendat
650 817 748 879 quam
770 796 857 875 leve,
883 817 981 878 quem
995 797 1281 882 contemnendum,
1301 803 1344 855 74.

123 909 220 920 .---

123 963 221 1022 Duisb.
239 964 479 1038 habet'appellem
498 973 535 1033 te,
553 983 627 1018 unus
645 967 695 1019 Ox.
715 961 825 1034 appollo
844 964 917 1030 (sic),
937 965 1039 1017 omisso
1058 970 1093 1017 te‘.
1113 967 1177 1019 Post
1192 967 1285 1022 Venus

125 1040 193 1094 Cod.
213 1043 289 1092 Nion.
310 1045 334 1095 1.
354 1041 453 1113 pergit
471 1038 524 1090 Ee
538 1053 620 1106 pree,
643 1036 733 1090 Rehd.
760 1051 846 1089 cauea
866 1035 956 1104 [quod
971 1044 1073 1088 'ortum
1092 1045 1134 1088 est
1152 1054 1188 1089 ex
1206 1053 1285 1090 com-

160 1111 233 1174 ‚udio'
254 1113 299 1175 ed,
325 1109 401 1179 quod
426 1110 541 1182 legebat
565 1108 692 1175 scriptor
715 1106 821 1159 codicis
839 1103 872 1158 cir
895 1107 914 1156 i.
936 1123 959 1158 e.
985 1104 1081 1169 eausa)
1103 1123 1172 1174 pros
1199 1126 1286 1179 supra

123 1129 177 1233 iii.
195 1198 247 1249 pre
265 1181 339 1246 (sio).
360 1183 434 1235 lllon.
447 1185 472 1234 l.
492 1178 591 1232 curari
609 1176 695 1229 habet
713 1193 766 1246 pro
784 1192 894 1229 curare·
921 1178 986 1228 Post
1004 1177 1150 1246 quicquam
1169 1177 1244 1231 Gud.
1256 1183 1283 1235 2.

123 1253 236 1326 pergit:
267 1253 327 1320 ipse
352 1267 417 1304 vero
442 1254 516 1315 nen,
537 1249 641 1302 omisso
666 1245 755 1314 quasi.
780 1247 884 1306 ‚Duisb.
909 1246 941 1298 in
965 1248 1024 1300 fine
1048 1249 1149 1318 capitis
1173 1250 1285 1303 omittit

109 1330 283 1390 *utrumque
301 1329 337 1374 et.
376 1321 419 1374 De
436 1320 583 1373 locutione
601 1318 718 1385 flagitia
737 1316 841 1383 dicere,
864 1334 922 1370 uon
937 1324 997 1370 uno
1015 1325 1128 1370 tantum
1146 1319 1202 1372 hoc
1220 1320 1285 1373 loco

111 1394 218 1458 obvia,
238 1391 288 1445 sed
306 1393 393 1445 etiam
411 1393 445 1444 de
463 1394 500 1446 N.
520 1389 553 1442 D.
573 1385 626 1454 111.
646 1392 692 1446 38.
719 1390 755 1442 ad
772 1389 880 1464 ljamm.
900 1388 949 1442 IX.
969 1391 1012 1444 22.
1041 1389 1099 1442 vid.
1119 1391 1287 1444 Menckenii

125 1465 200 1518 Obss.
221 1465 253 1518 1..
272 1463 334 1515 Lat.
359 1479 387 1532 p.
408 1466 469 1517 407.
507 1463 567 1518 Me.
644 1464 646 1471 ’
830 1475 854 1491 ’·
1080 1482 1083 1487 ’

204 1535 335 1588 Venerem
354 1549 436 1587 unam
455 1531 582 1585 excludit
599 1536 630 1584 ut
648 1529 791 1602 iniquam]
809 1531 876 1583 Non
888 1530 982 1595 video,
1001 1531 1072 1600 quid
1080 1532 1127 1593 sit,
1147 1549 1202 1584 cur
1218 1550 1286 1585 cum

126 1603 262 1657 Turnebo
281 1604 398 1657 Advers.
419 1605 483 1670 Vll,
495 1605 545 1658 ¹18.
565 1619 746 1672 reponamus,
775 1601 909 1656 Venerem
926 1617 1009 1654 unam
1028 1602 1151 1655 excludit
1168 1609 1199 1655 ot
1221 1620 1288 1656 nee

126 1690 235 1745 quams
253 1675 443 1728 adversantur
458 1675 540 1728 enim
558 1673 685 1738 Codices,
704 1682 743 1740 et,
767 1673 889 1724 nisime
907 1673 988 1725 fallit
1006 1673 1127 1738 animus,
1148 1690 1189 1738 ea,
1213 1690 1286 1740 quae

124 1746 323 1814 voluptatibus
356 1754 471 1799 avocata
501 1745 587 1798 iustas
619 1760 720 1816 preces
749 1760 807 1796 non
836 1751 928 1809 curat,
960 1742 1059 1811 iniqua
1082 1744 1188 1796 merito
1218 1760 1288 1798 cen⁴

126 1825 230 1871 seetur.
268 1817 306 1869 D.
600 1837 602 1841 ¹
661 1835 663 1838 ’

128 1924 131 1928 -
198 1904 222 1938 c.
241 1889 285 1942 35.
304 1915 307 1919 ν
323 1886 373 1940 Sic
390 1885 488 1953 igitur
506 1887 603 1952 affecto
620 1883 687 1954 dees
704 1880 860 1939 adhibenda
878 1879 987 1937 curatio
1006 1884 1070 1950 esd]
1089 1887 1172 1938 Unus
1186 1886 1235 1938 Ox.
1256 1889 1287 1938 et

125 1957 215 2010 Mart.
245 1958 406 2024 sicergo.
433 1959 508 2008 lllon.
528 1959 553 2010 2.
577 1955 664 2029 babet
690 1972 723 2008 eo
742 1968 795 2025 pro
814 1954 890 2008 laec.
915 1956 988 2009 Gud.
1013 1956 1159 2008 curatio
1185 1953 1288 2010 adli·

127 2028 216 2082 bend
223 2043 241 2078 α
261 2033 311 2083 eet.
332 2031 405 2082 lllon.
418 2029 444 2082 2.
465 2027 576 2079 omittit
594 2033 642 2082 eet.
663 2026 760 2078 Duisb.
779 2044 815 2096 pe
855 2027 879 2078 it
896 2033 924 2078 ut
943 2033 969 2079 el
987 2027 1117 2079 ostendat
1131 2041 1211 2095 quam
1229 2027 1288 2080 lette

127 2099 167 2150 sit
191 2098 264 2149 illud
288 2098 362 2166 quod
386 2099 495 2164 cupiam
523 2105 647 2165 quatuor
674 2098 745 2148 Oxx.
772 2100 802 2148 et
817 2044 894 2149 iim.
913 2099 940 2152 2.
964 2101 995 2148 tet
1019 2102 1047 2148 et
1064 2095 1110 2159 ide
1142 2115 1216 2149 uuus
1235 2098 1287 2164 0,ss-

129 2168 279 2233 Ostendes,
299 2171 373 2220 lllon.
396 2173 418 2221 l.
438 2167 618 2221 ostendature
639 2167 748 2236 reliqui
766 2161 851 2220 codd.
871 2178 969 2219 omues
988 2167 1123 2235 ostendet.
1195 2230 1198 2234 .
1268 2233 1269 2236 Ἴ

121 2289 124 2291 Α
193 2233 342 2303 ¹0st'endet,
362 2252 444 2307 quam
463 2237 531 2302 leve]
563 2238 632 2303 Quis
649 2230 705 2297 hoc
723 2233 876 2290 ostendet?
895 2255 930 2289 an
949 2238 1080 2290 curatio?
1099 2234 1156 2290 sed
1173 2238 1204 2290 id
1223 2239 1289 2308 quia
1319 2256 1320 2260 ¹

127 2310 194 2362 dem
212 2309 372 2361 absurdum.
411 2308 598 2360 scribendum
624 2315 654 2360 dt
671 2307 699 2360 ei
716 2309 769 2375 (sic
787 2309 846 2382 leg.
872 2324 929 2360 non
949 2308 984 2370 el)
1011 2306 1084 2360 illud
1098 2305 1175 2376 quod
1192 2308 1287 2377 cupiat

127 2379 359 2442 ostendatur,
380 2394 462 2446 quom
481 2377 538 2442 leue
557 2387 611 2434 eto.
642 2378 717 2430 Tum
736 2379 853 2430 demum
870 2386 950 2430 recte
963 2395 991 2429 se
1004 2378 1085 2430 locus
1102 2379 1227 2431 habebit.
1247 2380 1286 2432 D.

200 2455 280 2502 utet
299 2447 382 2512 illud,
403 2447 591 2517 quodcupiot,
611 2449 795 2512 ostendat,
816 2463 898 2516 quam
910 2448 977 2514 lece]
997 2445 1093 2512 „Nola
1106 2450 1289 2503 coniunctio-

128 2534 196 2572 nem
215 2525 251 2572 et.
288 2519 433 2587 Loquitur
451 2519 492 2570 sic
509 2519 622 2584 Cicero,
641 2526 676 2571 ut
694 2519 718 2570 si
736 2519 885 2571 additurus
903 2519 1020 2570 fuisset:
1046 2525 1071 2571 et
1093 2535 1289 2589 nonnunquam

127 2589 215 2657 etiem
233 2590 272 2641 od
289 2589 349 2641 olio
367 2590 508 2653 obducet:
522 2605 589 2640 cum
607 2597 713 2654 temen,
731 2589 860 2659 praeciso
879 2589 1016 2641 orationis
1034 2589 1094 2653 filo,
1114 2591 1210 2643 addat:
1238 2591 1288 2644 ab·

128 2655 383 2714 ducendue'etiam
409 2666 451 2712 eet
467 2664 669 2729 ‘rronnunquam
693 2660 732 2713 ad
755 2660 824 2712 alia.
861 2661 923 2720 Hoc
945 2664 1008 2712 'non
1031 2662 1164 2713 concoxit
1182 2661 1231 2712 vir
1247 2662 1287 2715 cl.

128 2733 180 2800 qui
205 2731 390 2784 substituebat
408 2737 437 2782 ut
462 2733 496 2784 ei
513 2729 587 2783 illud
607 2758 639 2768 —
665 2731 854 2783 ostendatur.
892 2732 961 2790 Nos,
980 2729 1061 2781 illud·
1076 2732 1203 2784 ostendet
1229 2729 1288 2790 iam

126 2803 200 2853 ¹tuiti
228 2820 322 2853 sumus
347 2802 381 2854 ad
403 2800 489 2854 Acad.
514 2801 537 2852 1.
567 2806 589 2855 l.
627 2800 711 2866 [Non
733 2801 789 2853 hoc
812 2800 942 2867 defendit
965 2800 1077 2870 Wopk.
1103 2802 1151 2853 sed
1173 2802 1285 2854 simile:

67 2885 78 2898 “
129 2871 348 2941 Intemperantis
368 2900 399 2910 -
419 2887 480 2923 esse
499 2868 626 2923 arbitror
644 2872 768 2925 seribere
786 2871 857 2938 qued
874 2873 1015 2924 occultare
1032 2870 1136 2936 velit,
1155 2872 1204 2923 ubi
1224 2881 1288 2925 erat
1378 2901 1381 2906 ·

130 2943 180 3012 qui
199 2942 462 3014 corrigeret‘veit'e:
484 2941 561 3009 quod
579 2941 619 2992 ibi
633 2952 711 2994 certe
726 2942 924 3006 ,necessarium
942 2958 1000 2994 non
1018 2942 1082 3007 est]
1106 2944 1191 2996 Nunc
1209 2943 1287 3002 illud

128 3012 219 3066 velim
237 3013 391 3077 observari,
416 3027 577 3081 pronomen
599 3013 627 3064 ei
644 3012 786 3065 facillime
805 3013 898 3064 abesse
916 3028 1006 3081 posse,
1025 3013 1181 3064 secundum
1200 3013 1288 3065 omis-

130 3084 239 3136 sionem
257 3083 307 3135 lon
330 3101 344 3135 o
362 3081 584 3146 usitatissimam,
604 3083 638 3134 de
657 3100 713 3152 qua
732 3084 765 3135 ad
783 3085 820 3134 N.
839 3083 873 3134 D.
894 3082 931 3136 11.
952 3085 986 3136 le
1007 3080 1069 3145 [aut
1086 3085 1162 3136 vires
1181 3090 1287 3136 statura

131 3154 216 3221 dedit,
235 3153 284 3205 ubi
302 3101 398 3229 fiarnb.
418 3154 527 3222 frustra
544 3153 657 3205 volebat
676 3160 724 3206 aut
743 3153 797 3205 eis
815 3152 885 3218 v.].“
912 3152 1058 3220 Wopkens.
1086 3152 1107 3203 1.
1128 3169 1152 3208 c.
1172 3171 1201 3220 p.
1223 3149 1285 3223 141.
1374 3151 1376 3155 ’

129 3243 172 3294 sq.
209 3225 330 3287 „Malim
349 3241 401 3298 ego
421 3223 560 3289 ostendas,
580 3241 666 3292 quam
684 3225 856 3277 ostendatur.
895 3224 938 3275 Ita
956 3238 1024 3274 mou
1042 3223 1144 3275 Cicero
1164 3222 1207 3294 [l.
1223 3221 1288 3293 ts]

129 3295 166 3349 'Se'
184 3293 238 3348 illu
256 3311 390 3348 accusare
410 3294 512 3347 nolis.
533 3326 567 3336 —
607 3293 644 3348 Ut
661 3292 728 3347 laec
745 3292 926 3348 οηιίηεηέ6
952 3291 1041 3345 Boud.
1079 3293 1287 3358 „Eruendatio-

130 3384 199 3419 nem
217 3367 325 3418 Davisii
343 3367 502 3435 sequimur,
521 3364 657 3433 adquam
675 3366 756 3418 ducit
773 3383 847 3416 unus
866 3382 881 3417 e
899 3365 938 3417 lle
962 3364 1007 3429 iis,
1026 3363 1058 3415 in
1077 3380 1133 3433 quo
1152 3364 1287 3426 mendose

135 3437 274 3489 scribitur
292 3438 367 3505 quod
385 3434 553 3504 cupiatur
576 3435 732 3502 ostendat.“
760 3434 875 3489 Laidem.
912 3381 1028 3501 „liaris
1050 3442 1082 3495 et,
1096 3435 1181 3504 Bipp.
1202 3427 1287 3502 [cuim

131 3507 246 3559 Mannh.
265 3507 298 3559 hi
317 3508 457 3560 nimirum
477 3523 512 3558 ex
530 3505 617 3571 Lali]
636 3507 809 3572 ostendatur,
835 3504 940 3558 Buher.
961 3505 1102 3558 ostendas.
1140 3508 1288 3558 Neutrum

131 3578 291 3630 necessario
311 3580 408 3643 exiis,
429 3594 502 3646 quae
521 3576 555 3628 ad
565 3581 608 3641 11,
618 3580 662 3632 26.
681 3578 759 3629 dicta
777 3584 853 3641 sunt,
871 3577 981 3628 factum
1000 3575 1090 3642 [adv.
1111 3576 1195 3641 scire,
1214 3571 1288 3643 quod

130 3647 294 3712 neseiat]
321 3648 520 3710 Et,cohaeret
547 3664 614 3699 cum
636 3648 813 3700 abducendus
836 3653 876 3699 est
900 3649 995 3707 etiem,
1027 3658 1108 3715 quae,
1140 3658 1198 3699 non
1224 3647 1288 3700 siue

131 3719 230 3788 aliqua
247 3718 396 3782 anomalia,
415 3719 493 3772 dicta
510 3727 577 3770 sunt
593 3735 647 3789 pro
666 3725 693 3771 et
711 3724 742 3770 ut
761 3717 944 3771 abducatur.“
962 3713 1078 3774 Nissen.
1105 3720 1290 3788 Receperuut

132 3789 162 3844 ei
181 3821 212 3832 -
233 3788 393 3842 ostendetur
410 3789 481 3842 Edd.
502 3791 534 3840 L.
547 3790 585 3841 M.
601 3787 666 3841 Ald.
687 3789 749 3842 Gar.
771 3788 870 3858 steph.
890 3789 970 3840 Brut.
991 3787 1070 3856 sylb.
1092 3789 1176 3841 Leod.
1197 3789 1289 3852 Lall.;

131 3867 160 3913 et
180 3887 213 3898 -
231 3860 392 3912 ostendetur
408 3860 470 3929 Bip.
490 3857 605 3912 lllannh.
626 3855 722 3916 Wolf.
741 3860 843 3924 Schn,
863 3854 891 3911 ee‘
905 3890 938 3900 -
956 3859 1085 3912 ostendat
1106 3855 1194 3913 Orell.
1213 3861 1291 3929 Tbn.

132 3946 257 4000 quorum
282 3930 334 3981 ille
353 3930 552 3996 „Scncenties,
576 3931 628 3993 ait,
656 3933 683 3984 ei
710 3932 741 3981 in
768 3930 989 4000 et'corruptum
1009 3936 1059 3982 est.
1096 3931 1291 3985 Toleravit'el
1337 3967 1345 3977 ι

134 4001 224 4057 etiam
241 4001 379 4066 wolfius,
407 4001 474 4070 quia
493 4007 519 4052 et
542 4016 595 4069 pro
614 4001 710 4053 etiam·
724 4002 799 4068 apud
816 4003 875 4055 Cic.
896 4000 1074 4074 agnoscebat.
1089 4020 1091 4025 ·
1112 4000 1217 4070 Sicque
1235 4002 1290 4052 ima

132 4072 241 4126 mutari
267 4071 319 4123 vix
344 4079 439 4140 potest
465 4071 563 4141 paullo
579 4081 656 4133 ‚ante
674 4071 763 4124 Probe
787 4079 818 4124 et
841 4071 899 4123 itte.
936 4071 1110 4140 Plerumque
1127 4081 1223 4124 tamen
1241 4070 1291 4125 vel

130 4161 219 4196 sensu
237 4143 308 4212 ipso,
328 4143 377 4194 vel
395 4141 479 4195 codd.
498 4143 679 4194 monentibus
702 4151 752 4194 aut
770 4142 923 4195 delendum
943 4151 993 4207 est,
1018 4150 1067 4193 aut
1086 4142 1290 4216 corrigendum
1315 4140 1317 4144 ’

135 4216 186 4267 vel
204 4214 289 4268 etiam
306 4213 356 4266 vel
374 4210 409 4266 ei.
445 4214 490 4265 Ad
506 4212 577 4266 haec
595 4212 654 4266 tria
672 4214 751 4265 euim
769 4213 920 4266 reducitur
937 4213 1064 4265 levicula
1082 4212 1135 4266 illa
1149 4213 1289 4278 Quaestio.

131 4284 291 4338 Ostendam
309 4282 434 4339 retinui:
453 4280 532 4337 nihil
550 4284 629 4336 enim
648 4283 761 4336 absurdi
780 4283 914 4352 equidem
933 4283 965 4334 iu
984 4300 1016 4336 eo
1036 4283 1129 4348 video,
1156 4290 1189 4334 ut
1208 4294 1245 4335 'cx
1261 4299 1290 4334 r.

137 4357 247 4429 caeoldo
271 4357 436 4409 desumatur
459 4350 490 4411 h.
509 4356 538 4408 l..
557 4354 594 4421 ie,
624 4355 838 4422 quindecimus
861 4352 934 4407 eet.“
970 4355 1050 4408 Idem
1068 4360 1166 4406 tamen
1182 4353 1231 4404 vir
1249 4348 1293 4406 cl.

120 4426 174 4480 *ed
191 4427 242 4484 W.
262 4428 371 4482 scholas
398 4428 439 4482 ait
463 4444 492 4480 sc
510 4427 569 4479 iem
586 4427 699 4500 moveri
723 4425 872 4498 iis,3quae
899 4424 1008 4478 dixerit
1032 4421 1218 4481 Bromiusad'
1233 4423 1292 4499 iiie.

1003 4525 1069 4594 29*
