2842 5070
402 289 405 295 ’
571 312 701 379 tuna
722 316 784 394 ιν,
806 317 836 380 a.
1130 365 1136 375 .
1214 320 1277 384 arr
1354 408 1357 413 ἱ

122 500 181 545 rae
201 482 360 564 primum,
377 480 467 542 dein
488 480 633 543 Platonis
665 477 925 562 descriptionem
946 498 1083 561 sequar:
1126 483 1185 563 qui
1206 486 1276 543 ani-

122 583 214 626 mum
234 565 270 625 in
297 562 380 626 duas
405 564 518 644 peries
533 561 715 640 dividunt,
741 563 881 624 alteram
910 562 1050 623 rationis
1080 565 1277 645 participem

122 649 261 724 iaciunt,
282 647 421 708 alteram
441 655 630 727 expertem:
651 646 688 705 in
700 646 873 726 'participe
889 644 1030 706 rationis
1044 648 1173 726 pondnt
1188 653 1277 706 tran-

122 728 331 811 quillitatem,
352 725 471 806 idest,
493 726 653 810 placidam
671 729 880 819 quietamque
901 728 1139 790 constantiam:
1162 729 1196 787 ia
1213 727 1279 788 ’1111

121 898 250 951 bationes
268 897 397 950 incidere
414 896 519 949 bestiae
537 912 596 949 non
612 897 792 963 viderentur,
820 897 850 949 id
867 896 945 964 quod
969 905 1066 948 monet
1085 904 1183 948 noster
1202 897 1280 947 infra

123 985 147 1020 c.
169 970 211 1023 14.
231 968 395 1021 Posidonius
413 975 510 1020 umen
527 966 641 1020 Stoicus
658 967 906 1042 Pydisgoreorum
925 968 1068 1021 rationem
1092 975 1207 1021 secutus
1227 974 1278 1019 cst.

124 1038 187 1090 Vid.
208 1038 355 1091 Galerium
373 1038 407 1092 de
425 1037 467 1091 Do
491 1056 527 1088 m.
547 1038 605 1108 Hip
628 1056 643 1088 υ
655 1046 684 1090 et
702 1039 811 1090 Platon.
832 1039 883 1090 lib.
903 1039 951 1090 tv.
972 1055 1032 1108 cap.
1053 1040 1079 1092 3.
1116 1037 1152 1089 D.

88 1160 94 1173 .
194 1109 214 1160 d
221 1108 253 1161 ei
260 1124 279 1162 n
297 1107 435 1175 Platonis]
468 1055 579 1178 §cripsi
617 1106 663 1162 ein
681 1125 735 1179 pro
755 1106 855 1162 deinde
873 1125 940 1161 curn
958 1106 1029 1160 Dav.
1050 1125 1085 1159 ex
1103 1107 1188 1160 Codd.
1207 1108 1276 1180 Reg.

125 1178 199 1232 Gud.
219 1183 244 1232 1.
263 1182 289 1249 2.
308 1197 324 1231 a
343 1196 399 1248 quo
418 1194 477 1232 non
502 1178 630 1231 multum
653 1178 776 1231 discedit
797 1196 871 1231 unus
890 1178 940 1232 Ox.
961 1178 992 1230 in
1017 1195 1074 1247 quo
1094 1187 1136 1231 est
1164 1175 1277 1229 deliine:

123 1249 196 1302 alius
220 1247 307 1304 habet
333 1249 367 1302 de
387 1248 444 1303 boc.
491 1250 614 1324 Legitur
637 1248 725 1302 etiam
752 1249 818 1303 dein
843 1251 873 1301 in
898 1249 988 1303 Bruto
1006 1251 1051 1314 24,
1070 1251 1114 1305 93.
1144 1248 1194 1299 ubi
1219 1248 1277 1300 vid.

122 1320 251 1374 Ellendt.
275 1339 304 1391 p.
323 1321 358 1374 71
377 1338 419 1391 sq.
445 1319 708 1376 1111111143.
733 1320 784 1372 ubi
808 1320 866 1374 vid.
892 1337 956 1372 ann.
983 1328 1071 1373 nostr.
1102 1322 1132 1372 in
1157 1319 1208 1372 Ed.
1230 1319 1276 1372 Gr.

124 1399 179 1444 etc.
198 1398 288 1444 nostr.
313 1389 381 1458 [mai.
407 1409 435 1460 p.
455 1392 522 1455 3⁷93
540 1390 576 1442 de
593 1390 663 1460 Rep.
682 1392 706 1444 1.
726 1393 769 1445 10.
788 1409 817 1462 p.
837 1393 880 1446 47.
907 1391 950 1443 ed.
970 1399 1057 1443 nostr.
1078 1391 1101 1446 1.
1123 1391 1164 1445 12.
1185 1409 1212 1461 p.
1232 1391 1276 1445 14.

123 1461 266 1515 Drakenb.
290 1461 325 1513 ad
343 1461 406 1513 Liv.
427 1460 481 1514 111.
499 1463 526 1516 3.
552 1464 578 1516 6.
602 1461 726 1514 XXXIV.
745 1463 789 1516 40.
812 1463 837 1516 4.
868 1461 919 1530 qui
943 1478 1026 1530 saepe
1052 1476 1082 1513 se
1107 1460 1138 1513 in
1162 1461 1278 1530 optimis

123 1532 207 1586 libris
225 1532 366 1584 invenisse
385 1532 426 1582 ait
439 1530 519 1597 'dein,
537 1530 588 1582 ubi
606 1530 638 1582 in
653 1531 842 1597 deterioribus
857 1539 949 1587 exstet
967 1531 1075 1585 deinde.
1113 1529 1184 1583 Add.
1205 1531 1279 1584 Goe-

123 1604 204 1656 r'enz.
229 1603 264 1655 ad
280 1603 340 1656 Cic.
363 1601 397 1654 de
416 1602 500 1654 Finn.
514 1602 563 1655 IV.
580 1604 622 1656 18.
642 1604 684 1657 50.
704 1620 733 1671 p.
744 1603 805 1657 484.
826 1601 1149 1665 HandiiTursellin.11.
1169 1619 1197 1672 p.
1216 1603 1277 1657 230.

125 1673 270 1729 scribitur
285 1671 519 1741 discriptionem
535 1672 567 1723 in
581 1671 659 1724 0011
673 1671 742 1745 aeg.
759 1672 832 1725 Gud.
850 1676 872 1727 l.
912 1673 970 1727 Mr.
1017 1703 1020 1706 >
1272 1677 1278 1695 ’·

196 1743 421 1810 descriptionem]
469 1741 659 1808 „Posidonius
692 1741 906 1810 descriptionem
934 1743 1130 1813 cuiuscunque
1157 1742 1277 1796 virtutis

124 1813 305 1881 ἐτυμολογῶν
327 1821 424 1865 vocat:
454 1813 571 1881 quidam
593 1813 818 1882 χαρακτηριςμὸν
846 1813 1002 1883 appellant,
1028 1814 1111 1888 signa
1135 1814 1277 1882 cuiusque
1303 1816 1311 1822 “

124 1882 243 1938 virtutis
261 1882 376 1936 atrilii
399 1901 431 1935 ac
449 1892 529 1935 notas
553 1883 729 1936 reddentem.
775 1884 858 1936 luter
881 1883 1105 1952 praeceptionem
1124 1893 1152 1936 et
1171 1885 1278 1936 descri-

121 1955 244 2026 ptionem
261 1955 317 2007 hoc
336 1953 472 2008 interest:
501 1952 718 2024 Qui'praecipit,
737 1953 817 2020 dicit,
837 1953 893 2006 illa
913 1954 1012 2019 iacies,
1031 1956 1056 2006 si
1075 1953 1154 2007 voles
1168 1963 1279 2023 tempe-

125 2043 190 2081 rans
210 2042 277 2078 esse.
320 2023 375 2090 Qui
392 2023 537 2089 describit,
566 2024 619 2076 ait:
647 2033 811 2094 temperans
831 2032 881 2089 est,
905 2025 957 2094 qui
975 2025 1046 2076 facit
1064 2025 1126 2089 illa,
1151 2025 1213 2076 illis
1231 2024 1278 2076 ab·

83 2105 86 2110 '
124 2099 222 2150 stinet.
239 2095 368 2161 Quaeris,
388 2095 458 2163 quid
466 2094 600 2147 intersit?
619 2095 694 2148 alter
731 2102 864 2166 raecepta
881 2096 999 2147 virtutis
1018 2094 1075 2161 dat,
1094 2097 1169 2148 alter
1183 2111 1279 2147 exem·

124 2169 198 2239 piar.
219 2195 256 2209 -·
277 2164 413 2220 Boiithius
432 2167 464 2218 in
481 2169 507 2221 3.
527 2173 679 2218 comment.
725 2165 876 2235 opicorurn
900 2166 1006 2218 inultas
1023 2165 1065 2217 ait
1083 2183 1141 2220 esse
1160 2165 1280 2218 diversi-

124 2247 197 2291 tates
215 2237 426 2302 definitionum,
446 2253 568 2305 quarum
587 2236 717 2288 omnium
735 2252 841 2289 nornen
861 2236 898 2288 sit
915 2237 1078 2304 descriptio.
1108 2236 1191 2307 Apud
1209 2235 1280 2289 scria
1302 2260 1310 2271 ι

124 2317 224 2378 ptores
238 2307 400 2360 rhetoricos
414 2306 570 2376 descriptio
581 2307 757 2371 nominatur,
768 2325 841 2376 quae
849 2323 949 2358 rerum
961 2307 1093 2359 continet
1099 2307 1280 2377 perspicuam

126 2387 156 2432 et
174 2377 331 2430 dilucidam
357 2377 534 2446 expositione
567 2376 602 2430 .“
630 2408 662 2419 -
682 2407 716 2419 -
734 2377 792 2442 „in
815 2378 884 2430 duae
906 2383 1024 2444 parter:
1052 2378 1223 2431 Aristoteles
1248 2378 1280 2428 in

125 2451 174 2503 vt.
185 2447 358 2501 Ethicorum
376 2447 416 2498 ait
434 2447 493 2499 tria
505 2463 564 2500 esse
578 2447 610 2498 in
621 2447 725 2512 animo,
744 2464 868 2512 sensum,
888 2447 1081 2511 intellectum,
1101 2450 1277 2518 appetitum:

125 2520 239 2574 animae
266 2518 414 2572 rationalis
437 2526 551 2588 partem
573 2517 695 2570 alteram
712 2517 812 2570 vocari
830 2517 1027 2583 adamiticam,
1052 2518 1175 2570 alteram
1188 2519 1280 2571 natio-

126 2590 291 2644 cinativam.
313 2587 393 2654 [Eeb
413 2589 569 2645 adNicom.
589 2589 637 2642 Vl.
657 2587 697 2655 2.]
732 2588 769 2644 Μ.
784 2588 899 2642 Tullius
916 2589 979 2641 Lib.
993 2589 1022 2641 «l.
1044 2588 1078 2641 de
1096 2586 1151 2644 011.
1167 2589 1279 2657 Duplex

125 2667 178 2728 eet,
197 2660 303 2730 inquit,
329 2658 374 2712 oie
391 2658 552 2713 animorum
575 2665 656 2729 atque
674 2666 807 2713 naturae:
834 2674 975 2726 unapars
992 2662 1024 2713 in
1042 2660 1166 2727 appetitu
1181 2658 1280 2726 posita

108 2738 179 2802 ,eet,
198 2747 268 2798 qaae
286 2731 360 2802 ὁρμὴ
380 2730 487 2784 dicitur
504 2746 617 2799 graece,
637 2745 708 2799 quae
724 2727 862 2784 ltominem
882 2728 973 2783 ltac'et
986 2730 1058 2783 illac
1071 2729 1172 2796 rapite
1188 2730 1280 2784 altera

125 2803 295 2868 imatione,
326 2817 394 2871 qaae
419 2803 497 2855 docel
518 2809 602 2870 atque
627 2804 772 2869 explanat,
794 2801 865 2871 quid
881 2800 1039 2867 faciendam
1061 2800 1281 2870 fugiendumque

126 2875 176 2929 eit.
219 2875 265 2926 Ita
292 2874 331 2938 fit,
358 2872 489 2925 atratis
510 2870 629 2940 praesit,
658 2871 801 2940 appetitae
817 2888 882 2926 uero
900 2872 1076 2940 obtemperet.
1115 2870 1160 2936 [de
1180 2870 1233 2924 Off.
1255 2874 1278 2924 1.

126 2943 209 3011 28.]“
245 2942 411 2996 Beroaldus.
486 2956 494 2987 t
1001 2964 1007 2970 ·
1106 2950 1121 2981 ὕ
1160 3003 1163 3007 ,

73 3021 77 3024 ’
198 3013 254 3070 Qui
279 3012 404 3065 animum
428 3011 459 3064 in
482 3013 553 3065 duae
575 3018 673 3080 partes
696 3012 848 3079 diuidunt‚]
894 3014 986 3080 „Non
1011 3011 1170 3084 probabant
1187 3012 1279 3066 Stoici

127 3085 204 3137 hanc
222 3082 405 3145 divisionem,
425 3089 545 3152 excepto
563 3083 721 3138 Posidonio.
746 3084 817 3136 Octo
836 3083 884 3135 illi
901 3092 998 3154 partes
1016 3084 1107 3135 animi
1125 3099 1185 3136 esse
1203 3083 1280 3134 dice-

126 3155 204 3218 bant,
225 3153 355 3222 quinque
364 3169 459 3204 sensus
472 3147 658 3221 (αἰσθητήρια)
670 3153 774 3207 deinde
791 3153 824 3205 ad
844 3154 1001 3221 φωνητικὸν
1018 3155 1149 3222 ὄργανον,
1168 3152 1198 3204 nt
1219 3152 1279 3205 diu·

126 3226 264 3291 νοητικόν,
282 3225 313 3277 τὸ
330 3222 519 3290 privarentur
545 3220 583 3286 [v.
602 3223 656 3276 Dlo
679 3223 877 3276 .La'e'rt.V11.
898 3223 971 3290 110.]
997 3223 1099 3278 Faw.
1118 3224 1149 3274 in
1163 3221 1278 3275 scholis.

126 3296 216 3364 „Vid
237 3294 420 3349 Stallbaumii
438 3295 573 3368 Prolegg.
599 3293 635 3346 ad
673 3294 777 3366 tatonis
801 3291 911 3346 Phileb.
937 3312 965 3363 p.
984 3293 1099 3360 xxtu,
1127 3300 1186 3345 not.
1205 3295 1249 3348 32.
1261 3294 1280 3321 “

125 3362 242 3421 Scituri.
279 3366 379 3440 Pergit
398 3382 470 3417 unus
490 3364 540 3417 Ox.
559 3364 714 3429 alterum,
733 3364 811 3417 idem
824 3379 891 3416 cum
909 3363 966 3416 alio
985 3363 1072 3416 etiam
1089 3372 1154 3434 post
1171 3363 1279 3431 faciunt

125 3437 212 3491 habet
229 3438 375 3491 alterum.
412 3435 560 3489 scribitur
574 3434 742 3503 participem
760 3433 882 3509 rationis
899 3436 930 3487 in
950 3434 1035 3488 Godd
1055 3434 1139 3497 Vind.
1161 3439 1186 3489 1.
1202 3435 1277 3510 Aug.

128 3508 201 3563 Gut
230 3510 265 3562 ln
282 3511 357 3561 Mon.
377 3509 403 3563 2.
423 3505 548 3560 rationis
561 3505 735 3575 participem
752 3505 884 3571 rationis,
903 3514 1026 3575 utraque
1044 3504 1203 3575 scriptione
1221 3513 1280 3558 stu-

95 3612 97 3617 .
147 3578 194 3632 ide
219 3579 381 3632 coniuncta
408 3577 460 3631 Aa
481 3596 529 3643 vr.
547 3576 716 3646 participem
730 3582 916 3644 -eapertem
932 3576 990 3628 vid.
1010 3575 1192 3628 Doederlein.
1216 3577 1278 3629 het.
1316 3616 1319 3621 .
1386 3607 1391 3611 -

126 3597 236 3720 §ynam
255 3667 285 3700 u.
303 3648 432 3718 Etymol.
453 3650 500 3702 tv.
519 3666 547 3720 p.
574 3650 638 3705 208.
665 3649 700 3702 In
718 3659 798 3718 seqq.
826 3648 881 3700 duo
906 3647 976 3701 Oxx.
1000 3645 1090 3699 Rehd.
1118 3646 1225 3699 babent
1251 3647 1282 3700 in

125 3718 319 3790 participem,
349 3734 421 3770 unus
445 3721 495 3773 Ox.
521 3719 692 3773 orationis:
721 3719 756 3772 de
780 3735 838 3788 qua
865 3718 1033 3770 contusione
1049 3716 1108 3773 vid.
1128 3727 1203 3786 quae·
1220 3716 1282 3769 dixi

129 3798 160 3843 et
198 3805 248 3842 uos
269 3788 385 3842 laudavi
407 3787 519 3842 11010.
539 3790 615 3844 del.
651 3808 680 3865 g.
705 3791 728 3843 1.
749 3791 791 3847 li.
812 3791 857 3844 48.
899 3792 986 3845 .116.
1005 3787 1078 3840 Α11.
1098 3803 1148 3840 nos
1167 3788 1204 3840 ad·
1220 3788 1280 3842 Cic.

117 3861 165 3913 „de
209 3859 305 3914 11.-11.
324 3861 369 3914 26.
398 3860 514 3938 111389.
541 3891 575 3903 -
594 3802 662 3915 0005.
692 3860 879 3914 anthabet
905 3856 1148 3929 tranquillitatem
1164 3864 1279 3927 ponunt.

129 3931 204 3984 Gud.
224 3931 247 3983 1.
267 3932 293 3986 2.
310 3935 423 3997 portant.
452 3929 506 3982 Ad.
532 3949 580 3984 vr.
600 3931 839 4002 tranquillitatem
857 3964 889 3975 -.
915 3933 1086 4000 quietamque
1110 3950 1138 3984 v.
1157 3930 1282 3985 Doeder-

129 4002 200 4058 lein.
220 4001 241 4052 l.
262 4018 286 4052 c.
306 4002 328 4054 1.
348 4014 377 4081 p.
399 4001 442 4054 70.
462 3999 536 4075 Aug.
555 4002 745 4073 omittit-que.
781 4003 842 4058 Mr.
930 4032 933 4041 ·

200 4069 451 4141 tranquillitatem,
470 4068 504 4122 id
521 4077 563 4124 eet
579 4071 734 4140 placidam]
770 4073 877 4139 „Hanc
895 4071 1129 4141 tranquillitatem
1148 4089 1197 4125 seu
1215 4090 1283 4126 con·

129 4144 264 4199 stantiam
282 4141 374 4196 Stoici
391 4137 544 4196 adniterer
569 4141 762 4195 nominarunt.
809 4142 882 4195 Vide
905 4143 1055 4196 Latinium
1080 4143 1102 4194 l.
1122 4144 1183 4199 Vll.
1205 4144 1283 4210 Quod

130 4225 227 4270 autem
241 4215 348 4300 kCicero
362 4210 599 4338 perturbationes
623 4210 675 4267 hic
693 4213 819 4267 collocat
837 4213 869 4262 in
887 4212 978 4265 animi
996 4221 1079 4282 parte
1098 4215 1217 4285 rationis
1235 4231 1284 4265 ex-

130 4296 223 4359 perte,
243 4291 274 4339 m'
293 4301 326 4338 eo
338 4303 355 4336 1
382 4282 526 4336 toicorum
544 4280 666 4336 decretis
675 4282 809 4348 discedit,
827 4281 996 4338 utTurneb.
1014 4283 1066 4336 lib.
1082 4286 1144 4338 vtt.
1166 4283 1283 4336 Advers.

131 4375 156 4410 c.
176 4362 219 4414 17.
238 4353 372 4429 probat.“
396 4354 444 4408 Fr.
464 4352 589 4408 Fatela·
612 4352 683 4408 Add.
703 4355 732 4407 J.
751 4353 845 4424 Lipsii
862 4354 1025 4412 idanuduct.
1053 4356 1088 4408 ad
1107 4355 1194 4408 Stoic.
1218 4353 1297 4412 Phi,

132 4430 183 4484 los.
201 4447 230 4500 p.
250 4432 309 4487 761.
331 4427 364 4482 Τ.
386 4427 432 4482 tt.
458 4425 513 4481 111.
538 4425 628 4480 Vesal.
650 4424 720 4498 tlpp.
749 4425 776 4482 J.
797 4424 896 4495 Lipsii.
935 4425 1080 4481 801111101-
1106 4425 1138 4477 in
1156 4441 1212 4478 uno
1232 4424 1282 4479 01.
