2842 5070
1144 303 1168 383 ,’
1218 307 1278 374 391

556 301 685 367 LIBER
705 302 768 383 IV,
796 303 863 401 24.ἱ

93 513 96 519 -
125 469 278 534 chonon
309 489 419 558 egere.
479 467 740 532 Fortitudo'est
769 469 782 529 i
807 469 877 531 'tur
907 468 1041 531 affectio
1069 470 1185 547 animi,
1214 471 1281 558 legi

125 573 270 639 summae
302 554 338 613 in
370 550 599 635 perpetiendis
634 551 735 614 rebus
768 571 787 614 ο
826 570 1019 633 emperans:
1058 553 1113 614 vel
1147 572 1281 616 conser-

124 637 216 701 vatio
228 635 356 697 stabilis
377 634 496 699 iudicii
514 636 549 696 in
564 635 619 696 eis
629 635 741 713 rebus,
764 654 848 716 quae
862 633 1101 696 formidolosae
1111 633 1281 714 videntur,

124 717 304 790 subeundis
327 726 360 778 et
382 715 603 797 repellendis:
624 718 953 781 volscientisrerum
971 715 1281 799 formidolosarum,

126 797 751 882 contrariarumque[perferendarum]
775 809 833 862 aut
844 801 981 861 omnino
994 799 1282 886 negligendam,
1300 808 1331 866 b.

128 912 1283 942 mm———ffi-——a-——u—

196 981 349 1050 Intelligee
366 997 426 1052 eam
445 977 587 1034 stomacho
603 995 658 1034 nou
676 957 785 1048 egere]
821 979 984 1035 Stemuciem
1006 1000 1060 1052 pro
1084 982 1132 1036 iro
1150 944 1284 1039 Ciceroni

126 1071 183 1108 non
206 1056 388 1119 infrequens:
417 1070 445 1103 v.
471 1051 589 1105 Schiitz.
616 1051 684 1104 Lex.
710 1051 769 1106 Cic.
788 1049 817 1102 h.
838 1069 877 1115 r,
908 1053 971 1106 Rite
994 1070 1049 1109 eon
1075 1072 1159 1124 egere
1177 1056 1284 1110 Graeci

126 1127 238 1190 dicunt,
257 1134 290 1176 ut
307 1124 385 1194 apud
399 1122 587 1185 Plutarchum
604 1123 715 1196 legitur
733 1124 796 1190 περὶ
812 1121 977 1190 depreciant
1000 1127 1084 1193 χολῆς
1107 1123 1147 1196 μὴ
1172 1126 1285 1182 δεῖσθαι

125 1197 175 1263 nlo
192 1193 355 1266 deipsioeef‘
381 1193 527 1246 Gamerae.
564 1192 609 1247 Ad
634 1193 880 1263 constructionem
903 1194 972 1259 loci,
1002 1214 1058 1263 que
1084 1199 1214 1267 spodosis
1237 1197 1284 1251 ab·

125 1276 211 1338 rupte
230 1266 311 1351 quasi
329 1265 365 1318 ad
382 1265 511 1335 protasin
529 1263 787 1393 eqpldipppuqchilg.
807 1261 917 1391 Iiiqueqsts.
928 1266 1213 1393 *pmeiqqargplip
1233 1272 1282 1397 id·

107 1342 267 1492 &nequa
284 1335 699 1475 i30222..¹221¹2.l.¹}sn..
718 1370 839 1476 utpium.
875 1408 956 1462 Unus
975 1410 1028 1464 ox
1047 1376 1100 1482 pro
1119 1427 1180 1465 enm
1197 1378 1283 1466 helei

125 1481 349 1605 “tandtoidddho
374 1562 430 1600 nou
457 1534 557 1613 egere]
587 1544 756 1601 Stomachus
780 1545 831 1597 hic
854 1546 928 1600 iram
952 1549 1078 1616 denotat,
1107 1561 1141 1605 ut
1165 1563 1195 1607 et
1213 1518 1283 1608 alibi

90 1613 97 1625 ”
125 1622 201 1692 apud
219 1622 397 1676 Ciceronem.
435 1617 484 1671 Sic
501 1618 585 1683 μῆνιν
602 1616 768 1683 Πηληϊάδεω
787 1617 923 1683 Horatius
940 1620 990 1672 lib.
1011 1622 1034 1673 1.
1055 1622 1103 1675 0d.
1123 1627 1149 1680 ti.
1169 1624 1284 1679 Pelides

125 1691 293 1745 sternacium
318 1690 416 1743 vertit.
454 1685 665 1753 Quinctilianus
693 1690 761 1740 Inst.
791 1687 866 1740 Orat.
890 1689 944 1745 lib.
964 1693 997 1743 X.
1026 1711 1086 1763 cap.
1115 1699 1139 1749 l.
1170 1692 1294 1750 Cassius
1358 1730 1362 1737 .

89 1823 92 1828 ‚
126 1762 334 1830 Seuerue'piue
357 1759 501 1815 stomacho
525 1775 606 1827 mam
624 1757 745 1812 coneilio
771 1760 857 1814 dedit.
894 1762 965 1815 Vide
984 1771 1012 1815 et
1031 1764 1168 1818 Senecam
1187 1769 1281 1837 Epist.
1334 1765 1341 1775 ’

128 1837 190 1890 112.
227 1833 304 1886 Hinc
322 1827 492 1885 stomachum
510 1830 653 1898 digerere,
671 1847 724 1899 pro
739 1831 859 1898 eoquod
878 1840 920 1885 est
938 1833 1013 1886 iram
1031 1835 1189 1904 effundere,
1208 1839 1283 1892 dixit
1356 1890 1362 1902 ,

127 1906 322 1975 Hieronymus
341 1903 373 1954 in
390 1900 526 1970 Epitaph.
547 1901 700 1955 Marcellae
718 1919 783 1975 pag.
803 1904 868 1957 123..
902 1903 938 1956 D.
1078 1941 1081 1951 .
1155 1903 1160 1912 '

198 1974 344 2028 Fortitudo
364 1979 407 2026 eet
426 1971 519 2039 igitur
536 1972 651 2037 effectis
669 1971 771 2038 animi]
795 1972 880 2026 codd.
900 1974 989 2027 Rehd.
1010 1974 1083 2028 Gud.
1103 1978 1132 2031 2.
1155 1976 1228 2029 Edd.
1248 1980 1283 2031 V.

125 2047 160 2100 L.
184 2046 254 2100 liuh.
267 2044 376 2114 ·Steph.
403 2043 481 2099 Gam-
510 2041 617 2099 hebent
632 2041 734 2115 'igitur
761 2048 811 2097 est.
855 2046 896 2098 he
918 2046 979 2099 itur
1002 2046 1092 2101 animi
1116 2047 1228 2112 affectio
1252 2050 1283 2101 in

86 2178 90 2186 ¹
126 2116 194 2170 Ood.
214 2119 289 2173 Mon.
311 2062 969 2185 1.stude.anteuobhstexeeptisvdtoh.
995 2117 1095 2188 steph.
1115 2119 1209 2186 Cam.)
1230 2115 1285 2173 Re*-

124 2189 200 2259 liqui
224 2188 373 2243 nobiscum
392 2186 513 2240 iaciunt.
550 2186 611 2238 Mr.

196 2257 258 2328 tegi
281 2273 403 2311 summae
426 2258 457 2311 in
480 2253 673 2325 perpetiendis
694 2256 781 2310 rebus
806 2257 1017 2325 oltemperans}
1054 2260 1144 2324 „hex
1172 2278 1285 2323 summe

125 2339 247 2383 iocatur
264 2330 339 2382 ratio
358 2328 445 2380 insita
463 2335 574 2381 natura.
611 2327 672 2383 ttae,
696 2326 731 2380 de
749 2343 782 2378 re
808 2327 871 2401 egit
888 2329 1069 2401 Chrysippus
1087 2331 1139 2382 lib.
1159 2332 1194 2385 de
1212 2334 1282 2408 hog.

127 2409 157 2453 et
175 2401 276 2454 (licere
294 2400 356 2452 Lib.
377 2399 415 2451 11.
435 2396 470 2450 de
489 2399 528 2451 he
549 2416 578 2471 g.
605 2395 647 2462 [t,
665 2398 691 2452 8.
717 2398 785 2451 coll.
804 2398 827 2463 1,
847 2402 873 2453 6.
902 2401 935 2453 18
954 2419 996 2469 sq.
1023 2420 1052 2471 p.
1074 2405 1234 2458 lit-1⁷7.
1255 2413 1285 2463 st

126 2489 156 2540 p.
170 2470 354 2528 ‹ts-oms.
375 2476 463 2522 nostr.
484 2476 513 2520 et
528 2414 588 2532 dn]
616 2469 803 2540 „tegendum
821 2469 954 2523 fortasse:
973 2473 1003 2524 in
1018 2473 1210 2540 perpetiendis
1229 2478 1284 2528 ta·
1328 2478 1331 2484 '

127 2541 290 2597 boribuss
313 2548 342 2593 et
361 2540 401 2592 ita
420 2539 497 2597 infra
513 2539 748 2607 perferendorum
773 2539 946 2605 tuborum,
974 2541 1023 2594 ubi
1042 2552 1083 2595 est
1099 2547 1285 2611 perferenda.

128 2631 191 2666 rum
208 2611 335 2665 renem.“
353 2609 449 2663 Lumb.
487 2611 522 2663 In
541 2628 631 2684 marg.
651 2608 765 2672 Lainbb.
787 2609 874 2671 Goth.
895 2613 1018 2665 etverb.
1040 2614 1169 2684 itemque
1188 2617 1220 2667 in
1229 2617 1282 2669 Ed.
1308 2642 1312 2647 ·

127 2685 174 2738 Or.
201 2685 268 2757 lego
291 2683 462 2737 Lamhiuum
486 2677 646 2737 'correxisse
670 2679 864 2748 perpetiendis
888 2683 1099 2750 doloribus,
1132 2686 1181 2739 sed
1208 2689 1285 2740 infra

123 2755 355 2823 perferendorum
382 2753 553 2806 taborum.
596 2754 703 2811 Vocem
722 2753 764 2804 .in
795 2751 906 2807 omittit
933 2754 999 2807 Cod.
1025 2755 1098 2809 Gud.
1127 2759 1160 2819 23
1192 2754 1281 2812 Rshd.

125 2827 212 2880 habet
235 2833 356 2879 summae
383 2823 639 2892 inspiciendis.
659 2821 761 2875 lll‘arb.
791 2821 822 2875 in
853 2822 1042 2891 impsiendis.
1092 2830 1157 2880 Post
1183 2828 1285 2883 setin

126 2900 201 2952 Mon.
222 2901 246 2951 l.
266 2897 414 2949 omittitur
432 2898 615 2956 conservatio,
641 2893 723 2945 cuius
750 2894 814 2946 loco
833 2911 869 2946 ex
886 2894 943 2948 lllS.
963 2897 1060 2950 neselo
1079 2914 1136 2968 quo
1155 2901 1285 2953 enotavit

128 2967 300 3031 obseruati03
321 2966 395 3020 Gud.
408 2968 434 3021 2.
453 2965 541 3020 habet
560 2964 672 3021 statilia
691 2963 866 3019 iudiciuae
883 2963 935 3032 eie,
960 2967 1042 3044 Aug.
1060 2970 1172 3024 omittit
1197 2972 1285 3024 rerba

128 3041 320 3106 ooeenperans
339 3069 371 3080 -
391 3035 434 3089 eis
452 3036 542 3100 rebus,
567 3035 716 3091 aberrante
742 3035 880 3088 videlicet
904 3039 1012 3091 scribae
1037 3042 1121 3093 oculo
1144 3059 1160 3094 a
1182 3043 1284 3109 priore

127 3111 209 3163 reduc
226 3109 262 3161 ad
285 3106 437 3178 posterius.
475 3107 510 3158 ln
528 3108 649 3161 lllon.1;
674 3104 785 3179 legitur
811 3107 869 3159 vei
889 3110 1069 3173 repeltendis.
1106 3114 1171 3165 Post
1193 3112 1285 3165 scien-

126 3182 169 3234 tia
195 3195 287 3233 rerunt
310 3179 342 3234 in
361 3177 434 3235 Gud.
454 3179 480 3237 2.
501 3176 610 3232 scribae
629 3176 729 3233 oculus
754 3193 851 3228 rursus
869 3194 885 3229 a
902 3178 1001 3247 priore
1020 3196 1111 3232 rerum
1125 3183 1164 3249 ⁴ud
1188 3191 1286 3251 poste·

126 3253 187 3304 rius
205 3244 370 3315 trsnssiliit,
394 3264 450 3319 quo
467 3249 545 3301 secto
563 3247 663 3303 omissa
682 3253 748 3303 sunt
771 3247 858 3301 verba
883 3247 1120 3312 formidolosarum
1137 3284 1170 3299 -
1193 3269 1286 3307 eumn

108 3339 225 3378 ,rerum
264 3321 324 3375 Mr.
664 3341 666 3347 1
796 3327 797 3330 ’

197 3409 461 3477 contrariorumque,
477 3408 770 3476 perferendarum
789 3413 838 3460 out
856 3422 921 3462 omn.
936 3409 1180 3479 negligentiarum]
1203 3413 1283 3476 „No-

126 3483 208 3548 tabis,
226 3483 268 3536 mi
284 3483 388 3546 lector,
411 3496 513 3532 vocem
536 3480 772 3547 perferendarum,
797 3487 830 3530 ut
848 3479 945 3533 aberat
969 3481 1002 3533 ab
1020 3483 1091 3534 Edd.
1110 3484 1234 3535 Victorii
1254 3493 1284 3537 et
1345 3506 1356 3523 ·

75 3592 80 3608 .
127 3554 318 3625 Herwugiana
335 3553 408 3605 vitio
426 3559 576 3621 typorum,
610 3552 652 3603 sio
672 3551 752 3603 stab
771 3550 952 3618 Gruteriane,
981 3561 1010 3605 et
1030 3553 1097 3606 inde
1115 3552 1174 3605 huc
1192 3572 1283 3624 usque

129 3643 144 3677 e
163 3638 213 3676 suo
231 3625 296 3676 loco
315 3623 494 3676 exsuluvisse.
533 3623 573 3675 Et
591 3639 644 3676 cus·
663 3621 858 3676 Gothofredus
877 3639 938 3674 eam
956 3624 1040 3692 ponit
1057 3625 1089 3675 in
1107 3625 1284 3698 margine?“

129 3696 250 3749 Gronov.
288 3693 540 3761 „Perferendarum
564 3694 642 3746 abest
664 3694 696 3745 in
721 3692 849 3762 Gryphii
872 3693 1002 3746 libroet
1029 3696 1060 3746 in
1079 3697 1203 3747 Victorii
1223 3697 1283 3756 edi-

127 3764 240 3820 tione.“
262 3765 345 3818 Brut.
383 3765 574 3834 „Complures
597 3764 682 3818 Godd.
709 3772 739 3817 et
761 3780 824 3819 mee
849 3763 902 3817 Ed.
921 3772 1013 3829 vetus,
1040 3765 1104 3818 Ald.
1126 3774 1155 3819 et
1173 3768 1282 3825 multae

127 3839 201 3891 alise
219 3852 279 3888 non
296 3835 403 3888 habent
416 3837 660 3902 perferendarum.-
687 3837 735 3889 sed
752 3835 858 3888 hebent
876 3853 939 3888 eam
956 3853 1059 3889 vocem
1078 3847 1107 3891 et
1124 3837 1175 3890 alii
1194 3839 1280 3892 codd.

128 3918 158 3962 et
176 3909 231 3960 duo
249 3906 347 3958 Leidd.
368 3906 503 3979 cequeh.
523 3907 544 3958 l.
564 3907 681 3960 videtur
698 3907 870 3970 necessaria,
894 3925 960 3959 nam
979 3908 1055 3980 quod
1078 3911 1211 3981 sequitur
1232 3917 1281 3965 out
1366 3968 1368 3973 ,

128 3983 236 4034 omnino
261 3976 502 4045 negligentiarum,
536 3979 686 4046 requirere
709 3978 827 4030 videtur
850 3978 930 4030 eliud
955 3980 1075 4032 verbum
1102 3983 1281 4034 antecedens.

127 4049 274 4120 Quidquid
291 4064 361 4123 ergo
380 4047 456 4100 dicat
472 4047 612 4114 Davisius,
632 4051 784 4103 servandus
803 4057 844 4100 est
861 4050 949 4102 verbo
968 4051 1049 4103 locus
1067 4052 1167 4105 suus.“
1191 4052 1280 4109 Bonis.

198 4137 462 4206 contrariarumque
480 4143 530 4189 aut
547 4135 655 4191 omnino
672 4137 916 4205 neglegendarum]
952 4139 1046 4214 Vulgo
1068 4142 1280 4197 contrariarum-

128 4229 180 4283 que
198 4209 437 4285 perferendarum
456 4213 505 4260 aut
524 4210 630 4262 omnino
647 4208 892 4278 negligendnrutns
917 4226 1002 4278 quam
1020 4228 1130 4275 vocem,
1150 4213 1281 4265 reniten-

127 4285 205 4339 tibus
222 4281 381 4346 codicibus,
402 4279 515 4334 invexit
533 4281 593 4332 dac.
614 4280 785 4337 Gronovius.
821 4278 932 4331 Taunus
953 4281 1028 4353 apud
1045 4283 1194 4358 Agellium
1213 4283 1279 4348 XII,

128 4355 154 4410 ὅ.
174 4353 376 4409 Fortitudinem
394 4350 514 4405 maiores
537 4352 626 4406 nostri
648 4351 791 4405 scientium
817 4365 876 4403 esse
895 4350 1026 4407 dixerunt
1045 4369 1136 4406 rerum
1155 4355 1298 4407 tolet-ann·

129 4425 226 4485 darun
242 4433 268 4482 et
286 4441 342 4482 non
359 4424 573 4487 tolerandarum.
611 4422 749 4485 Alcinous
765 4425 863 4485 nostr.
890 4423 1189 4487 Pluton..c.xXV111.
1222 4425 1284 4485 ’Au
