2842 5070
582 305 711 397 nunu
731 306 795 381 ιν,
820 306 896 373 m-
1055 362 1057 367 .
1095 276 1099 281 ’
1229 309 1294 376 ata

1029 378 1046 411 *t

136 471 266 558 quando
294 492 331 536 se
359 471 513 555 adeptam
529 480 638 541 ¹retur
663 469 711 553 id,
738 470 829 556 qnod
863 474 896 538 ai
934 472 1038 536 fuerit
1065 475 1292 557 concupitumj

135 638 385 765 aabpempturetur
410 640 449 693 id.
477 647 571 711 quart.
598 655 633 695 ea
658 639 803 710 deputaret
827 641 868 695 id.
897 640 992 712 quint.
1018 640 1198 711 adaptaretur
1227 640 1293 697 tctf‘

159 727 174 764 e
210 748 217 762 0
239 741 272 753 .-

205 783 280 838 Quae
298 779 327 834 ti
344 783 453 851 quando
470 782 572 853 adepta
591 789 634 836 est
652 780 701 849 id]
737 782 815 834 llaec
840 780 930 834 lectio
954 797 1013 835 non
1036 791 1080 837 est
1097 800 1113 836 a
1130 782 1290 837 codicibus.
1324 820 1329 831 .

133 853 174 905 Re
197 891 204 904 .
229 852 320 907 Vatic.
348 853 456 922 aliique
488 855 568 907 Mssti
595 854 836 921 eademptaretur3
864 861 894 906 at
907 862 1003 907 uetus
1029 854 1162 907 Lambini
1186 854 1292 920 codex,

133 869 204 974 Bai.
223 922 337 976 Balliol.
357 932 386 976 et
404 926 461 977 Pal.
481 926 574 994 quint.
599 925 783 993 adaptaretur
800 923 946 991 id‚·unde
974 941 1011 978 ne
1038 925 1156 978 literula
1175 925 1292 995 quidem

135 1001 246 1046 mutata
271 994 486 1047 rescribendum
508 1003 578 1066 puto
606 997 708 1064 adeptd
733 992 835 1048 retur!
862 994 1058 1049 Helleuismus
1077 1005 1129 1065 est,
1156 996 1292 1067 idemque

134 1065 214 1119 valet
231 1081 264 1118 ac
281 1079 312 1118 se
330 1066 460 1133 adeptam
478 1082 539 1118 este
563 1074 655 1119 retur.
692 1065 836 1150 Virgilius
853 1071 925 1118 Aen.
944 1066 982 1120 11.
1001 1069 1062 1123 ³7⁷.

300 1162 333 1172 -
352 1135 447 1189 Sensit
464 1138 572 1191 medios
598 1136 729 1207 delapsus
748 1155 781 1188 m
800 1135 900 1191 tontes.

134 1203 269 1259 Horatius
296 1205 346 1258 lib.
367 1209 401 1276 1.Ι
414 1208 507 1278 Epist.
527 1208 593 1274 VII,
612 1211 655 1264 22.
1046 1250 1049 1255 -

302 1277 356 1331 Vir
373 1279 461 1331 doum
478 1295 512 1331 nc
529 1279 644 1346 sapiens
662 1277 763 1346 dignit·
776 1278 820 1333 uit
839 1295 898 1332 esse
915 1285 1042 1350 paratus.

132 1347 299 1415 Propertius
321 1348 373 1400 lib.
393 1348 430 1402 11.
455 1349 539 1424 Eicg.
558 1352 623 1417 vn,
639 1351 685 1405 lt.

209 1464 213 1479 ,
297 1419 401 1472 Visura
419 1427 447 1472 et
465 1424 591 1488 quemme
614 1435 754 1490 uunquam
777 1427 906 1490 speraret
927 1418 1040 1480 Ulixen.
1160 1435 1162 1439 ’
1260 1450 1264 1458 ⁴

133 1487 251 1543 Ovidius
268 1490 383 1543 Metam.
403 1491 483 1556 XIII,
505 1494 563 1547 141.
1044 1494 1048 1498 ’

292 1584 331 1603 ¹-
357 1561 465 1614 Retulit
487 1562 566 1614 Aiax

297 1631 367 1685 Esse
385 1631 466 1686 Jovie
488 1642 631 1703 pronepos
649 1662 683 1678 -

132 1701 194 1754 Nec
212 1699 320 1766 dubito,
340 1703 412 1772 quin
431 1704 559 1755 eiusdem
582 1703 653 1756 libri
669 1704 792 1759 valdai.
814 1703 918 1774 reponi
935 1701 1046 1771 debeat,
1056 1708 1105 1761 „ut
1122 1698 1208 1755 habet
1225 1702 1291 1761 Bas„

299 1799 332 1809 -
352 1773 437 1838 Quod,
456 1780 487 1826 ut
505 1781 556 1840 est,
578 1773 658 1826 beben
675 1789 736 1826 este
753 1775 873 1839 fatetur,
1012 1777 1016 1783 ⁴

120 1839 190 1893 'non
208 1841 335 1907 videtum
364 1842 436 1895 Aiax
456 1845 580 1896 enimse
600 1843 720 1897 dicendo
744 1862 846 1913 parum
863 1843 961 1896 valere
988 1845 1080 1896 fassus
1098 1852 1151 1897 est.
1188 1843 1289 1916 Sulpi-

131 1913 192 1964 cius
211 1912 334 1966 Severus
351 1913 425 1983 Dial.
445 1915 482 1969 II.
511 1933 571 1985 cap.
591 1916 671 1981 VIII,
690 1917 716 1972 2
753 1914 811 1969 Noa
838 1913 870 1968 in
899 1912 951 1966 buc
971 1923 1055 1982 parte
1077 1930 1225 1984 numquam
1246 1916 1291 1969 vel

130 1984 258 2037 Martini
284 1986 414 2053 exemplo
444 1986 489 2038 uel
519 1985 564 2041 tis
598 1984 835 2055 disputationibus
862 1985 1028 2071 corrigendi
1055 1987 1192 2042 fatemur.
1234 1985 1291 2043 Sed

131 2057 331 2123 exemplorum
349 2057 425 2107 satis.
464 2057 520 2109 Adi
540 2067 640 2111 tamen
662 2058 700 2110 sis
725 2057 904 2110 Priscianum
931 2056 982 2109 hb.
1001 2056 1105 2109 XVIII.
1132 2057 1188 2110 col.
1210 2059 1287 2114 1183.

130 2125 211 2195 Gasp.
231 2125 399 2196 Scioppium
417 2128 508 2184 Veris.
529 2129 578 2193 IV,
599 2129 641 2184 15.
662 2136 692 2181 et
709 2129 779 2181 Dan.
800 2128 985 2182 Vechnerum
1002 2126 1180 2181 llellenolex.
1201 2127 1225 2193 1,
1242 2129 1286 2184 29.

129 2194 175 2248 Ex
192 2196 267 2249 binis
285 2197 396 2249 voculis
415 2199 447 2249 in
464 2216 552 2251 unam
561 2200 716 2270 compactis
734 2207 835 2250 natum
852 2199 998 2264 mendum,
1018 2199 1179 2252 cuiusmodi
1199 2194 1298 2253 etiam¹

129 2284 207 2319 nunc
225 2267 326 2322 haeret
345 2269 419 2338 apud
437 2271 586 2322 Iustinum
603 2266 763 2341 Martyrem
790 2269 873 2340 Apol.
894 2272 916 2322 1.
941 2287 1001 2340 cap.
1023 2272 1048 2324 8.
1077 2270 1126 2322 ubi
1152 2270 1201 2323 vir
1224 2288 1287 2323 sau-

128 2338 284 2403 ctissimus,
313 2348 466 2408 postquam
492 2340 606 2393 locutus
625 2350 668 2394 est
685 2341 720 2395 de
745 2340 929 2410 sempiternis
947 2341 1090 2394 malorum
1108 2342 1231 2411 poenis‚·
1245 2341 1287 2393 sic

129 2409 211 2461 infit:
232 2410 268 2460 ut
285 2409 338 2479 μὲν
356 2407 408 2462 οὖν
425 2411 545 2464 ἄπιστον
562 2415 608 2463 καὶ
626 2409 766 2466 ἀδύνατον
784 2418 865 2464 τοῦτο
887 2406 968 2480 φήσει
986 2432 1024 2473 τις
1043 2407 1112 2481 πρὸς
1130 2407 1210 2479 ἡμᾶς,
1237 2411 1289 2479 ἥδε

127 2479 145 2545 ἡ
164 2478 251 2546 πλάνη
269 2481 344 2534 ἐστὶν
361 2481 444 2534 ἄλλον
462 2478 532 2552 πρὸς
552 2482 655 2552 ἕτερον,
675 2481 726 2544 ἕως
743 2475 777 2536 οὗ
797 2483 866 2553 ἔργῳ
884 2480 974 2552 μηδὲν
991 2480 1151 2541 ἀδικοῦντες
1170 2477 1287 2552 ἐλεγχώ-

126 2555 209 2635 ueta.
248 2551 347 2604 Scribe
375 2561 404 2605 et
430 2553 604 2692 intemunpe
632 2553 658 2606 εἰ
682 2552 737 2624 μὲν
761 2548 814 2607 edu
835 2551 959 2606 ἄπιστον
982 2557 1028 2607 καὶ
1047 2551 1188 2608 ἀδύνατον
1205 2560 1287 2607 τοῦτο

127 2636 212 2692 φησει
230 2642 276 2688 τις,
302 2622 372 2692 πρὸς
398 2624 470 2691 ἡμᾶς
492 2625 543 2693 ἥδε
597 2623 687 2691 πλάνη
711 2622 796 2690 ἐστίν,
820 2619 912 2674 'AM
931 2625 989 2678 ΟΥ
1015 2620 1086 2693 πρὸς
1112 2623 1207 2695 ἕτερον
1229 2634 1285 2679 etc.

127 2693 239 2746 Similis
265 2695 350 2764 plane
377 2695 457 2747 locus
482 2705 524 2748 est
547 2697 622 2767 apud
647 2694 861 2820 Athenaqoram
883 2695 952 2770 Lag.
973 2712 998 2747 c.
1018 2697 1118 2748 xxxi.
1137 2713 1202 2768 pag.
1225 2699 1285 2751 136.

127 2764 179 2833 qui
207 2782 301 2818 meam
325 2766 433 2818 stabilit
460 2769 662 2821 coniecturam.
691 2767 728 2820 D.
753 2788 758 2797 ¹
782 2785 801 2818 n
826 2765 881 2819 Ed.
902 2768 927 2821 2.
955 2765 1086 2818 Davisius
1113 2767 1226 2838 recepit
1254 2767 1287 2818 in

127 2843 294 2888 contextum
313 2838 438 2890 Bentleii
457 2839 665 2904 coniecturam,
684 2837 852 2908 addiditque
877 2837 1055 2889 annotationi
1081 2836 1165 2890 haec:
1193 2838 1235 2890 Ut
1252 2836 1288 2893 ad

126 2915 258 2958 nostrum
271 2930 274 2940 ·
279 2908 405 2974 redeam,
429 2909 464 2959 ‘si
490 2910 673 2963 Graecismus
701 2909 755 2964 ille
781 2908 937 2961 lectoribus
963 2924 1022 2965 non
1045 2906 1142 2977 placet
1167 2907 1286 2976 [adepta

127 2975 226 3040 retusi
244 2976 322 3029 haud
339 2979 497 3044 intercedo,
518 2981 589 3050 quin
609 2998 670 3034 cam
689 2988 847 3050 sequantur
869 2979 1023 3046 rationem,
1054 2997 1140 3050 quam
1158 2979 1287 3032 doctissi-

90 3124 96 3132 ,
125 3048 361 3172 ἰνῃειιιενξεῖἓεῗιῗι
374 3050 523 3172 arpprlexus
543 3060 593 3104 est.
619 3052 657 3106 Ei
671 3051 784 3131 placet:
804 3066 874 3119 pudo
891 3049 920 3103 ti
938 3050 1100 3120 quando'se
1119 3050 1285 3118 adeptam

196 3220 267 3273 quae
284 3205 312 3259 ei
336 3209 444 3277 quando
463 3211 566 3278 adepta
584 3216 625 3263 est
643 3208 691 3277 id]
727 3209 910 3278 „Librorum
933 3208 1023 3261 lectio
1048 3207 1078 3261 b.
1097 3209 1118 3260 1.
1137 3207 1225 3278 plane
1243 3218 1287 3263 ast

126 3276 279 3346 depravata
298 3281 436 3337 omnium.
472 3281 514 3334 Re
536 3283 581 3334 ius
607 3277 710 3336 habete
745 3281 856 3351 quaudo
879 3279 1151 3349 eademfprmetur
1175 3279 1208 3334 id
1232 3279 1287 3345 [ex

125 3356 222 3400 nostra
240 3350 408 3404 collatione:
437 3301 546 3421 quanio
565 3368 598 3405 ea
617 3353 808 3420 dempturetur
824 3347 888 3418 td],
915 3368 989 3403 unus
1007 3351 1087 3406 Leid.
1109 3351 1204 3405 eadem
1221 3350 1286 3420 pia-

126 3426 209 3472 retur
224 3420 267 3487 id,
286 3421 359 3474 alius
375 3424 487 3492 quando
506 3425 690 3492 adaptaretur
707 3424 748 3477 id.
769 3423 857 3489 Quem
877 3422 1055 3496 excogitavit
1073 3422 1287 3476 Hellenismum

123 3489 254 3543 Davisius
274 3494 380 3547 merito
406 3496 430 3548 is
455 3496 514 3548 fuit
531 3495 707 3566 improbatus
724 3513 741 3548 a
757 3493 900 3559 Bentleio‚
925 3493 977 3563 qui
1000 3493 1112 3554 mutuli
1129 3495 1158 3548 ⁸²⁸
1175 3495 1286 3578 quam

125 3576 155 3612 ae
174 3562 306 3629 adeptam
325 3572 409 3619 retur.
448 3567 594 3637 Equidem
611 3583 669 3621 non
686 3567 780 3632 video,
806 3582 859 3618 cur
877 3581 934 3617 non
952 3563 1111 3617 maluerint
1128 3565 1187 3617 vin
1205 3564 1286 3619 (100ῒί

126 3633 336 3686 correctionem
363 3638 611 3720 simplicissimam
639 3655 760 3708 eamque
791 3636 1049 3689 commodissimam
1077 3636 1226 3689 Lambini*
1257 3635 1286 3690 ⁸⁸⁸

125 3703 231 3770 quaudo
253 3705 354 3772 adepta
378 3713 435 3760 erat
465 3711 513 3762 vel
537 3709 661 3777 fuerit.“
690 3705 779 3762 Boub.
826 3709 1009 3778 Receperunt
1035 3706 1138 3773 adepta
1162 3706 1219 3760 erit
1249 3723 1286 3760 ex

125 3790 216 3846 marg.
241 3775 337 3828 Lamb.
366 3781 444 3833 1584.
470 3780 659 3848 FAWolfius,
690 3780 775 3834 Schz.
809 3779 897 3833 Orell.
927 3777 1020 3831 Nobb.
1048 3776 1120 3830 Tbn.
1166 3778 1286 3849 Reliqui

124 3845 229 3911 adepta
249 3853 298 3898 eet.
334 3847 398 3923 Ego
416 3867 485 3903 vero
503 3853 602 3922 recepi
612 3853 738 3906 Bentleii
758 3849 989 3904 emendationem
1006 3863 1037 3902 se
1055 3850 1187 3920 adeptam
1204 3854 1285 3904 retur
1362 3906 1367 3915 Ι

124 3916 229 3968 duabus
247 3918 406 3972 rationibus
424 3928 526 3973 motus.
563 3922 701 3989 Primum,
727 3922 751 3976 si
770 3923 812 3975 ita
830 3921 949 3992 scripsit
967 3921 1080 3984 Cicero,
1104 3922 1226 3980 facilius
1240 3922 1285 3973 in-

123 3987 281 4061 telligitur,
310 3991 451 4057 quomodo
478 3991 588 4046 locutio
614 3995 713 4064 paullo
738 3993 912 4047 insolentior
936 4000 997 4045 tam
1020 3992 1101 4044 varie
1133 3993 1284 4063 corrumpi

123 4059 266 4129 potuerit:
287 4060 400 4126 deinde,
421 4072 538 4132 recepta
557 4081 590 4116 ea
608 4065 815 4130 emendatione,
835 4064 950 4116 nonnisi
968 4081 1026 4116 una
1044 4063 1130 4116 litera
1149 4065 1214 4117 addi
1234 4065 1284 4117 ‹le-

122 4131 186 4182 buit
205 4131 383 4201 optimorum
401 4132 543 4185 librorum
560 4135 690 4188 lectioni,
727 4135 840 4187 Habent
864 4135 1007 4186 nimirum
1030 4134 1069 4186 Re
1094 4173 1099 4184 .
1120 4135 1204 4189 Bern.
1231 4133 1283 4198 [in

123 4221 214 4276 marg.
236 4202 268 4253 ab
297 4203 333 4253 al.
354 4221 392 4255 m.
419 4205 616 4272 adaptaretur]
641 4205 727 4259 Marb.
749 4205 822 4257 Gud.
845 4209 868 4258 1.
898 4205 995 4261 Duisb.
1092 4205 1283 4258 EMPTARE-

123 4273 207 4339 ivn,
240 4271 317 4343 quod
340 4293 356 4326 a
381 4276 538 4345 scriptione
570 4285 681 4329 nostra:
710 4274 1060 4343 SEADEPTAMRETVR
1084 4275 1282 4329 tantummodo

125 4344 211 4398 litera
228 4346 251 4400 S
268 4346 363 4399 addita
381 4346 489 4427 differt,
509 4355 538 4400 et
559 4347 623 4402 loco
641 4357 718 4403 mota
729 4350 778 4414 M„
797 4347 996 4418 quae-lineola
1013 4346 1176 4422 significata
1194 4346 1282 4398 facile

124 4418 165 4487 ad
177 4416 203 4487 li
221 4436 254 4490 ab
277 4419 305 4490 Ᾰ
326 4438 478 4492 transferri
502 4437 607 4509 potuit.
637 4436 713 4495 Guu.
731 4441 759 4499 2.
783 4436 870 4494 babet
897 4438 1086 4511 dmtptureittt·
1112 4433 1191 4502 (sine
1214 4429 1280 4498 ea),
