2842 5070
184 308 248 423 iu
385 307 615 376 CICERONIS
628 311 882 392 prosettam
905 311 1138 415 niseum.
1233 397 1234 400 Ἴ

185 475 251 538 Qui
272 482 310 535 nt
330 476 408 554 sint,
436 474 524 571 pund
545 477 621 539 fieri
640 497 735 560 posse
756 477 880 556 videos
900 477 1033 562 pudici3
1066 477 1210 540 solliciti
1233 485 1341 541 tamen

159 608 165 618 .
186 567 220 618 et
241 559 331 618 anxii
352 566 447 620 sunt:
469 577 574 641 eoque
594 563 725 645 magis,
741 560 829 642 quod
850 564 972 643 seipsi
993 562 1169 622 continent
1191 569 1229 622 et
1251 565 1342 623 coiri

122 639 164 692 ll·
184 646 269 701 cent.
311 640 419 721 Atque
439 648 478 701 nt
499 643 677 704 muliebres
699 643 828 704 amores
851 644 1013 720 omittam,
1030 644 1157 724 quibus
1180 645 1340 704 maiorem

184 721 352 782 licentiam
375 730 494 783 natura
515 725 697 785 concessit:
721 726 793 805 quis
816 733 875 785 aut
896 725 937 786 de
950 723 1135 805 Ganymedi
1158 732 1265 806 raptu
1286 723 1340 785 du:

186 803 281 881 bitat,
303 802 383 884 quid
404 808 521 888 politae
540 806 668 868 velint?
688 814 834 869 autnon
854 808 1022 892 intelligit,
1046 804 1134 888 ‘quid
1162 804 1259 888 apud
1279 807 1348 868 Eu..

185 976 229 1029 85.
248 972 279 1022 in
297 968 412 1024 Seebod.
432 972 469 1026 N.
488 971 634 1035 Archiv.
655 976 677 1027 1.
697 975 723 1028 4.
744 990 772 1043 p.
794 974 837 1028 ts.
874 973 1030 1036 Nissenius,
1055 979 1089 1023 ut
1106 972 1208 1025 nescio
1229 975 1338 1046 qualem

179 1059 221 1098 'ex
238 1042 296 1094 hoo
312 1059 410 1104 versu,
427 1044 514 1112 quem
532 1043 712 1097 trochaicum
729 1061 788 1097 esse
806 1053 901 1118 negat,
921 1041 1339 1116 quamvistrochaicispeciem

184 1131 254 1184 prae
275 1129 305 1180 se
328 1114 414 1178 ferat,
439 1112 594 1188 effingeret
618 1114 775 1168 iambicum
798 1116 987 1180 octonarium,
1012 1114 1040 1166 le
1062 1113 1169 1165 endum
1196 1131 1258 1168 esse
1276 1132 1339 1168 con-

80 1219 84 1231 .
184 1185 255 1237 iecit
280 1182 423 1237 nudarisr.
459 1184 495 1236 ln
521 1200 579 1236 uno
598 1186 648 1238 Ox.
672 1185 783 1260 legitur
806 1185 967 1252 fiagitiim
994 1182 1026 1234 in
1073 1182 1137 1236 abd.
1165 1184 1338 1252 principium

184 1261 227 1308 est
252 1253 374 1320 flagiti&
410 1254 441 1305 in
467 1270 524 1306 uno
547 1255 599 1307 Ox.
627 1272 686 1309 esse
707 1272 761 1326 pro
776 1261 849 1319 νοις
886 1255 919 1306 in
944 1253 1029 1307 vind.
1050 1257 1075 1307 l.
1094 1252 1174 1308 iuter
1201 1271 1240 1307 se
1258 1256 1336 1321 riost

88 1330 91 1335 '
178 1326 262 1394 -quod
287 1333 330 1377 est
356 1325 546 1382 correctoriss
584 1325 616 1376 in
639 1327 712 1402 Aug.
743 1323 819 1378 vices
843 1341 896 1397 pro
927 1324 1015 1388 civem
1051 1323 1083 1375 in
1110 1323 1203 1376 Gud.'
1219 1314 1337 1394 c'orporu

181 1395 258 1449 ²inter·
280 1395 384 1449 cives·
409 1395 508 1470 Pergit
531 1413 605 1448 unus
624 1399 674 1451 Ox.
700 1398 857 1466 quamvis
887 1395 1019 1459 sisinn
1055 1394 1129 1468 alius
1156 1394 1247 1449 habet
1267 1414 1336 1466 -qno

181 1467 255 1533 tisri*
270 1482 352 1533 posse
375 1467 490 1531 oidel,·
520 1464 594 1542 Aug.
617 1483 698 1535 posse
719 1467 791 1532 fieri,
819 1469 894 1520 Mon.
916 1471 940 1521 l.
965 1465 1029 1532 fieri
1055 1479 1121 1518 non
1137 1468 1250 1533 posset,
1269 1484 1336 1536 quas

174 1543 227 1595 :est
261 1537 403 1590 correctio
433 1537 552 1590 lectoris
583 1555 662 1590 suam
693 1537 866 1591 sententiam
892 1536 1027 1590 Ciceroni
1055 1535 1250 1588 obtrudentis.
1286 1540 1336 1590 Pro

180 1609 260 1678 'quod
277 1616 319 1661 est
337 1607 410 1662 sieut
427 1608 458 1659 in
475 1608 548 1660 Edd.
567 1618 634 1661 ante
652 1609 753 1673 Gebh,
779 1607 904 1682 exceptis
927 1610 956 1660 P.
978 1609 1010 1662 V.
1029 1605 1098 1661 Rob.
1124 1605 1228 1676 Steph.
1254 1608 1335 1661 Leod.

182 1681 266 1732 Libri
283 1678 361 1732 MSS.
382 1696 478 1731 omnes
502 1679 534 1730 in
551 1679 623 1746 quon
649 1678 841 1733 consentiunt.
878 1676 922 1731 Ad
938 1678 1116 1739 locutionem
1142 1681 1175 1729 ut
1201 1677 1262 1731 sint
1279 1679 1333 1731 vid.

184 1766 255 1816 rinos
273 1749 369 1801 laudat
387 1750 418 1802 Ο.
437 1751 473 1800 Μ.
493 1746 607 1803 Milller.
627 1750 659 1800 in
678 1739 763 1802 Cn'ris
781 1765 837 1802 seo.
856 1748 891 1800 sd
909 1749 969 1805 Cio.
989 1748 1107 1820 Orfpro
1127 1747 1201 1802 Sest.
1222 1751 1287 1824 pb.
1303 1781 1333 1797 ..-

177 1819 218 1872 In
237 1819 303 1872 (lod.
321 1818 404 1871 Vind.
424 1822 451 1875 Ἄ.
470 1819 581 1890 legitur
598 1815 629 1872 e'l
646 1819 776 1882 solliciti,
795 1820 826 1870 in
843 1834 902 1871 uno
921 1821 971 1873 Ox.
991 1825 1018 1872 et
1038 1817 1172 1874 attriti
1195 1826 1278 1886 πανοῖς
1305 1820 1335 1872 in

179 1889 257 1964 Aug.
276 1889 350 1958 prod
370 1904 474 1956 saepe
497 1889 565 1956 ipsi,
590 1890 622 1941 in
645 1890 731 1942 Marb.
758 1892 926 1945 stillost.
952 1889 1091 1964 scribitur
1114 1886 1275 1956 solertem,
1306 1889 1334 1942 io

180 1978 240 2013 uno
259 1961 309 2014 Ox.
332 1962 459 2015 molieris
481 1977 535 2030 pro
559 1960 717 2023 muliebres,
746 1975 847 2027 errore
864 1976 899 2011 ex
916 1960 1035 2028 antiqua
1060 1959 1221 2028 scriptione
1239 1960 1334 2014 mulis

176 2032 245 2087 tris
269 2040 353 2085 ortos
374 2031 406 2083 in
429 2030 486 2084 alio
511 2029 646 2087 maiorem
672 2031 799 2098 letitiam,
827 2030 858 2081 in
876 2029 982 2083 duobus
994 2028 1128 2100 perinisit
1146 2046 1202 2101 pro
1230 2047 1335 2086 moces·

222 2137 230 2154 ο
301 2118 327 2152 r·
1026 2138 1030 2141 ⁷
1196 2130 1199 2134 ⁴
1231 2130 1234 2134 '

180 2109 221 2156 m
253 2104 310 2228 ἄξι’
325 2178 355 2226 ut
373 2170 438 2237 sint
458 2173 532 2242 qnod
548 2175 612 2242 fieri
626 2147 709 2241 posis
726 2170 819 2238 video]
856 2170 1064 2241 „Reprehendi
1082 2154 1194 2238 Yiotor.
1215 2171 1335 2242 scriptu·

181 2260 255 2307 ram,
274 2261 360 2312 quam
377 2244 462 2297 video
482 2251 592 2297 exstare
611 2259 725 2313 quoque
750 2244 783 2295 in
808 2243 937 2314 quinque
956 2243 1027 2294 Pall.
1046 2239 1114 2294 Fab.
1139 2242 1205 2294 Vat.
1243 2243 1335 2318 Vulgo

179 2313 253 2366 sicut
275 2314 341 2377 lieri
362 2313 476 2381 posse..“
498 2311 634 2366 Gebhard
673 2315 799 2382 „ltaque
822 2314 863 2365 sic
891 2330 968 2365 nunc
994 2315 1111 2383 'quoque
1130 2311 1220 2378 edidi,
1248 2331 1335 2384 quum

180 2383 257 2450 quod
273 2383 303 2434 in
324 2383 499 2436 Gruteriana
517 2384 555 2435 sit
572 2383 780 2450 intermissum,
807 2383 894 2436 etiam
919 2400 1007 2455 prave
1026 2383 1057 2434 in
1080 2382 1137 2436 hnc
1154 2383 1335 2459 negligentis

178 2454 366 2522 sequentibus
382 2453 537 2525 posteris.“
574 2454 719 2508 Gronau·
1324 2473 1332 2491 ν

179 2543 186 2554 ’
251 2521 383 2593 paisant
410 2526 445 2579 ds
468 2525 655 2594 Ganymedi
678 2532 759 2593 raptu
778 2521 914 2591 dubitat]
950 2525 1031 2589 Unus
1056 2523 1123 2578 (lod.
1148 2525 1200 2578 On
1227 2524 1335 2578 omittit

181 2592 253 2662 puis,
273 2604 395 2662 quatuor
411 2614 478 2648 cum
500 2598 576 2648 Mon.
595 2598 621 2650 2.
640 2595 746 2648 habent
773 2600 876 2657 autem.
911 2593 1020 2666 Scripsi
1043 2603 1142 2648 autem
1167 2593 1336 2665 Ganymedi

177 2678 248 2716 num
265 2665 335 2720 Dav.
361 2666 407 2719 Or.
434 2667 506 2719 Tbn.
533 2683 568 2716 ex
595 2665 679 2719 Godd.
705 2665 824 2720 cunr.
851 2675 880 2719 et
898 2666 967 2740 Reg.
994 2665 1058 2717 Vid.
1078 2664 1249 2718 Schneider.
1274 2667 1335 2722 tat.

174 2732 327 2788 'Formenb
346 2736 369 2788 l.
420 2739 499 2792 .163
517 2753 579 2806 sqq.
611 2735 777 2789 llamshorn.
805 2737 866 2788 Lat.
888 2735 938 2788 Gr.
960 2753 988 2806 p.
1008 2738 1051 2791 48.
1070 2735 1125 2789 Ed.
1148 2739 1172 2791 1.
1211 2734 1257 2789 An
1273 2752 1334 2788 rem

175 2804 238 2855 vid.
258 2755 440 2873 qnos-laniat
459 2807 512 2859 Klo
535 2807 589 2858 ier.
609 2807 640 2858 in
658 2809 726 2862 Lex.
746 2805 869 2878 Mythol.
889 2807 912 2858 1.
932 2807 1139 2875 prm-74⁴.
1175 2805 1212 2858 ln
1230 2807 1333 2875 primis

176 2871 238 2926 huc
260 2876 372 2928 iaciunt
396 2877 475 2929 Pind.
529 2876 549 2926 l.
569 2877 603 2928 X.
629 2885 703 2929 extr.
729 2885 759 2929 et
781 2877 890 2950 Hygin.
916 2876 1001 2930 labb.
1021 2879 1082 2932 224.
1101 2879 1171 2938 2713
1205 2872 1283 2946 quod
1300 2875 1333 2929 sd

177 2947 350 2997 sententiam
368 2947 472 2998 Minue.
493 2945 587 2998 Felix.
606 2964 631 2998 o.
650 2950 693 3003 22.
716 2977 749 2990 -
774 2947 855 3000 Unus
874 2947 924 3002 Ox.
943 2946 1030 3000 habet
1055 2944 1231 3000 dubitabat.
1269 2949 1334 3000 Mox

172 3013 232 3070 Ed.
250 3017 280 3067 P.
300 3017 386 3086 qood
398 3023 498 3084 poetae
516 3043 546 3055 -
568 3017 764 3088 pu·od³apud;
787 3035 861 3068 unus
881 3017 931 3072 Ox.
950 3016 1116 3086 Euripidem
1133 3017 1332 3084 alloquatur,⁸

175 3076 380 3140 'alins'omittit
397 3087 563 3157 proximum
581 3088 649 3155 quid
667 3095 696 3140 et
714 3086 830 3140 eihibet
848 3088 911 3139 laus
929 3105 996 3139 cum
1015 3087 1088 3140 Gud.
1108 3084 1139 3142 2'
1157 3087 1263 3151 Maris,
1281 3085 1333 3138 Ls-

175 3157 225 3210 ins
241 3157 328 3210 habet
346 3159 413 3212 Cod.
432 3161 506 3210 Mon·
526 3160 569 3222 23
588 3159 666 3211 idem
684 3159 734 3211 Ox.
755 3158 805 3228 qui
822 3156 909 3209 habet
928 3161 1001 3218 laus,
1018 3158 1118 3231 pergit
1136 3157 1256 3224 denique
1273 3155 1333 3210 lto·

176 3224 290 3281 miris
307 3228 475 3283 doctissimi.
500 3229 572 3282 God.
592 3229 667 3282 Gud.
685 3239 740 3299 pro
759 3233 840 3296 raptu
857 3226 945 3280 habet
962 3235 1077 3292 raptum
1095 3224 1172 3292 (sio).
1211 3227 1272 3279 Mr.

199 3321 201 3325 ·
232 3297 326 3355 ¹Quid
343 3301 418 3369 apud
434 3299 601 3366 Euripiden·
620 3305 646 3352 et
664 3299 795 3368 loquatur
817 3303 843 3350 st
869 3297 966 3367 cupiat
985 3297 1080 3365 Lotus]
1117 3291 1166 3349 Ph
1191 3297 1330 3350 Beroaldo

178 3369 296 3422 ridetur
323 3372 409 3422 baius
440 3370 514 3439 apud
535 3370 707 3439 Euripidem
738 3369 770 3435 in
791 3366 951 3421 Phoenissis
988 3385 1097 3430 amores
1133 3376 1332 3437 praeposteros

175 3446 295 3564 hisham
324 3457 378 3565 ppo
395 3441 549 3561 alliolmens
568 3447 610 3492 est
627 3439 695 3493 Aldi
710 3439 838 3513 nepotis.
875 3439 911 3491 ln
936 3439 1033 3492 animo
1058 3437 1222 3495 habuerunt
1245 3438 1333 3497 Phoe*

82 3538 90 3543 ·
171 3546 173 3550 ·
238 3527 540 3563 ·vs.'.utsatus
609 3527 616 3533 ’
1214 3526 1217 3530 ⁴

121 3611 123 3614 -
173 3598 175 3606 ·
282 3607 285 3614 ·
340 3578 446 3632 Ἐλθών
463 3577 477 3632 ἒ
496 3583 553 3649 corsi
571 3583 685 3649 Φοῖβον,
705 3577 806 3639 ἐξαιτεῖ
820 3575 850 3630 θ’
871 3579 930 3647 ἅμα

343 3650 460 3704 Παίδων
477 3598 503 3711 ig
520 3656 613 3711 οἴκους
629 3648 755 3722 ἀρσένων
768 3647 927 3704 'terrorism
1321 3692 1323 3697 ⁴

176 3720 217 3774 At
233 3739 302 3776 vero
319 3722 450 3791 turpiter
466 3739 495 3775 se
514 3721 654 3774 dederunt
670 3720 704 3772 hi
723 3721 857 3785 Catonem
886 3720 963 3771 nihil
981 3719 1059 3775 enim
1077 3718 1158 3774 aliud
1189 3719 1248 3775 hoc
1263 3729 1332 3775 voto

134 3802 136 3822 ²
172 3793 354 3856 nominetur,
372 3791 429 3841 nisi
446 3800 481 3842 ut
498 3791 584 3843 Laius
603 3807 638 3842 ex
646 3791 754 3842 Iocasta
771 3790 885 3858 prolem
902 3793 1058 3843 masculam
1076 3790 1233 3862 suscipiat:
1254 3792 1332 3863 quod

175 3861 402 3931 oneranda-ista
420 3860 602 3929 nordepoorlop
616 3860 710 3923 ¹distat
735 3877 820 3929 quam
840 3860 1017 3935 longissime.
1056 3862 1237 3932 interpretes
1262 3863 1333 3915 reliss

175 3932 229 3998 qui
245 3948 291 3997 ¹ne
312 3930 365 4001 ypd
394 3930 518 3998 quidem.
555 3930 708 3982 Videamus
732 3929 834 4004 igitur,
859 3949 896 3982 an
919 3948 935 3982 a
962 3931 1045 3984 nobis
1072 3932 1146 3986 solvi
1165 3933 1258 4003 possit
1275 3932 1332 3986 hoc

176 4000 335 4055 Problema.
371 4002 457 4052 Laius
480 3999 675 4071 Chrysippum
700 4000 796 4052 fllium
812 4000 924 4071 Pelopis
942 4001 1066 4054 ardebat.
1103 4003 1176 4057 vide
1202 4002 1333 4056 Scholia*

177 4079 240 4123 sten
258 4072 293 4122 in.
307 4071 452 4125 Phoeniss.
469 4089 512 4125 vs.
534 4074 609 4127 1748.
629 4079 658 4125 st
677 4087 749 4142 qnae
768 4079 905 4124 notarunt
923 4071 1102 4141 Interpretes
1121 4073 1155 4125 ad
1173 4073 1332 4128 Aelianil'.

171 4141 212 4198 Ἠ.
231 4141 355 4208 x111,5.
391 4143 454 4196 Ηοο
473 4149 676 4216 argumentum
693 4142 819 4212 Chrysip
842 4141 979 4195 o*fabula
1003 4144 1141 4196 tractavit
1158 4143 1333 4213 Euripidem

178 4221 207 4265 et
225 4214 257 4265 iu
274 4211 432 4287 Agathonis
451 4229 516 4266 sane
534 4213 668 4287 gratiam,
688 4212 711 4264 si
730 4160 878 4290 nonnullis
896 4211 1047 4264 oredimus.
1076 4212 1133 4264 Adi
1151 4213 1190 4264 sis
1209 4214 1334 4268 eundem

133 4303 136 4308 ⁴
177 4283 327 4335 Aelianum
346 4282 397 4335 lit.
417 4283 454 4335 ll.
474 4299 535 4352 cap.
554 4286 600 4339 21.
638 4281 681 4335 Ad
699 4282 775 4336 illud
793 4281 891 4350 drama
916 4282 1073 4352 respexisse
1097 4291 1241 4349 nostrum,
1265 4300 1335 4337 cun-

178 4354 243 4418 etis,
260 4361 391 4424 utputo,
410 4352 462 4406 fiet
480 4352 630 4415 credibile.
647 4363 650 4372 ⁴
668 4352 704 4405 D.
745 4384 748 4388 ι
810 4363 814 4370 ·
921 4390 923 4393 -
1261 4395 1263 4400 .

68 4417 73 4428 “
174 4448 193 4458 *⁷
218 4451 220 4454 ·
248 4422 640 4494 opudllarip.'etlopratur
663 4422 801 4493 cisapini
827 4421 925 4491 Laius]
962 4422 1120 4492 „Pertinet
1142 4423 1334 4497 ad'smor'em
