2842 5070
190 287 254 355 aa
391 282 888 350 c1cunomsruscumu.
911 250 1141 368 nneurur.

112 432 120 444 ²
191 462 264 516 tum
284 453 426 515 'effertur
447 451 635 531 alacritate,
657 458 696 515 ut
716 451 969 531 nihil'constet,
991 451 1080 535 qnod
1102 458 1195 537 agat.-
1227 458 1267 514 nt
1289 451 1352 515 ille

160 688 164 693 ,
190 638 265 716 Aug.
292 653 326 693 ea
352 640 522 708 deputarent,
549 639 639 694 liehd.
667 638 764 692 eadem
784 640 956 705 'pataretaq
986 637 1059 690 Gnd.
1085 637 1182 690 eadem
1208 635 1352 704 piaretur,

190 714 267 763 blan.
288 715 311 766 l.
332 707 365 763 e'a
385 712 562 780 deficeretur,
579 728 652 763 unus
672 711 722 764 Ox.
742 710 842 763 cadere
857 715 1021 779 putaretur,
1041 708 1095 761 duo
1114 708 1140 761 ei
1157 708 1355 776 adaptaretur,

191 782 247 834 duo
266 789 300 835 ut
319 777 404 847 Gna,
423 781 480 836 duo
498 777 551 833 alii
567 789 601 833 ut
617 781 706 835 acha.
735 779 806 834 cum
831 799 894 833 mar
916 817 923 832 .
949 783 1033 833 Bern.
1056 780 1128 832 facit
1146 779 1198 832 Ed.
1219 781 1259 847 P,
1281 780 1350 834 cod.

190 853 275 904 Vind.
297 857 322 907 l.
343 852 459 907 exhibet
477 850 690 920 adipisceretur.
711 852 786 904 Mon.
806 855 832 906 2.
853 799 947 904 cariem
962 852 1110 921 patiretur.
1148 853 1210 903 Mr.
1289 876 1292 882 ·

262 922 306 989 id,
336 924 410 993 qaod
434 923 463 976 ei
485 920 813 990 tuerit'eancapitam]
851 924 924 989 „An
951 922 1064 989 tuerat?
1101 922 1156 974 Sic·
1170 920 1228 976 MS.
1249 921 1350 980 Guelf.

191 992 291 1064 itaque
307 994 439 1065 recepi.“
462 995 531 1048 Era.
566 994 633 1048 coa.
653 993 743 1048 Rehd.
763 995 850 1060 faerit
868 993 903 1046 ei.
942 995 1068 1046 Verbum
1094 992 1212 1043 finitum
1239 994 1353 1046 omittit

192 1064 261 1119 (lod.
281 1067 356 1118 Mon.
378 1069 403 1119 l.
440 1065 482 1119 De
500 1065 604 1118 Dativo
624 1066 651 1118 ei
669 1065 779 1118 Passim
798 1066 933 1118 adiuncto
951 1065 1009 1117 vid.
1031 1064 1096 1117 Otto
1115 1065 1147 1114 in
1165 1065 1298 1116 Excursu
1317 1066 1352 1118 ad

140 1184 151 1206 Ι
192 1136 252 1190 Cic.
273 1136 307 1188 de
325 1137 410 1190 Finn.
429 1155 458 1205 p.
478 1139 539 1192 376.
576 1136 695 1189 Ernesti
713 1136 878 1205 coniectura
896 1139 1015 1188 nonest
1033 1136 1200 1189 necessaria.
1238 1136 1299 1188 Mr.

263 1213 318 1259 tam
337 1209 394 1273 fert
414 1208 604 1274 alacritatem]
629 1209 685 1274 „ln
703 1208 786 1259 malis
805 1207 862 1261 dici
880 1207 1061 1260 alacritatem
1073 1207 1167 1258 Testis
1186 1215 1228 1258 est
1238 1207 1352 1260 Nonius

193 1286 223 1331 et
241 1278 350 1330 indicat
369 1275 479 1343 Cicero,
504 1295 570 1331 cnm
586 1279 629 1330 ‘ait
646 1279 745 1331 virum
769 1266 965 1350 temperatum
990 1286 1166 1330 constantem
1192 1295 1261 1342 esse,
1290 1280 1351 1331 siae

194 1350 345 1402 alacritate
363 1349 425 1402 siae
442 1350 504 1403 alla
523 1348 648 1403 libidine.
685 1348 823 1401 Asconius
848 1350 1002 1414 Paedianus
1029 1349 1120 1402 tradit
1144 1346 1269 1401 alacrem
1292 1348 1352 1401 dici

192 1437 270 1485 eum,
296 1421 347 1490 qui
370 1422 460 1504 viget⁴
476 1420 603 1473 sensibus
630 1419 783 1485 universis,
811 1421 887 1490 quod
914 1429 956 1474 est
986 1420 1143 1472 indicium
1156 1420 1232 1472 recti
1260 1420 1352 1471 animi

192 1500 278 1562 atque
298 1490 439 1542 sublimus:
469 1492 545 1544 sicut
563 1509 578 1544 e
597 1492 741 1544 contrario
765 1495 841 1546 lacer
868 1492 977 1545 dicitnr
995 1492 1147 1561 amputatis
1172 1492 1203 1541 in
1228 1506 1352 1560 corpore

191 1560 338 1627 membris,
357 1562 412 1615 hoc
432 1569 484 1627 cst,
504 1563 628 1629 auribus,
659 1563 759 1630 oculis,
789 1562 928 1628 manibus,
956 1562 1033 1632 quod
1059 1562 1094 1614 ad
1117 1562 1245 1614 animum
1268 1579 1352 1631 saepe

192 1633 376 1686 transfertur.
406 1632 454 1686 Sic
473 1634 567 1686 alacer
585 1633 694 1686 dicitur
712 1635 745 1699 is,
764 1634 813 1687 cni
832 1635 924 1687 omnis
944 1651 1052 1696 sensus,
1072 1634 1104 1685 in
1122 1649 1171 1686 suo
1189 1632 1254 1696 loco
1274 1634 1353 1703 quis-

193 1721 259 1774 que,
280 1702 372 1778 degat.
409 1704 487 1756 Illud
507 1720 620 1774 quoque
639 1703 828 1779 intelligitur,
853 1705 932 1757 aliud
956 1722 1014 1757 esse
1034 1705 1167 1768 alacrem,
1194 1703 1274 1755 aliud
1292 1705 1353 1756 lae-

192 1781 261 1829 tam.
306 1775 379 1829 Sunt
398 1776 448 1845 qui
466 1775 583 1828 alacrem
601 1775 786 1828 festinantem
814 1783 843 1828 et
866 1792 1025 1847 properum
1044 1775 1102 1827 dici
1125 1783 1239 1846 putent,
1271 1775 1354 1844 quasi

193 1846 253 1917 alia
271 1845 394 1901 acraa.“
412 1847 550 1899 Beroald.
572 1843 644 1913 [lam
661 1864 689 1898 v.
711 1847 745 1900 de
763 1861 835 1900 voce
854 1847 950 1899 alacer
967 1846 1157 1900 Doederlein.'
1177 1846 1251 1897 Lat.
1280 1846 1354 1916 sy-

192 1919 273 1983 non.
293 1939 321 1971 u.
341 1917 501 1987 Etymol.
522 1919 568 1971 lv.
588 1936 618 1987 p.
637 1919 699 1973 450.
719 1918 778 1987 sq]
807 1918 841 1971 ln
866 1935 959 1992 marg.
981 1917 1052 1970 Edd.
1073 1917 1187 1969 Lambb.
1208 1916 1352 1986 scriptum

193 1997 237 2042 est
255 1989 426 2045 Lambinum
444 1988 552 2042 dedisse
571 1996 631 2042 tam
650 2004 683 2041 ea
701 1988 796 2053 sertor
814 1988 973 2042 alacritate.
1010 1989 1116 2041 Brutus
1138 1996 1232 2040 autem
1255 1987 1296 2038 ait
1322 2006 1354 2040 se

193 2077 261 2114 cnm
279 2061 417 2115 Lambino
435 2060 535 2135 legere
555 2065 614 2112 tam
636 2060 756 2126 fartor
773 2061 988 2126 alacritate,
1016 2068 1046 2112 et
1071 2059 1112 2112 ita
1135 2058 1273 2129 scriptum
1301 2076 1353 2109 ex-

173 2128 320 2190 istare'in
339 2130 452 2201 Grypb.
473 2131 640 2202 exemplari.
669 2131 761 2198 „Tam
779 2131 875 2196 fertur
889 2148 922 2184 ea
940 2130 1091 2185 alacritate
1107 2137 1149 2183 est
1160 2146 1227 2180 vera
1245 2128 1348 2192 lectio,

193 2204 275 2257 cuius
293 2201 416 2276 vestigia
435 2201 466 2253 in
484 2210 581 2255 nostro
601 2203 715 2272 quoque
733 2219 875 2263 manuscr.
896 2210 1018 2267 exstant,
1037 2200 1119 2253 haec:
1142 2200 1215 2251 Tam
1227 2201 1352 2265 affertur

194 2273 345 2328 alacritate
365 2289 419 2342 pro
447 2279 506 2324 tom
524 2288 556 2326 ea
574 2273 665 2337 fertur
683 2273 863 2326 alacritate:“
883 2273 953 2326 Fre.
975 2271 1084 2326 Fabric.
1116 2270 1224 2336 '„Fabr.
1252 2272 1352 2335 affert.

154 2356 167 2394 '1
195 2344 335 2400 Ceterum
353 2343 423 2394 Pall.
444 2359 499 2399 sec.
520 2352 614 2414 quart.
634 2345 725 2397 Vatic.
755 2351 812 2397 tam
835 2347 892 2410 tert
915 2347 1075 2408 alacritate,
1101 2349 1131 2394 ut
1148 2359 1174 2395 a.
1194 2357 1216 2396 e.
1236 2357 1259 2393 c.
1281 2340 1357 2409 quid

194 2421 275 2483 agat.
313 2413 475 2479 Lambinus,
494 2421 528 2466 ut
547 2415 637 2467 estin
657 2411 784 2487 Gryphii
804 2416 891 2481 libro,
918 2423 975 2469 tam
993 2433 1027 2468 ea
1052 2415 1145 2479 fertur
1169 2411 1356 2471 alacritate.“

147 2505 154 2512 ·
195 2483 279 2543 cett.
315 2484 462 2551 „Minime
488 2486 584 2554 placet
610 2486 700 2540 lectio
723 2487 856 2562 vulgata:
885 2493 944 2540 tam
971 2489 1028 2554 fert
1046 2484 1236 2539 alacritatem,
1264 2482 1355 2536 Codd.

193 2557 267 2610 bene
285 2556 387 2609 multi:
408 2563 464 2608 tam
482 2557 538 2622 fert
557 2557 718 2622 alacritate3
739 2559 772 2611 D.
793 2558 948 2611 Lambinus
967 2558 1106 2610 coniecit:
1135 2563 1191 2609 tam
1210 2571 1243 2606 ea
1262 2557 1360 2619 fertur

196 2626 353 2684 alacritate.
374 2627 504 2680 Cantabr.
526 2633 585 2680 tam
603 2630 688 2694 affert
703 2629 864 2687 alacritate.
893 2630 1028 2682 Testatur
1047 2636 1142 2693 autem
1160 2627 1304 2679 Fr.Fabr.
1326 2626 1359 2676 in

194 2699 276 2754 atsto
295 2699 393 2752 Goion.
414 2697 502 2751 fuisse
520 2705 579 2752 lum
598 2701 717 2765 affertur
734 2700 896 2753 alacritate:
923 2716 1049 2771 repono:
1082 2705 1139 2751 tam
1157 2699 1275 2764 effertur
1293 2697 1359 2749 ala-

85 2837 92 2842 ·
192 2770 307 2835 oritate,
327 2787 400 2840 quae
419 2770 539 2822 minima
559 2779 600 2823 est
619 2772 750 2839 mutatio,
771 2770 842 2824 huic
859 2780 956 2824 tamen
979 2770 1053 2823 vitio
1072 2769 1193 2822 sanando
1211 2785 1358 2839 perquam

195 2842 313 2894 videtur
332 2838 510 2893 commoda.“
527 2841 717 2914 Dav.·Ea.,1·.
755 2843 829 2909 „Est
856 2842 1008 2896 alacritate
1035 2843 1067 2893 in
1085 2841 1153 2894 (lod.
1173 2840 1254 2913 Regu,
1282 2840 1361 2904 feret

172 2955 173 2958 η
196 2912 230 2965 in
247 2928 304 2964 uno
322 2911 402 2964 Leid.
440 2911 584 2982 Equidem
611 2931 676 2967 curn
702 2913 834 2968 Bentleio
859 2914 988 2985 suspicor
1012 2913 1182 2966 Ciceronem
1208 2911 1360 2980 scripsisse

197 2988 270 3036 tam
289 2985 425 3050 effertur
448 2983 614 3037 alacritate.
651 2987 686 3038 In
706 2984 785 3055 seqq.
806 2985 883 3038 delet
901 3000 969 3038 esee.
989 2983 1058 3036 Dav.
1079 2983 1202 3058 corrigit
1227 2979 1305 3036 atate
1331 2980 1360 3034 ei

196 3061 310 3108 constet.
347 3054 436 3106 Possis
455 3055 541 3106 etiam
559 3055 671 3132 legere:
694 3055 769 3110 altit
785 3056 844 3126 ipsi
861 3054 998 3109 coartet.“
1015 3052 1104 3108 Boni.
1224 3086 1254 3128 '.
1368 3098 1375 3105 ,

267 3126 344 3178 Tum
362 3127 417 3191 fert
435 3125 539 3180 alaerit
560 3126 623 3193 tem]
659 3126 685 3179 A
702 3128 797 3180 Tullii
815 3131 978 3180 manu'non
997 3136 1039 3179 est
1056 3126 1127 3178 haec
1145 3124 1242 3178 lectio.
1276 3126 1361 3176 Non-

195 3195 275 3250 nulli
293 3197 411 3250 Codices
429 3193 488 3250 tam
506 3142 652 3265 alilrtwel
670 3201 790 3266 affertur
808 3199 958 3252 alacritate
964 3215 974 3261 ;
999 3197 1113 3268 Gryph.
1132 3204 1229 3249 autem
1247 3201 1304 3248 tam
1325 3211 1361 3248 ea

198 3271 293 3336 {erlar
311 3267 469 3323 alacritate.
505 3271 662 3345 Legatum
687 3288 720 3323 ea
738 3271 861 3324 effertur
883 3271 1051 3332 alacritate3
1084 3286 1155 3338 quae
1174 3267 1297 3319 minima
1317 3276 1362 3320 est

162 3371 166 3377 ·
196 3339 330 3403 mutatio,
349 3339 594 3410 Ciceronianoque
612 3342 750 3412 loquendi
768 3341 852 3394 modo
871 3357 1000 3394 consona.
1038 3340 1075 3393 D.
1185 3335 1188 3341 ’

271 3410 340 3463 Tum
357 3412 414 3477 fert
432 3410 617 3476 alacritatem,
635 3417 665 3464 ot
679 3411 754 3467 ntatt
770 3428 831 3466 erse
849 3418 965 3477 coartet,
986 3413 1059 3481 quad
1076 3410 1161 3477 agat.-
1178 3415 1211 3462 at
1228 3407 1290 3474 ille,
1311 3407 1363 3476 qai

197 3483 366 3549 voluptatem
384 3480 474 3535 animi
491 3483 616 3547 nimiam,
643 3499 778 3556 mammam
797 3500 857 3537 aare
875 3499 999 3537 errorem
1018 3481 1205 3546 arbitratum]
1243 3481 1362 3547 „Qnidi

122 3573 147 3580 ’·
197 3550 244 3605 An
262 3553 294 3605 in
311 3552 368 3606 hoc
385 3553 553 3608 vitiositatis
572 3555 736 3624 exemplum
755 3559 814 3608 est?
836 3555 882 3606 ·An
902 3551 938 3620 ei,
958 3554 1010 3624 qui
1024 3553 1204 3622 voluptatem
1223 3568 1372 3621 errorem·
1412 3570 1415 3576 ·

197 3624 365 3689 arbitratur,
385 3642 453 3694 prae
470 3624 583 3678 laetitia
601 3624 688 3691 nihil,
708 3626 786 3697 quod
801 3635 867 3702 agat
880 3625 1039 3678 constabit?
1056 3625 1172 3698 Nugae!
1194 3622 1363 3676 correctio·

196 3712 248 3750 nes
265 3696 397 3749 virorum
415 3695 567 3748 doctorum
585 3695 642 3748 hoc
656 3713 714 3749 non
728 3697 885 3771 attingunt.
906 3697 982 3750 Olim
1000 3695 1125 3748 conieci:
1146 3699 1285 3747 tantam
1302 3697 1364 3749 ia-

197 3768 272 3834 tert
295 3765 484 3830 alacritatem,
511 3772 552 3819 u,
567 3764 643 3819 aiiii
668 3783 726 3820 esse
744 3774 858 3834 constet,
885 3768 960 3834 qaod
977 3773 1046 3834 agat
1064 3765 1124 3831 ille,
1149 3765 1195 3834 qai
1214 3772 1273 3818 cet.
1293 3766 1316 3816 i.
1337 3782 1362 3818 e.

196 3846 230 3890 ut
254 3839 364 3889 frustra
388 3836 411 3886 is
441 3835 621 3905 obloquatur,
653 3838 705 3907 qui
724 3871 766 3890 -.
813 3839 846 3892 Id
869 3855 939 3891 vero
963 3855 1041 3889 nunc
1072 3854 1130 3889 non
1154 3836 1222 3887 satis
1250 3835 1362 3906 placet.

196 3908 310 3962 Malim:
331 3911 468 3959 tantam
484 3904 600 3973 interl
618 3910 807 3975 alacritatem,
834 3915 867 3961 at
895 3907 993 3963 ailril
1011 3915 1162 3973 constet,
1187 3908 1261 3974 quod
1279 3913 1364 3975 agat,

196 3984 228 4032 at
246 3977 301 4031 ait
317 3975 377 4042 ille,
397 3979 447 4047 qai
463 3978 631 4046 voluptatem
649 3978 740 4033 animi
767 3979 875 4033 etiam
893 3997 1026 4034 ceramum
1045 3995 1106 4033 eece
1132 3979 1255 4031 bonum
1279 3978 1364 4032 arbi·

198 4054 306 4102 tratur.
337 4047 487 4123 intelligo·
500 4049 694 4120 Epicurum.“
711 4051 821 4106 Nissen.
858 4053 922 4127 Ego
940 4068 1011 4106 vero
1028 4051 1113 4104 video
1130 4048 1283 4102 hominem
1304 4051 1364 4103 cri·

198 4118 292 4173 ticum
309 4118 511 4173 hariolantem.
548 4121 610 4174 Mr.

163 4216 170 4221 ’
269 4211 444 4275 Μηίων
469 4208 633 4278 alacritate,
663 4219 694 4265 ut
716 4209 790 4265 nita
815 4210 843 4264 ei
860 4217 975 4277 coartet,
1001 4212 1096 4281 qaod
1117 4208 1220 4277 agatt]
1261 4212 1366 4276 „ltae

199 4297 232 4335 re
254 4280 289 4333 iis
311 4278 388 4333 MSS.
417 4280 556 4348 dedimus,
583 4291 616 4335 ut
633 4282 659 4335 44τε
682 4283 739 4336 suis
761 4283 880 4337 volnere
899 4285 1053 4337 Lambinus
1081 4292 1110 4336 et
1135 4282 1277 4348 Davisius,
1309 4297 1366 4352 pro

199 4297 326 4428 vulgato.
347 4383 380 4393 -
415 4352 496 4405 Infra
513 4370 566 4425 pro
585 4369 720 4408 summam
738 4371 797 4410 esee
815 4371 940 4409 errorem
958 4354 1106 4408 Bentleius
1124 4354 1255 4425 reponit:
1287 4369 1366 4443 neqe-

162 4497 167 4507 .
200 4440 273 4482 mam
291 4439 352 4480 eree
370 4438 524 4494 aegrotem,
544 4424 631 4498 idque
648 4443 753 4481 verum
769 4426 918 4482 videtur.“
944 4425 1153 4483 Lallemaaaaa.
