2842 5070
501 319 713 402 nunant,
738 310 866 389 vn*
1014 320 1028 333 “
1173 327 1234 407 vn

78 496 209 575 putant,
239 496 292 562 nt,
325 507 426 570 quum
453 484 707 570 dnobusspares
739 506 833 557 casus
860 489 1046 567 evenerint,
1076 493 1106 552 is
1134 490 1232 555 ruodo

78 569 290 657 aegritudine
318 571 496 648 afficiatur,
524 572 582 632 oui
606 572 661 633 illa
693 590 755 632 nec
783 572 920 652 opinato
947 592 1042 635 casus
1072 577 1233 640 evenerit.

77 654 195 736 Itaque
217 653 379 716 dicuntur
396 652 551 715 nonnulli
562 653 597 712 in
610 672 776 730 maerore,
798 674 899 735 quum
917 651 963 716 'de
984 655 1047 715 heo
1065 652 1234 719 mmmuni

77 735 250 798 hominum
272 735 464 799 conditione
485 734 702 817 audivissent,
725 754 764 796 ea
785 735 856 820 lege
877 755 949 798 esse
971 757 1032 798 nos
1054 746 1164 816 natos,
1195 749 1235 803 nt

77 838 175 881 nemo
196 821 232 879 in
253 826 451 901 perpetuum
478 836 549 880 esse
569 826 685 900 posset
711 837 831 900 expers
853 819 941 890 mali,
962 821 1112 904 ¹gravius
1133 822 1233 884 etiam

77 901 204 967 tulisse.
299 966 302 971 ,
870 934 873 939 -
960 928 963 935 ·

77 1087 244 1156 suspectum
256 1081 352 1139 iacere
370 1085 454 1139 debet
470 1087 600 1152 verbum,
620 1085 696 1155 qnod
705 1083 778 1160 Aug.
793 1085 880 1139 habet
896 1085 1050 1141 monimum
1067 1098 1135 1142 esse.
1155 1081 1235 1144 Seri-

40 1192 43 1196 »
76 1157 157 1208 bitur
173 1156 346 1224 inopinatum
364 1157 395 1208 in
414 1156 520 1210 duobus
540 1156 609 1209 Oxx.
630 1165 659 1208 et
677 1157 760 1208 vind.
783 1162 807 1212 1.
853 1159 1001 1228 Improbat
1025 1159 1112 1211 etiam
1137 1161 1234 1215 Nisse-

76 1227 140 1279 nius
157 1227 384 1280 emendationem
393 1225 586 1293 Davisiana1n‚
606 1227 678 1297 paud
696 1227 839 1294 opinatum
858 1227 897 1280 sit
919 1229 1066 1299 explicans
1082 1247 1234 1300 perperam

76 1296 217 1350 creditum
235 1297 284 1350 eit.
314 1296 469 1352 Ktihnerus
488 1298 522 1351 ad
538 1296 626 1350 verba
644 1299 717 1367 quod
734 1314 794 1350 rem
812 1298 933 1352 eontinet
952 1302 1099 1354 commode
1118 1305 1234 1358 confert

75 1367 123 1421 tv.
148 1371 190 1423 lo.
209 1370 258 1423 23:
292 1369 491 1438 quaeratione
512 1364 717 1436 praetermissa
739 1369 853 1421 minime
870 1370 1039 1435 necessaria,
1067 1386 1110 1437 eo,
1144 1390 1234 1443 quae

75 1456 149 1493 rem
177 1437 375 1504 continent,
401 1446 610 1508 pertractenue.
648 1439 738 1493 Video
763 1449 860 1492 autem
883 1458 919 1493 ex
936 1440 990 1493 Ed.
1011 1440 1146 1501 HWoltii
1174 1462 1233 1498 non

75 1522 135 1564 esse
149 1511 359 1575 coniecturam,
378 1509 488 1580 opinati
505 1509 574 1573 sint,
592 1507 719 1562 Davisii:
747 1527 810 1561 eam
835 1511 912 1562 enim
930 1511 988 1562 iam
1011 1511 1064 1564 ille
1081 1514 1129 1566 vir
1145 1482 1233 1569 babet

75 1581 157 1633 iuxta
178 1580 327 1656 vulgatam
350 1579 382 1631 in
408 1580 585 1651 parenthesi.
623 1580 687 1651 lpse
714 1589 810 1634 antem
827 1580 984 1637 HWolfius
1009 1583 1136 1637 coniecit
1159 1588 1234 1654 quod

76 1651 224 1720 opinate
242 1651 459 1704 sismusinum.
498 1652 558 1705 Mr.
921 1705 924 1709 ,
952 1656 954 1660 ”

145 1736 316 1792 nequaquem
334 1737 394 1774 esse
412 1721 540 1787 tuntum]
576 1724 642 1774 Post
660 1728 768 1775 tantum
784 1721 899 1789 additur
916 1722 949 1775 in
957 1723 1034 1789 vEdd.
1054 1726 1082 1778 P.
1103 1724 1136 1777 A.
1149 1725 1180 1778 B.
1201 1725 1231 1783 S.

73 1792 109 1843 E.
130 1791 161 1845 G.
179 1792 251 1843 Veis.
275 1798 364 1843 nostr.
384 1790 449 1844 Aee.
470 1796 494 1846 1.
514 1792 540 1844 2.
561 1793 642 1845 tunt.
661 1786 785 1847 itWolf.
813 1794 859 1846 sui
876 1801 990 1847 naturas
1019 1797 1144 1864 quorum
1167 1815 1233 1850 ver·
1319 1800 1324 1813 ⁴

74 1862 177 1919 borum
196 1861 226 1912 in
248 1859 333 1913 libris
352 1861 429 1920 MSS.
457 1860 572 1914 nullum
599 1870 642 1915 est
658 1862 823 1936 vestigium.
870 1862 970 1938 Pergit
987 1865 1056 1919 God.
1075 1866 1172 1918 Duisb.
1199 1872 1232 1923 ut

73 1930 200 1986 beatem
216 1930 312 1985 vitam.
334 1932 407 2005 Gud.
427 1935 453 1988 2.
473 1932 558 1985 babet
576 1938 705 1986 avertere
722 1949 776 2003 pro
795 1939 925 1986 evertere.
961 1935 1023 1988 Mr.

143 2027 176 2075 ut
195 2037 230 2074 ev
247 2020 299 2075 itte
317 2030 365 2077 net
383 2020 493 2091 opinus
508 2022 599 2090 plaga
617 2020 710 2075 maior
727 2020 777 2088 sit]
820 2021 917 2091 „quia
934 2022 995 2076 dies
1013 2020 1166 2077 hominnm
1184 2025 1233 2078 do-

72 2091 132 2147 lori
149 2093 298 2158 medetur,
319 2093 368 2147 sed
385 2109 444 2145 non
461 2089 563 2158 omnis,
589 2093 657 2162 quia
674 2092 749 2144 ratio
776 2092 817 2144 sio
843 2110 942 2146 sanare
964 2093 1101 2163 >homines
1127 2099 1231 2165 potest,

72 2173 109 2233 nt¹
123 2163 202 2215 nihil
220 2164 402 2234 inopinatum
422 2180 480 2216 esse
507 2172 649 2216 censeant.
659 2160 680 2192 “
706 2162 817 2216 Nissen.
861 2157 1232 2230 solanu.A1t.,tortasse

72 2235 354 2319 operarum'errore,
374 2228 485 2287 omittit
503 2226 557 2287 ev:¹
571 2233 656 2304 quod,
676 2234 700 2285 si
719 2242 800 2287 certa
817 2233 887 2297 fides
915 2245 988 2288 esset
1014 2237 1075 2289 eius
1100 2236 1232 2290 collatio·

71 2305 165 2370 nibus,
185 2323 221 2357 ex
237 2300 353 2358 silentio
371 2306 433 2361 eius
451 2303 603 2358 concludas
631 2305 725 2358 abesse
753 2305 874 2357 etiamn
898 2300 966 2359 Cod.
995 2307 1080 2360 Vind.
1102 2312 1124 2362 1.
1150 2309 1232 2362 Unus

71 2376 122 2431 Ox.
141 2374 228 2428 habet
247 2391 296 2427 nec
317 2371 465 2443 opinata
481 2371 585 2445 plagin
603 2375 677 2427 alius
695 2374 866 2443 opinatum,
886 2377 990 2430 omisso
1009 2386 1066 2431 nee.
1088 2371 1161 2430 Gud.
1182 2388 1231 2431 nee

70 2445 239 2514 inopino103
268 2442 356 2498 Ilebd.
382 2445 476 2499 maior
500 2463 567 2501 non
588 2446 634 2500 tii.
666 2445 794 2514 Sequens
812 2463 866 2499 non
888 2448 999 2501 omittit
1024 2449 1097 2502 Gud.
1123 2444 1149 2506 i.
1181 2444 1232 2505 tto·

70 2514 167 2571 Kiihn.
188 2516 314 2587 explicat
333 2513 488 2585 Cyrenaici.
524 2516 586 2571 Mr.
759 2522 761 2527 '

142 2587 289 2652 evenerint,
314 2585 341 2639 is
358 2588 440 2641 modo
460 2618 491 2628 -
521 2599 602 2641 essue
624 2580 770 2653 evenerit]
807 2580 875 2642 cod.
901 2588 976 2665 Aug.
1005 2586 1149 2644 evenirent
1175 2600 1248 2662 pro,

69 2658 221 2713 evenerint.
257 2657 350 2711 Verba
369 2653 397 2711 is
416 2656 495 2712 modo
516 2690 546 2701 -
567 2671 647 2709 covus
665 2656 790 2711 evenerit
807 2659 909 2713 absunt
927 2660 960 2712 ab
978 2677 1036 2714 uno
1055 2663 1105 2715 Ox.
1125 2663 1178 2713 Ad.
1198 2681 1227 2714 v.

69 2732 251 2798 necopinato
269 2742 351 2783 casus
369 2728 461 2783 Gebh.
481 2729 536 2793 ita:¹
554 2763 574 2795 „
584 2728 632 2782 Sic
651 2738 731 2783 recte
749 2730 896 2784 Victorius
914 2731 984 2784 Pall.
1005 2734 1092 2803 prim.
1112 2732 1227 2786 secund.

71 2800 164 2871 quint.
192 2801 275 2855 Febr.
295 2799 370 2853 Pith.
389 2800 481 2853 Vatie.
501 2818 541 2851 vu
576 2816 590 2851 o
617 2809 667 2852 nee
689 2797 861 2868 opinatus
888 2802 1007 2856 cusus.“
1051 2804 1105 2857 Est
1131 2812 1229 2857 autem

69 2887 121 2925 nec
181 2869 277 2925 ineius
304 2872 335 2923 in
353 2870 421 2925 (iod.
440 2869 528 2923 Rehd
575 2869 620 2922 dd.
646 2870 678 2939 A.
698 2872 728 2923 B.
749 2868 776 2923 S.
796 2872 831 2925 Ε.
851 2874 887 2924 Μ.
908 2872 1024 2927 1..A1d.
1044 2876 1114 2929 Ven.
1136 2884 1225 2937 nostr.

68 2941 134 2994 Asc.
174 2934 323 2995 uwolf.
344 2934 429 2993 Leod.
450 2932 529 3010 sylb.
546 2940 636 2992 ‘Boul
656 2940 736 2993 Brut.
771 2942 806 2995 ln
824 2958 881 2996 uno
901 2946 951 2997 Ox.
980 2943 1092 3021 legitur
1118 2941 1228 3011 efficia·

69 3019 119 3065 tur
136 3027 189 3082 pro
208 3009 459 3085 efficiaturgAug.
484 3010 515 3062 in
540 3011 599 3063 fine
626 3011 739 3081 periodi
764 3013 885 3066 eveniret
909 3030 963 3084 pro
988 3018 1118 3076 evenerit.
1161 3019 1227 3069 Post

68 3081 201 3135 dicuntur
219 3083 250 3132 in
268 3098 344 3151 seqq.
365 3079 478 3155 legitur
495 3078 604 3137 inGod.
625 3084 699 3133 Mon.
720 3085 745 3137 2.
766 3099 815 3136 ex.
835 3080 971 3148 nonnulli,
997 3086 1073 3155 quod
1092 3102 1226 3156 compen-

68 3146 151 3204 dium
169 3160 211 3205 est
229 3152 291 3204 sine
315 3150 400 3203 dubio
419 3150 584 3223 glossatoris
608 3151 843 3217 additamentum,
868 3154 1042 3225 videturque
1070 3156 1157 3209 fuisse
1175 3157 1226 3210 vel

68 3218 158 3276 etiarn
176 3218 225 3275 vel
243 3223 362 3290 exempli
379 3237 477 3273 causo:
498 3236 622 3291 quorum
640 3229 796 3292 utrumque
815 3226 857 3275 est
875 3241 1125 3293 supervacaneum.
1163 3223 1223 3281 Mr.

139 3327 220 3380 quum
237 3312 271 3365 de
288 3309 339 3365 iae
361 3309 498 3364 communi
521 3307 662 3362 lominum
678 3307 838 3362 conditione
859 3310 1053 3376 audivissent]
1095 3312 1224 3376 „Dicent

67 3381 121 3435 alii
139 3382 215 3450 quod
232 3383 319 3436 libet:
339 3383 403 3443 iure
421 3383 554 3453 praefero
571 3380 647 3432 hanc
664 3379 821 3451 lectionem
831 3399 855 3440 ,a
864 3382 994 3435 victorio
1013 3381 1172 3447 admissam,
1191 3385 1224 3437 in
1241 3398 1246 3405 '

66 3453 137 3505 Pall.
156 3455 285 3524 quinque
303 3454 498 3521 Vaticanoque
516 3468 549 3503 re
571 3459 670 3505 ertum.
714 3451 811 3525 Vulgo
829 3452 950 3505 omnium
973 3469 1026 3523 pro
1051 3451 1223 3508 bonunum.“

68 3522 151 3577 Getis.
188 3526 253 3579 Post
276 3525 348 3578 haee
366 3526 398 3577 in
416 3523 483 3579 Gud.
509 3523 533 3576 R
574 3523 599 3574 d.
627 3521 742 3574 additur
760 3525 836 3585 vita,·
860 3523 997 3577 scribitur
1022 3524 1054 3575 in
1073 3524 1174 3578 eodem
1193 3537 1223 3581 et

67 3595 100 3647 in
118 3597 191 3649 Mon.
211 3599 236 3653 2.
256 3597 387 3662 omniurn,
406 3603 439 3649 ut
458 3603 500 3649 est
519 3592 640 3646 inEdd.
660 3591 694 3644 A.
713 3593 743 3644 B.
765 3595 795 3647 C.
816 3597 852 3646 Μ.
872 3596 904 3647 1..
924 3593 1006 3646 Junt.
1032 3595 1222 3665 omnibusque

66 3667 172 3718 nostris
195 3674 261 3717 ante
288 3667 391 3733 Gebls,
417 3664 545 3736 exceptis
568 3663 655 3717 Leod.
680 3663 749 3716 Rob.
770 3663 874 3734 steph.»
898 3672 928 3717 et
945 3665 1043 3719 Herw.
1081 3665 1221 3734 Sequitur

66 3738 98 3788 in
116 3735 206 3788 Rehd.
226 3736 433 3792 condictione.
471 3737 547 3789 Tum
564 3733 663 3789 Duisb.
683 3734 836 3789 audissent.
856 3735 947 3790 liehd.
977 3750 1009 3788 ea
1037 3738 1098 3803 tege
1116 3745 1222 3792 natos

66 3822 129 3860 nos
147 3821 240 3871 esee,
258 3804 332 3881 Aug.
355 3823 389 3861 ea
407 3809 469 3875 tege
487 3812 569 3860 nutus
587 3821 663 3859 nus:
692 3807 795 3870 omisso
814 3821 882 3872 esse,
908 3805 985 3877 quod
1002 3806 1080 3861 abest
1098 3808 1185 3861 etiam
1203 3828 1220 3863 a

66 3876 175 3929 duobus
200 3878 268 3928 On.
293 3888 323 3929 et
340 3881 417 3931 Mon.
438 3883 462 3933 1.
480 3876 533 3931 Ed.
554 3878 582 3933 P.
620 3876 765 3930 scribitur
787 3877 902 3932 inverso
920 3875 1021 3931 ordine
1039 3895 1089 3932 nos
1107 3894 1168 3933 esse
1186 3881 1218 3932 in

65 3947 138 4001 Edd.
158 3944 191 3997 A.
210 3947 240 3997 B.
261 3945 288 3999 S.
303 3948 337 3999 lt.
358 3949 389 4003 G.
408 3951 445 4000 Μ.
465 3949 497 4000 1..
521 3946 708 4015 omnibusque
735 3956 801 4000 ante
819 3948 911 4001 Gebh.
939 3951 1066 4019 exceptis
1089 3953 1121 4001 V.
1147 3952 1216 4005 Rob.

66 4017 166 4088 steph.
196 4017 291 4069 llerw.
328 4017 412 4071 Solus
437 4016 521 4070 Vind.
543 4021 567 4072 1.
591 4016 677 4070 balet
700 4033 760 4070 esse
782 4026 893 4072 netos'
907 4035 979 4073 noe.
1011 4020 1109 4074 Duisb.
1132 4021 1221 4076 habet

64 4092 274 4156 imperpetuum
280 4107 289 4150 ,·
307 4087 385 4141 idem
403 4104 470 4139 cum
489 4087 562 4140 Gud.
582 4090 608 4140 2.
626 4087 712 4139 hebet
728 4092 837 4155 possit
856 4106 929 4143 esse.-
948 4098 991 4143 est
1004 4091 1090 4144 etiam
1107 4093 1217 4162 possit

66 4162 98 4212 in
116 4160 199 4210 vind.
222 4164 244 4211 l.
266 4167 295 4210 et
312 4175 369 4211 uno
388 4158 439 4212 Ox.
465 4156 548 4209 Alius
565 4157 597 4209 id
613 4157 734 4209 verbum
752 4160 838 4228 plane
854 4161 975 4212 omittit.
1004 4162 1077 4214 Gud.
1105 4166 1217 4216 omittit

66 4234 158 4286 etium.
195 4230 262 4281 Non
284 4229 425 4291 absimile,
452 4228 494 4281 ait
515 4226 643 4279 Beroald.
671 4227 706 4280 ad
732 4228 814 4294 h.1.,
842 4239 886 4282 est
915 4231 989 4284 illud
1014 4232 1136 4299 Solonis,
1165 4235 1216 4304 qui

66 4318 157 4370 quum
174 4299 414 4368 lacrymabundus
437 4298 554 4372 lugeret
577 4296 747 4353 defunctum
769 4294 873 4366 filium,
901 4300 1104 4372 dicereturque
1128 4305 1181 4355 sibi
1200 4321 1217 4355 a

66 4368 199 4440 quodem,
218 4371 255 4425 At
272 4370 350 4424 nihil
387 4369 494 4434 reficis,
517 4366 695 4437 respondisse
719 4370 826 4437 fertur,
850 4380 881 4423 at
903 4382 1026 4443 propter
1046 4375 1103 4427 hoc
1122 4375 1216 4444 ipsum

65 4441 230 4510 illacrymo,
249 4442 318 4512 quia
335 4389 413 4495 nibil
429 4439 560 4511 proficio.
595 4437 655 4493 Mr.

95 4571 174 4614 cteero
190 4570 253 4615 Tere.
267 4571 337 4629 Dtep.
350 4573 386 4617 ut.
402 4571 486 4616 Moser.
503 4568 530 4615 Τ.
545 4568 580 4616 11.
932 4546 971 4608 1²
