2842 5070
465 345 467 348 .
552 298 681 361 urana
701 274 845 379 uaros
1217 298 1279 376 ua

123 485 206 548 quaa
228 464 446 548 cupiditatem
467 465 668 549 laetitiamve
689 470 853 538 moveant,
876 469 987 534 tamon
1008 449 1186 528 sitvitiusa
1206 463 1297 543 ipsa,
1366 446 1369 455 ⁴

1117 588 1292 604 —00-0——0--1

122 653 222 716 sentia,
242 661 271 704 et
289 652 419 721 quamvis
437 653 489 704 illa
505 669 574 706 vere
592 654 665 705 bona
683 653 749 719 sint,
770 669 842 722 quae
860 658 910 702 aut
929 649 1164 720 concupiscamus
1182 649 1280 703 absen-
1368 701 1376 716 ,

123 724 175 788 tia,
209 732 258 777 aut
283 723 443 775 insolenter
472 733 645 777 ostentemus
672 723 843 794 praesentia,
861 721 1023 777 ,vitiosam
1040 715 1194 789 utrobique
1222 737 1280 787 esse
1360 711 1368 746 ἵ

123 795 213 863 animi
239 794 492 864 commotionem.“
523 792 623 849 Lami,
662 796 774 861 „Recte
806 793 903 845 Lamb.
931 801 1084 867 negantem
1117 788 1279 860 cretionem

124 865 209 918 illam
227 864 258 916 in
276 865 404 917 aientem
422 857 626 935 commutarit
645 883 735 934 quum
761 865 840 918 enim
859 880 895 925 ex
914 873 1037 932 quatuor
1055 861 1281 937 cogitationibus
1350 920 1352 923 v

123 936 193 988 duae
214 946 249 988 ex
268 936 390 1005 opinatis
408 936 500 1001 rnalis,
520 945 549 989 et
567 936 637 989 duae
652 952 687 988 ex
699 935 822 1007 opinatis
838 933 919 987 bonis
938 942 1151 998 nascantur,·ut
1168 933 1280 986 dictum

124 1016 175 1072 est,
195 1001 321 1058 affirmat
341 1004 401 1060 cic.
422 1001 536 1059 etiamsi
553 1023 620 1060 vere
638 1002 714 1057 mala
731 1007 789 1056 sint
807 1004 870 1069 illa,
899 1022 970 1072 quae
989 1013 1037 1069 aut
1055 1005 1201 1057 venientia
1219 1019 1281 1072 meg
1339 1030 1345 1034 -

123 1086 261 1140 tuuntur,
285 1085 334 1128 aut
357 1077 493 1129 instantia
511 1077 720 1151 aegritudinem
747 1072 894 1139 efficiunt:
930 1077 1002 1128 item
1025 1093 1094 1128 vera
1118 1075 1194 1140 bona,
1217 1073 1297 1135 illa,-

124 1166 196 1218 quac
213 1147 262 1199 vel
280 1146 432 1198 libidinem
450 1147 638 1211 inflammant,
666 1146 715 1199 vel
732 1143 873 1200 laetitiam
893 1147 1057 1216 concitant,
1081 1155 1178 1202 tamen
1195 1146 1280 1213 illam
1312 1153 1321 1224 ἰ
1384 1203 1386 1207 y

124 1221 214 1289 ipsam
233 1217 454 1270 concitationem
478 1236 536 1271 esse
549 1217 720 1272 .vitiosam.“
747 1217 809 1271 Fre.
829 1217 942 1271 Fabric.

192 1306 317 1363 Etiamsi
338 1309 416 1359 mata
442 1306 503 1359 sint
527 1306 581 1361 illa
608 1312 793 1373 praetactum
821 1304 1076 1372 aegritudinemoe3
1103 1301 1185 1372 bona,
1214 1323 1281 1377 quae

122 1377 302 1445 cupiditatem
322 1377 495 1431 laetitiamve
513 1377 647 1443 moveant]
680 1379 724 1430 lta
742 1377 856 1445 quidem
876 1377 976 1430 Ursini
993 1377 1078 1442 liber,
1107 1378 1132 1430 si
1155 1379 1182 1433 ei
1201 1379 1283 1436 fides,

123 1449 228 1531 Vulgo,
248 1448 360 1506 etiaoesi
377 1465 430 1499 nce
449 1447 525 1500 mala
543 1451 603 1504 siat
622 1464 728 1502 -neo
746 1449 833 1511 ioaa3
863 1465 946 1517 quae.
957 1464 1071 1502 sensum
1089 1451 1180 1501 menti
1200 1450 1282 1502 Cinea

94 1527 202 1575 *roms
232 1520 410 1579 contrarium
423 1573 426 1577 ,
439 1520 560 1571 faciunt.
602 1520 664 1571 Hoc
695 1518 770 1571 vidit
798 1518 967 1582 Lambinus,
998 1527 1174 1588 quapropter
1206 1519 1283 1594 legit

124 1591 238 1644 etiamsi
257 1598 286 1642 et
304 1591 379 1647 mala
397 1592 452 1644 sint
472 1616 505 1627 -
524 1599 552 1642 ot
571 1591 656 1645 bona:
677 1589 722 1643 Cl.
740 1605 811 1641 vero
830 1588 986 1651 Bentleius,
1007 1591 1121 1642 etiamsi
1138 1589 1187 1641 vel
1200 1592 1282 1645 ,mala
1326 1620 1328 1625 ·

121 1664 183 1715 siat
203 1692 235 1723 ,-
253 1659 301 1712 vel
319 1660 417 1718 bona„
437 1659 512 1713 ltlihi
530 1660 636 1730 placet,
655 1659 826 1721 estimatae
844 1658 919 1713 malo
931 1658 991 1713 siut
1009 1660 1074 1724 illa,
1092 1676 1162 1728 puae
1179 1667 1281 1714 mettim

124 1731 381 1798 aegritudinamo25
410 1746 450 1784 re
467 1732 548 1794 bono,
577 1746 645 1800 puae
663 1731 851 1798 cupiditatem·
871 1729 1043 1783 laetitiamve-
1058 1737 1191 1784 moverat.
1218 1731 1282 1797 ite,

124 1820 183 1855 non
202 1802 338 1872 opinione
357 1809 478 1855 tantum.
516 1802 632 1867 Plautus
654 1803 725 1856 Rud.
744 1801 808 1852 Act.
829 1800 880 1853 111.
905 1800 949 1854 So.
971 1801 1023 1853 111.
1043 1804 1091 1857 tl:
1117 1801 1185 1855 Nisi
1211 1802 1281 1870 quisi

125 1890 163 1925 re
187 1872 363 1940 praesidium
386 1887 516 1939 apparas,
549 1871 706 1936 Trachalio,
734 1879 797 1924 acta
815 1870 882 1923 iaec
899 1887 946 1923 res
964 1877 1012 1924 est.
1050 1873 1089 1925 Et
1107 1872 1161 1925 ita.
1176 1874 1282 1942 passim

125 1953 232 1997 noster.
270 1943 356 2000 Certe
375 1943 550 2017 negansilla
566 1943 713 2013 ¹particula
726 1941 829 1995 nonde
848 1942 942 1996 nihilo
955 1942 1072 1995 uidetur
1088 1943 1171 1995 libris
1182 1945 1282 2015 omni-

123 2016 182 2067 bus*
203 2013 371 2078 inhaesisse3
396 2032 499 2075 ‚meras
524 2015 602 2067 enim
618 2015 810 2070 coniecturas
837 2017 890 2082 pro
914 2011 1082 2067 MSStorum
1110 2013 1282 2066 lectionibus

125 2088 264 2140 Ursinum
283 2085 440 2137 venditasse
460 2085 560 2153 questi.
573 2093 638 2137 sunt
658 2084 777 2141 eruditi,
811 2083 848 2140 D.
1010 2132 1013 2136 .
1110 2131 1113 2136 ,
1307 2133 1309 2141 ,

195 2163 232 2213 at,
246 2158 356 2209 etiamsi
374 2172 422 2208 nec
436 2155 512 2207 mala
533 2185 566 2199 -
584 2171 633 2207 aec
651 2155 722 2208 bona
740 2154 791 2220 -]
829 2153 954 2219 „Sensus
973 2163 1024 2219 est,
1049 2157 1188 2207 constare
1203 2155 1282 2210 inter

125 2244 231 2292 omnes,
255 2226 366 2279 tametsi
388 2245 433 2282 res
446 2226 531 2289 illas„
545 2244 616 2296 quae
634 2226 864 2296 perturbationes
882 2233 911 2277 et
929 2225 1134 2280 commotiones
1152 2226 1184 2278 in
1201 2226 1282 2278 nobis
1325 2291 1326 2294 Ἴ

125 2299 282 2360 concitent,
312 2315 370 2350 esse
388 2297 589 2350 indifferentes
618 2297 800 2362 concedatur,
826 2298 899 2366 ipsas
918 2305 1014 2349 tamen
1033 2297 1247 2362 commotiones,
1266 2315 1283 2349 a

125 2370 211 2424 rebus
228 2367 290 2419 illis
309 2367 540 2421 indifferentibus
558 2368 730 2432 concitatas,
752 2369 869 2421 vitiosas
892 2385 960 2433 esse,
990 2369 1014 2419 si
1033 2365 1151 2436 quidem
1169 2385 1185 2419 s
1201 2375 1283 2420 recte
1371 2409 1377 2420 .

126 2441 237 2492 ratione
256 2436 417 2494 deflectant.
455 2439 539 2495 Hunc
558 2456 671 2493 sensum
690 2455 757 2493 cum
774 2439 861 2493 verba
884 2455 938 2506 per
954 2455 993 2501 se,
1022 2447 1086 2491 tum
1105 2454 1220 2507 quoque
1238 2455 1283 2492 ses·

126 2510 244 2579 quentia
262 2509 414 2577 evincunt:
446 2509 538 2564 Quare
556 2510 676 2565 omnium
695 2539 727 2553 -
746 2509 795 2562 sed
813 2509 848 2561 de
866 2507 933 2576 ipsa
956 2509 996 2562 sit
1009 2509 1218 2576 perturbatione
1237 2509 1304 2563 di-x

126 2581 266 2635 cendume.
277 2588 306 2632 et
324 2579 534 2648 antecedentia:
553 2581 604 2635 sed
622 2580 713 2635 omnis
732 2579 869 2635 eiusmodi
888 2607 921 2619 -
941 2596 974 2633 es
992 2597 1044 2649 quo
1063 2586 1284 2634 caimetarum

127 2650 286 2717 aegritudo.
323 2651 400 2725 Lege
419 2667 532 2719 quoque
551 2668 628 2719 seqq.
651 2660 679 2702 et
698 2668 757 2775 cap.
778 2655 828 2706 31:
860 2657 890 2704 at
916 2651 944 2702 si
970 2650 1028 2702 ia'm
1052 2650 1169 2716 difficile
1191 2652 1230 2704 sit
1249 2682 1282 2695 ·-·

127 2729 174 2774 aut
193 2722 225 2775 in
242 2720 329 2774 malis
342 2728 395 2779 vatet
414 2722 444 2778 ia
463 2721 541 2775 aonio
560 2738 621 2774 esse
639 2719 724 2790 baden
746 2740 790 2775 am
807 2719 881 2785 (non
894 2730 965 2784 erat,
984 2739 1038 2773 cur
1054 2728 1163 2775 mutato
1182 2722 1282 2776 ordine
1343 2772 1345 2777 .
1375 2755 1381 2761 -

127 2793 228 2845 mallet
246 2793 297 2844 vir
313 2793 504 2848 acutissimus:
525 2798 574 2845 aut
591 2790 624 2844 ia
643 2793 779 2847 bcaisaut
798 2794 829 2847 ia
842 2793 926 2846 malis
943 2808 1005 2845 esse
1017 2790 1184 2845 babendum:
1203 2793 1283 2845 simi..

126 2865 197 2919 liter
216 2863 295 2921 enim
312 2861 368 2918 hoc
386 2864 450 2921 laco
470 2880 555 2932 quem
574 2863 632 2914 iam
650 2864 843 2917 defendimus:
868 2862 981 2916 etiamsi
998 2879 1049 2919 aec
1065 2863 1141 2916 mala
1157 2865 1216 2917 siat
1234 2879 1283 2917 neo
1309 2916 1312 2920 Α

127 2937 210 2987 bona.-
225 2979 227 2983 .
244 2934 279 2991 ad
305 2951 391 3000 quem
410 2933 594 3005 timulsti)
621 2939 713 2986 tamea
735 2933 798 2986 atio
822 2934 859 2988 ad
882 2933 970 2988 atium
992 2939 1094 2988 motum
1113 2943 1167 2988 etc.
1206 2935 1283 3000 Quas
1339 2994 1340 3000 χ

127 3024 194 3060 cum
212 3005 253 3055 ita
271 3003 337 3067 sint,
357 3019 414 3057 non
431 3019 546 3072 possum
564 3020 630 3054 sane
649 3005 841 3069 comminisci,
867 3021 920 3058 cur
937 3007 1031 3058 snenti
1049 3005 1197 3058 Ciceronis
1215 3022 1284 3057 con-

127 3076 235 3131 trarius
260 3074 337 3124 visus
367 3073 458 3125 fuerit
488 3073 513 3126 is
539 3091 644 3138 sensus,
675 3093 763 3143 quem
797 3075 887 3127 lectio
912 3075 983 3127 haec
1011 3076 1126 3146 vulgata
1151 3075 1283 3127 fundit.“

130 3145 228 3215 Wopi.
249 3144 269 3194 1.
289 3160 362 3212 cp.
380 3145 442 3199 138·
473 3143 646 3212 „Quidquid
670 3146 757 3210 dicat,
785 3153 926 3213 quotquot
949 3145 1026 3200 locos
1049 3145 1148 3200 laudet
1169 3145 1283 3214 Wopk.
1350 3171 1353 3177 ·

127 3218 161 3268 ad
180 3214 391 3272 defendendam,
405 3214 560 3267 lectionem
578 3216 739 3289 vulgatam,
759 3215 836 3279 nihii
855 3222 897 3266 est
915 3216 1022 3270 certius
1041 3233 1126 3284 quam
1137 3232 1200 3268 eam
1215 3232 1282 3268 con-¹

122 3287 247 3338 'traciam
272 3301 332 3341 esse
355 3282 502 3337 Ciceronis
531 3284 698 3338 sententiae.
743 3285 813 3336 Vult
838 3285 916 3337 enim
943 3285 1062 3340 Cicero:
1093 3285 1215 3350 etiamsi,
1248 3279 1291 3338 ut*

129 3364 245 3413 censent
271 3355 407 3408 nonnulli
429 3354 607 3424 philosophi,
638 3356 669 3407 id
689 3355 767 3425 ,quod
790 3356 840 3410 rel
862 3356 988 3425 tirnoris·
1001 3356 1050 3408 val
1075 3355 1183 3410 doloris
1200 3373 1282 3409 causa

128 3437 180 3493 est,
209 3443 278 3479 vere
298 3434 371 3478 esset
387 3427 505 3489 malum,
531 3426 754 3496 vituperandum
772 3435 867 3482 tamen
886 3443 942 3492 asse
968 3443 1044 3492 eum,
1074 3428 1125 3495 qui
1144 3443 1177 3480 co
1195 3428 1282 3495 nimis

128 3505 359 3552 commoveatur:
398 3496 596 3559 (lectissimam
627 3497 720 3572 igitur
747 3497 880 3551 existimo
902 3497 1034 3551 Lambini
1061 3497 1281 3564 correctionem,
1331 3558 1334 3563 ,

128 3577 275 3637 receptam
294 3586 310 3619 a
327 3569 459 3628 Bentleio
484 3575 512 3621 et
531 3568 657 3621 Davisio:
693 3567 806 3623 etiamsi
830 3569 885 3622 oei
903 3570 980 3622 mala
1004 3569 1061 3620 siat
1087 3569 1140 3623 iila
1167 3593 1200 3608 -
1228 3570 1284 3621 osi
1328 3580 1330 3584 ’

129 3642 200 3693 bona
220 3646 275 3697 etc.
310 3638 482 3701 Idsmdicit
500 3641 633 3708 capita
661 3641 718 3692 siat
736 3655 802 3693 sane
823 3639 879 3690 istc
902 3639 980 3701 lona,
1007 3654 1076 3704 qaae
1092 3644 1227 3706 potantur
1246 3676 1282 3694 ..

129 3719 223 3837 {mxi
240 3711 272 3762 ia
287 3708 332 3761 ‘eis
350 3707 422 3774 ipsis
437 3706 584 3775 potiundis
608 3713 750 3769 exsuitans
767 3710 944 3778 gestiensque
966 3708 1080 3763 laetitia
1099 3709 1283 3775 tmpis‘est.‘.‘
1305 3703 1307 3711 ’

157 3798 190 3835 ou
211 3795 262 3836 eet·
498 3834 501 3839 ,
581 3824 583 3833 .
631 3832 634 3837 ,
1078 3824 1082 3834 .

201 3849 309 3903 etiamsi
326 3851 403 3903 mala
421 3850 479 3908 sint
496 3848 558 3914 itta,
578 3868 648 3918 qaae
666 3889 673 3903 .
694 3888 702 3904 .
722 3884 731 3906 .-
749 3850 835 3915 booa}
860 3851 960 3917 ‘·„Cum
982 3851 1174 3905 Latnbino‘et
1196 3849 1284 3907 nent,

128 3922 187 3974 leio
206 3919 387 3994 negationem
405 3921 634 3989 accumbitque,
659 3931 725 3977 autc
748 3924 825 3975 mala
844 3931 873 3975 et
891 3922 971 3987 iona,
995 3923 1162 3988 delevimus,
1217 3941 1283 3976 uam

129 3992 262 4043 instituta
285 3989 372 4042 buius
396 3989 454 4042 loci
477 3989 692 4061 ratiorespuit,
724 4011 779 4046 neo
805 3995 934 4067 agnoscit
951 3994 1053 4047 Ursini
1070 4002 1153 4046 vetus
1176 3941 1286 4047 [tieret

123 4062 244 4125 Latiam.
281 4059 404 4127 „Deleri
432 4066 588 4128 utrumque
618 4077 679 4123 aec,
711 4063 787 4131 quod
814 4073 856 4114 est
883 4073 984 4117 contra
1016 4080 1139 4117 sensum·
1181 4065 1231 4117 lta
1251 4068 1282 4118 et
1318 4127 1324 4137 ,

127 4134 222 4186 Bentl.
248 4140 276 4183 et
299 4130 404 4184 Allem.
431 4131 538 4182 fecere.
564 4146 620 4188 nec
643 4131 704 4185 fuit
725 4134 756 4186 in
781 4131 837 4187 MS.
860 4143 959 4187 vetere
981 4135 1090 4189 Ursini.
1117 4143 1218 4188 uatum
1236 4142 1282 4198 est

129 4208 249 4262 fortasse
268 4221 284 4256 e
300 4200 376 4255 oel.“
394 4200 463 4257 Era.
501 4201 564 4266 „Et
588 4203 665 4260 maia
684 4233 717 4244 -
736 4210 769 4256 et
791 4204 862 4258 iona
886 4205 950 4258 dedi
969 4222 1036 4258 cum
1053 4204 1177 4260 Wolfio.
1204 4203 1282 4255 ,Vul-

129 4282 295 4350 gstum'aec
313 4305 346 4319 -
366 4288 413 4335 aec
431 4271 593 4333 sententiae
618 4289 744 4343 prorsus„
761 4274 934 4348 mpugnat.'“
957 4273 1037 4329 seiz.
1074 4275 1202 4342 ,Lectio-
1216 4274 1281 4326 vul<

130 4356 196 4420 gata
214 4343 414 4411 absurdissima
438 4342 639 4412 est,.locique
662 4346 821 4411 sententiae
844 4346 930 4416 plane
952 4348 1126 4401 contraria..
1147 4344 1200 4395 Vel
1222 4343 1281 4395 sola

130 4418 233 4488 vocula
255 4413 369 4492 etiamsi
392 4423 499 4494 aperte
514 4412 895 4490 obmittitsncoxpressam
917 4435 979 4473 esse
995 4416 1182 4472 sententiam:
1205 4430 1281 4467 coma
1302 4415 1306 4419 ’
1331 4471 1333 4476 ,
