2842 5070
542 268 704 340 'nunu
724 276 784 357 111,
803 279 835 344 a.
1103 292 1117 299 -
1249 278 1290 343 ιι

137 423 299 505 auxilium
328 462 405 518 non,
421 449 472 503 'ut
496 440 532 503 in
561 443 713 525 corporis
735 442 871 521 morbis,
901 442 1093 526 petendum
1107 452 1158 509 est
1185 444 1290 506 forise

138 525 358 607 omnibusque
371 525 489 606 opibus
501 532 535 587 et
546 525 683 598 viribus,
694 533 733 586 ut
745 527 953 610 nosmetipsi
964 527 1059 620 nobis
1074 525 1201 590 mederi
1213 544 1289 610 poe·

137 729 228 799 ἰατρὸς
245 730 333 798 λόγος.
371 729 568 784 Democritus:
592 731 706 800 Ἰατρικὴ
723 729 777 802 μὲν
795 733 919 798 σώματος
934 730 1037 790 νόσους
1054 727 1174 783 dedatur·
1202 731 1290 798 σοφίη

139 799 172 853 δὲ
190 804 285 870 ψυχὴν
300 803 400 854 παθῶν
417 799 584 870 ἅφαιρέιται.
623 801 778 854 Pindarus:
804 798 836 854 oi
859 799 992 854 δύνανται
1010 807 1104 868 νήπιοι
1121 801 1215 865 κόσμῳ
1239 798 1291 868 pt·

139 887 198 938 ρειν
217 871 261 937 [eie
279 870 418 940 nsipuruJ,
441 869 488 924 otu
524 872 554 924 oi
571 863 686 939 iperet,
712 874 745 924 ed
763 873 832 924 καλὰ
855 871 1002 941 τρέψαντες
1020 870 1105 932 ἔξω.“
1129 871 1160 923 11
1164 870 1287 935 Wolfiut.

138 943 229 996 lsocus
247 942 363 995 Pindari
382 950 425 997 est
442 942 526 1013 Pyth.
546 942 599 995 111.
621 944 655 998 82
674 961 717 1012 eq.
738 943 802 1009 [lto
820 942 875 1065 sq]
911 943 971 997 Me.

208 1008 263 1064 Eet'
278 1014 405 1082 profecto
427 1017 517 1069 animi
543 1014 691 1078 medicina,
713 1011 841 1083 philosop
861 1014 923 1080 im]
968 1012 1044 1069 Gud.
1069 1027 1124 1082 pro
1149 1009 1291 1064 medicina
1380 1063 1383 1069 ,

136 1082 222 1136 habet
240 1082 533 1158 glossamaopieatia,
553 1101 742 1154 quaererem
760 1100 862 1137 rocem
881 1085 1013 1138 extrusit.
1048 1083 1092 1137 Ad
1115 1082 1289 1135 sententiam

134 1154 243 1224 optime
260 1153 363 1208 Reinh.
382 1156 515 1210 Klotzius
535 1153 660 1221 Quaestt.
681 1154 760 1207 Tull.
780 1173 809 1225 p.
831 1158 894 1210 1⁰7:
927 1155 1040 1221 ‚,Haec,
1061 1155 1110 1218 ait,
1130 1153 1218 1206 verba
1236 1152 1288 1223 qui

133 1224 350 1278 coniunxerunt
367 1244 423 1280 nec
441 1235 507 1298 post
524 1227 662 1280 medicina
681 1232 823 1280 commate
842 1227 1003 1280 orationem
1029 1225 1196 1278 distinctam
1225 1239 1288 1277 esse

132 1295 300 1361 voluerunt,
320 1313 424 1367 parum
442 1296 582 1351 videntur
598 1295 685 1350 huius
704 1298 862 1352 sententiae
881 1298 941 1349 vim
967 1297 1168 1364 rationemque
1186 1295 1289 1368 cogni·

132 1366 192 1420 tam
210 1363 359 1422 hahuisse:
380 1369 410 1422 id
429 1369 507 1422 enim
527 1365 630 1422 cicero
647 1369 832 1438 potissimum
850 1367 917 1420 vult
935 1367 1039 1422 docere
1063 1375 1150 1436 atque
1169 1365 1287 1419 efficere

132 1455 194 1490 esse
212 1438 303 1490 animi
322 1438 499 1492 medicinam
516 1455 636 1507 eamque
654 1437 881 1509 philosophiam,
906 1453 966 1491 non
983 1453 1055 1491 vero
1079 1437 1171 1490 animi
1194 1434 1286 1488 medi·

131 1510 228 1560 cinam
248 1525 308 1562 esse
324 1508 551 1580 philosophiam,
571 1509 649 1580 quod
666 1525 725 1563 non
741 1511 825 1579 prius
843 1517 957 1580 poterat
984 1507 1160 1562 contendere
1184 1524 1217 1560 ac
1236 1505 1287 1559 de-

131 1586 304 1643 monstrare,
335 1597 421 1650 quam
450 1581 599 1637 docuisset
628 1597 690 1634 esse
718 1581 849 1648 primum
871 1581 962 1633 animi
988 1577 1178 1641 medicinam
1207 1577 1287 1645 quod

131 1667 222 1718 quum
240 1650 415 1725 collegisset,
434 1649 595 1703 necessario
615 1667 676 1704 eam
695 1668 756 1704 esse
773 1649 991 1722 philosophiam
1005 1645 1195 1724 cogebatur.“
1212 1644 1283 1700 Add.

130 1719 253 1774 Heusdii
271 1720 360 1772 Initia
377 1720 545 1789 Philosoph.
565 1721 676 1774 Platon.
696 1722 721 1773 l.
740 1739 768 1790 p.
788 1723 830 1776 62
868 1723 929 1776 Mr.

142 1821 145 1825 .
202 1806 265 1855 non,
289 1796 319 1843 ut
341 1793 372 1845 iu
395 1794 520 1859 corporis
543 1791 676 1858 neorbiq]
712 1791 747 1842 In
765 1792 904 1844 omittunt
926 1792 1013 1846 Godd.
1039 1795 1114 1844 Mon.
1135 1794 1159 1846 1.
1180 1790 1285 1858 blarh.;

132 1861 318 1928 quaerendum
335 1860 422 1914 habet
439 1879 513 1914 unus
533 1862 583 1914 Ox.
601 1878 656 1932 pro
672 1863 826 1931 petendum.
863 1863 925 1918 Mr.

202 1933 378 2002 omnibusque
396 1930 495 2000 opibus
513 1932 681 1999 uiribusque,
700 1937 731 1983 ut
749 1931 799 1998 -]
837 1933 898 1996 „ln
924 1931 1054 2003 Gryphii
1080 1932 1157 1985 libro
1174 1931 1285 1986 uiribus

130 2003 216 2056 abest.
255 2002 367 2055 Eodem
385 2009 481 2056 autem
499 2000 931 2068 modolocutusestinfra‘sc.
951 2003 1093 2070 111,qu
1123 2000 1179 2054 Hie
1196 2009 1287 2056 autem

128 2074 381 2144 perturbationibus
404 2105 436 2118 —
465 2075 590 2130 omuibus
615 2074 721 2128 viribus
746 2080 828 2144 atque
850 2075 949 2144 opibus
974 2074 1187 2145 repugnandum
1212 2070 1286 2130 eet.“

131 2147 245 2199 Brutus.
1185 2143 1187 2167 '

201 2218 378 2286 omnibueque
397 2215 506 2286 opibus,
523 2216 658 2284 viribua]
696 2217 791 2282 „Non
810 2218 922 2272 ineam
941 2219 1097 2274 lectionem
1117 2215 1285 2285 conspirant

130 2288 287 2342 editiones:
308 2289 359 2340 sed
375 2288 483 2340 multae
502 2289 590 2340 etiam
607 2287 783 2356 uiribusque3
810 2290 898 2343 etiam
917 2290 1005 2344 codd.
1026 2286 1165 2342 nonnulli
1183 2285 1285 2356 opibus

130 2366 156 2411 et
173 2359 289 2412 visibus.
326 2355 399 2412 Sane
417 2357 538 2410 mallem
557 2360 682 2413 omnibus
699 2359 796 2428 opibus
814 2359 1003 2430 uiribusque.“
1023 2362 1144 2414 Gronov.
1163 2357 1237 2411 Dav.
1250 2356 1284 2410 in

128 2428 183 2482 nd.
203 2432 227 2484 2.
250 2430 380 2498 scripsit:
411 2431 590 2497 propriisque
614 2428 712 2500 opibus
734 2437 814 2500 atque
837 2430 957 2498 viribus,
985 2431 1064 2484 nihil
1080 2429 1197 2494 addens,
1224 2427 1285 2480 nisi

127 2497 219 2575 vulgo
238 2499 302 2584 legi
317 2499 497 2569 omnibusque
516 2501 622 2568 opibus,
640 2499 757 2557 viribus.
778 2501 977 2572 Wopkensius
995 2502 1015 2554 1.
1036 2519 1061 2555 c.
1081 2519 1109 2571 p.
1128 2503 1188 2554 103.
1210 2498 1283 2552 scri-

127 2570 195 2641 psit,
224 2587 321 2626 nescro
341 2570 427 2635 unde,
452 2570 628 2641 omnibusque
646 2571 744 2641 opibue
763 2579 844 2642 utque
868 2573 992 2626 viribus:
1021 2571 1142 2626 addens:
1179 2568 1282 2633 „Satis
1391 2602 1403 2620 2

127 2640 247 2697 evidens
265 2650 352 2712 atque
371 2641 540 2716 significans
559 2651 602 2696 est
620 2642 774 2712 oppositio,
794 2644 985 2698 etiamsinon
1003 2644 1084 2719 legas
1100 2639 1283 2710 propriisque
1317 2664 1319 2668 >

126 2711 233 2781 opibus,
252 2714 296 2764 uti
315 2712 490 2766 coniiciebat
508 2714 633 2788 insignis
651 2713 811 2767 Bentleius.
849 2712 929 2780 Quod
952 2722 1049 2768 autem
1074 2714 1136 2766 Jac.
1164 2710 1282 2764 Grono-

127 2783 194 2836 vius
211 2781 365 2836 horridum
384 2783 534 2853 quidpiam
555 2785 587 2836 in
604 2783 651 2836 his
672 2783 767 2838 verbis
785 2786 885 2839 videre
904 2785 959 2839 sibi
977 2789 1055 2838 visus
1074 2791 1128 2848 est,
1152 2781 1212 2834 nisi
1230 2795 1281 2834 ex·

126 2855 304 2907 tea-minetur
320 2853 492 2909 encliticum
511 2871 560 2922 que
577 2863 643 2925 post
661 2856 802 2921 omuibue3
820 2857 852 2909 in
870 2872 903 2910 eo
922 2857 1039 2926 quidem
1057 2855 1164 2908 fallere
1183 2852 1280 2922 ipsum

125 2923 204 2977 ratio
222 2925 349 2990 videtur,
376 2924 610 2995 quandoquidem
632 2925 795 2994 particulae
819 2926 1003 2998 copulativae
1028 2924 1196 2996 saepissime
1220 2923 1280 2975 dis-

126 2993 325 3055 iunctivarum
352 3011 472 3048 munere
503 2994 702 3070 funguntur.“
746 2995 790 3048 Ad
817 3015 889 3067 quae
914 2998 1044 3051 Handius
1070 2997 1090 3047 l.
1111 3012 1153 3051 c.:
1187 2992 1279 3062 „vta

107 3063 270 3117 ocima.
290 3063 325 3115 ad
342 3063 392 3116 Ac.
411 3067 438 3128 2,
457 3067 486 3128 9,
503 3067 550 3119 at.
569 3073 599 3118 et
615 3068 643 3128 2,
664 3068 706 3130 18,
725 3069 768 3122 56.
806 3068 844 3121 At
863 3084 921 3120 non
940 3070 1002 3138 ipsa
1026 3067 1123 3120 disiun
1147 3065 1214 3118 endi
1231 3065 1279 3116 vis

124 3135 203 3188 inest
220 3134 253 3186 in
270 3133 410 3186 vocabulo
430 3149 491 3203 que,
510 3151 603 3204 neque
621 3134 651 3187 id
668 3153 789 3203 usquam
808 3140 929 3206 ponitur
945 3154 1001 3207 pro
1025 3138 1083 3198 aed.
1121 3083 1280 3190 dontinuat

125 3205 205 3260 enim
229 3212 379 3274 aequatam
405 3206 577 3271 orationem,
607 3211 640 3256 ut
668 3204 709 3257 sit
722 3206 790 3260 -fere
808 3208 848 3272 id,
913 3208 949 3261 od
968 3215 993 3260 et
1011 3207 1090 3270 idem
1117 3223 1184 3261 nam
1203 3203 1280 3274 quod

123 3274 314 3348 praecedente
331 3276 487 3351 negatione
505 3283 684 3342 removetur,
702 3276 800 3343 alteri,
820 3296 859 3348 qu
915 3277 1061 3343 adiicitur,
1079 3276 1180 3330 locum
1198 3271 1278 3327 dat.“

124 3344 278 3401 Buhierius
308 3363 337 3400 se
359 3348 390 3399 in
415 3364 465 3400 sua
483 3346 537 3400 Ed.
562 3355 620 3401 vet.
644 3347 788 3417 reperisse
810 3349 853 3401 ait
870 3349 1036 3418 viribusque.
1074 3347 1278 3402 lauemannus

124 3427 185 3472 tres
204 3416 337 3491 eRegiie
355 3415 494 3472 exhibere
515 3420 607 3472 refert
630 3418 808 3488 omnibueque
831 3420 928 3488 opibus
951 3427 978 3474 et
997 3421 1112 3485 uiribus,
1140 3425 1279 3489 quartum

125 3486 261 3542 omittere
280 3503 381 3542 vocem
398 3487 516 3541 uiribus.
557 3487 675 3542 Viribue
694 3489 764 3542 eiici
781 3490 847 3544 vult
866 3490 896 3545 G.
916 3491 952 3550 D.
971 3491 1057 3549 Beck.
1070 3493 1113 3555 «in,
1125 3490 1237 3546 Comm.
1253 3487 1275 3557 Ι.

125 3560 161 3613 de
179 3558 384 3614 Glossematist
403 3577 432 3629 p.
446 3561 495 3613 ,12
533 3560 591 3615 Mr.
1308 3605 1310 3608 ι

136 3666 142 3673 -
197 3627 381 3699 Omnibusque
399 3631 495 3698 opibus
513 3638 538 3684 et
556 3630 676 3697 uiribus]
713 3631 762 3686 Sic
780 3633 851 3686 Med·
873 3640 903 3686 et
920 3633 1038 3690 Balliol.
1074 3633 1170 3708 Vulgo
1190 3631 1279 3685 omni-

125 3703 228 3771 bueque
247 3700 354 3767 opibus,
373 3700 492 3756 uiribus.
529 3701 565 3757 D.
762 3740 766 3762 2
950 3713 952 3716 ’

194 3771 369 3840 omnibusque
393 3771 492 3839 opibus
515 3772 650 3839 viribue‚]
688 3771 761 3837 „Sic
791 3771 859 3830 coa.
890 3774 960 3851 Reg.
992 3775 1048 3828 duo
1073 3776 1144 3828 Oxx.
1174 3775 1283 3846 [blarh

123 3845 200 3894 Mon.
221 3846 246 3896 l.
274 3841 348 3895 Gud.
371 3847 394 3896 l.
414 3841 516 3910 Rehd]
543 3841 636 3899 Gehh.
668 3843 742 3896 Ern.
771 3842 866 3908 [Verb.
886 3843 980 3911 Tou]
1003 3847 1078 3900 Vere
1106 3847 1218 3912 Latine,
1244 3857 1278 3902 ut

124 3915 201 3980 equis
218 3911 308 3976 oirie3
327 3911 414 3965 remia
431 3913 512 3980 velie,
532 3932 566 3967 ac
585 3915 703 3967 similia.
739 3915 1020 3970 Notandumtamen
1046 3916 1156 3970 vicibus
1182 3918 1278 3972 abesse

123 4003 140 4037 a
159 3981 276 4053 Gryph.
301 3983 424 4053 optimo:
451 4001 486 4037 ex
512 4000 611 4038 errore
634 3993 731 4038 tannen
757 3993 839 4054 puto.
876 3986 924 4040 sic
949 3995 1048 4041 tamen
1075 3988 1163 4041 etiam
1188 3989 1277 4042 Bern.

123 4055 159 4107 In
176 4071 241 4106 enar
262 4091 268 4104 .
289 4072 305 4105 a
323 4070 378 4107 sec.
399 4069 486 4106 manu
504 4052 588 4107 habet
604 4053 765 4123 uiribusque
782 4064 816 4108 ut
825 4054 896 4110 ooo.
905 4056 1005 4109 Duish.
1025 4053 1097 4111 Edd.
1110 4058 1138 4109 P.
1154 4058 1187 4111 A.
1197 4058 1228 4111 B.
1247 4055 1275 4111 S.

121 4125 158 4178 n.
178 4124 210 4178 O.
256 4127 318 4178 .M.
339 4125 371 4180 h.
397 4121 440 4190 [et
461 4131 577 4176 nostrae
596 4134 662 4179 ante
681 4125 770 4179 Gebh
791 4125 935 4192 omnes].“
954 4126 1040 4181 OrelL
1078 4128 1158 4183 Idem
1177 4137 1278 4183 contra

121 4195 278 4260 woldam,
297 4195 349 4264 qui
366 4195 480 4263 recepit
496 4193 682 4250 Davisianam
698 4196 866 4263 lectionem,
893 4214 987 4266 neque
1006 4198 1089 4255 illam
1107 4199 1277 4270 proverbia·

122 4268 181 4321 lem
198 4266 358 4319 formulam
378 4264 510 4340 agnoscit
530 4263 642 4333 [opibus
659 4267 796 4334 viribueJ,
822 4267 915 4337 qualis
934 4276 978 4322 est
995 4269 1076 4339 equis
1099 4270 1182 4336 ciria,
1208 4285 1276 4322 con-

122 4337 229 4407 tendit,
267 4354 328 4391 esse
350 4344 449 4390 umen
476 4351 539 4388 eam
562 4333 658 4389 videri
686 4335 742 4388 sibi
769 4338 1002 4407 proverbialem
1039 4356 1134 4409 neque
1148 4355 1277 4408 semper

121 4409 239 4482 agnosci
267 4408 364 4479 primo
392 4407 529 4478 adspectu
553 4403 626 4461 tales
652 4406 811 4488 formulae,
838 4407 933 4465 veluti
959 4413 1164 4523 toto-corpote
1194 4415 1283 4480 utque
