<?xml version="1.0" encoding="UTF-8"?>
<!DOCTYPE html PUBLIC "-//W3C//DTD XHTML 1.0 Transitional//EN"
    "http://www.w3.org/TR/xhtml1/DTD/xhtml1-transitional.dtd">
<html xmlns="http://www.w3.org/1999/xhtml" xml:lang="en" lang="en">
 <head>
  <title>
</title>
<meta http-equiv="Content-Type" content="text/html;charset=utf-8" />
  <meta name='ocr-system' content='tesseract 3.04.00' />
  <meta name='ocr-capabilities' content='ocr_page ocr_carea ocr_par ocr_line ocrx_word'/>
</head>
<body>
  <div class='ocr_page' id='page_1' title='image "./mtulliiciceroni00davigoog_0109.png"; bbox 0 0 2842 5070; ppageno 0'>
   <div class='ocr_carea' id='block_1_1' title="bbox 36 262 1162 409">
    <p class='ocr_par' dir='ltr' id='par_1_1' title="bbox 36 262 1162 409">
     <span class='ocr_line' id='line_1_1' title="bbox 36 262 1162 409; baseline -0.001 -27"><span class='ocrx_word' id='word_1_1' title='bbox 36 364 67 395; x_wconf 59' lang='grc'><strong>,.</strong></span> <span class='ocrx_word' id='word_1_2' title='bbox 112 262 210 383; x_wconf 83' lang='lat' dir='ltr'><strong>too</strong></span> <span class='ocrx_word' id='word_1_3' title='bbox 262 283 268 289; x_wconf 76' lang='grc'><strong>’</strong></span> <span class='ocrx_word' id='word_1_4' title='bbox 315 311 549 378; x_wconf 83' lang='lat' dir='ltr'><strong>momoms-</strong></span> <span class='ocrx_word' id='word_1_5' title='bbox 566 313 811 409; x_wconf 77' lang='lat' dir='ltr'><strong>rosoomn</strong></span> <span class='ocrx_word' id='word_1_6' title='bbox 834 315 1062 381; x_wconf 79' lang='lat' dir='ltr'><strong>mspomr.</strong></span> <span class='ocrx_word' id='word_1_7' title='bbox 1157 360 1162 367; x_wconf 54' lang='lat'><strong>.</strong></span> 
     </span>
    </p>
   </div>
   <div class='ocr_carea' id='block_1_2' title="bbox 50 469 1262 810">
    <p class='ocr_par' dir='ltr' id='par_1_2' title="bbox 50 469 1262 645">
     <span class='ocr_line' id='line_1_2' title="bbox 52 469 1262 568; baseline -0.001 -24"><span class='ocrx_word' id='word_1_8' title='bbox 52 483 91 548; x_wconf 87' lang='lat'><strong>15</strong></span> <span class='ocrx_word' id='word_1_9' title='bbox 193 483 281 568; x_wconf 81' lang='lat' dir='ltr'><strong>Ergo</strong></span> <span class='ocrx_word' id='word_1_10' title='bbox 303 480 367 540; x_wconf 88' lang='lat' dir='ltr'><strong>hoo</strong></span> <span class='ocrx_word' id='word_1_11' title='bbox 388 474 568 542; x_wconf 84' lang='lat' dir='ltr'><strong>Terentius</strong></span> <span class='ocrx_word' id='word_1_12' title='bbox 594 501 617 542; x_wconf 89' lang='lat' dir='ltr'><strong>a</strong></span> <span class='ocrx_word' id='word_1_13' title='bbox 645 469 854 563; x_wconf 66' lang='lat' dir='ltr'><strong>philosophia</strong></span> <span class='ocrx_word' id='word_1_14' title='bbox 879 491 1047 562; x_wconf 87' lang='lat' dir='ltr'><strong>sumptum</strong></span> <span class='ocrx_word' id='word_1_15' title='bbox 1069 502 1170 563; x_wconf 90' lang='lat' dir='ltr'><strong>quum</strong></span> <span class='ocrx_word' id='word_1_16' title='bbox 1193 489 1262 543; x_wconf 86' lang='lat' dir='ltr'><strong>tam</strong></span> 
     </span>
     <span class='ocr_line' id='line_1_3' title="bbox 50 561 1262 645; baseline 0 -20"><span class='ocrx_word' id='word_1_17' title='bbox 50 583 93 635; x_wconf 83' lang='lat'><strong>31.</strong></span> <span class='ocrx_word' id='word_1_18' title='bbox 115 565 286 645; x_wconf 82' lang='lat' dir='ltr'><strong>commode</strong></span> <span class='ocrx_word' id='word_1_19' title='bbox 314 561 454 639; x_wconf 77' lang='lat' dir='ltr'><strong>dixerit3</strong></span> <span class='ocrx_word' id='word_1_20' title='bbox 483 583 554 638; x_wconf 90' lang='lat' dir='ltr'><strong>nos,</strong></span> <span class='ocrx_word' id='word_1_21' title='bbox 577 583 757 643; x_wconf 90' lang='lat' dir='ltr'><strong>equorum</strong></span> <span class='ocrx_word' id='word_1_22' title='bbox 790 564 935 624; x_wconf 86' lang='lat' dir='ltr'><strong>fontibus</strong></span> <span class='ocrx_word' id='word_1_23' title='bbox 962 562 996 622; x_wconf 95' lang='lat' dir='ltr'><strong>id</strong></span> <span class='ocrx_word' id='word_1_24' title='bbox 1025 565 1179 626; x_wconf 87' lang='lat' dir='ltr'><strong>haustum</strong></span> <span class='ocrx_word' id='word_1_25' title='bbox 1202 573 1262 636; x_wconf 89' lang='lat' dir='ltr'><strong>est,</strong></span> 
     </span>
    </p>

    <p class='ocr_par' dir='ltr' id='par_1_3' title="bbox 51 637 1262 810">
     <span class='ocr_line' id='line_1_4' title="bbox 111 637 1261 707; baseline 0.001 -1"><span class='ocrx_word' id='word_1_26' title='bbox 111 664 178 707; x_wconf 90' lang='lat' dir='ltr'><strong>non</strong></span> <span class='ocrx_word' id='word_1_27' title='bbox 200 653 234 706; x_wconf 89' lang='lat' dir='ltr'><strong>et</strong></span> <span class='ocrx_word' id='word_1_28' title='bbox 256 637 404 706; x_wconf 82' lang='lat' dir='ltr'><strong>dicem&#39;us</strong></span> <span class='ocrx_word' id='word_1_29' title='bbox 426 644 489 703; x_wconf 87' lang='lat' dir='ltr'><strong>hoo</strong></span> <span class='ocrx_word' id='word_1_30' title='bbox 509 644 630 705; x_wconf 88' lang='lat' dir='ltr'><strong>melius</strong></span> <span class='ocrx_word' id='word_1_31' title='bbox 653 651 685 705; x_wconf 91' lang='lat' dir='ltr'><strong>et</strong></span> <span class='ocrx_word' id='word_1_32' title='bbox 707 646 913 706; x_wconf 85' lang='lat' dir='ltr'><strong>constantius</strong></span> <span class='ocrx_word' id='word_1_33' title='bbox 941 643 1140 707; x_wconf 76' lang='lat' dir='ltr'><strong>sentiemuet</strong></span> <span class='ocrx_word' id='word_1_34' title='bbox 1192 646 1261 707; x_wconf 86' lang='lat' dir='ltr'><strong>Hie</strong></span> 
     </span>
     <span class='ocr_line' id='line_1_5' title="bbox 51 724 1262 810; baseline 0 -20"><span class='ocrx_word' id='word_1_35' title='bbox 51 741 55 746; x_wconf 85' lang='grc'><em>’</em></span> <span class='ocrx_word' id='word_1_36' title='bbox 111 736 162 790; x_wconf 86' lang='lat' dir='ltr'><strong>est</strong></span> <span class='ocrx_word' id='word_1_37' title='bbox 180 729 268 789; x_wconf 90' lang='lat' dir='ltr'><strong>enim</strong></span> <span class='ocrx_word' id='word_1_38' title='bbox 289 729 345 791; x_wconf 88' lang='lat' dir='ltr'><strong>ille</strong></span> <span class='ocrx_word' id='word_1_39' title='bbox 365 726 485 803; x_wconf 48' lang='lat' dir='ltr'><strong>‚vultus</strong></span> <span class='ocrx_word' id='word_1_40' title='bbox 508 745 638 807; x_wconf 83' lang='lat' dir='ltr'><strong>semper</strong></span> <span class='ocrx_word' id='word_1_41' title='bbox 659 724 759 803; x_wconf 88' lang='lat' dir='ltr'><strong>idem,</strong></span> <span class='ocrx_word' id='word_1_42' title='bbox 792 747 889 807; x_wconf 85' lang='lat' dir='ltr'><strong>quem</strong></span> <span class='ocrx_word' id='word_1_43' title='bbox 917 725 1044 788; x_wconf 87' lang='lat' dir='ltr'><strong>dicitur</strong></span> <span class='ocrx_word' id='word_1_44' title='bbox 1069 726 1262 810; x_wconf 78' lang='lat' dir='ltr'>Xanthippe</span> 
     </span>
    </p>
   </div>
   <div class='ocr_carea' id='block_1_3' title="bbox 7 893 1291 4501">
    <p class='ocr_par' dir='ltr' id='par_1_4' title="bbox 109 893 1261 1035">
     <span class='ocr_line' id='line_1_6' title="bbox 110 893 1261 966; baseline 0.002 -15"><span class='ocrx_word' id='word_1_45' title='bbox 110 905 151 951; x_wconf 84' lang='lat' dir='ltr'><strong>eet</strong></span> <span class='ocrx_word' id='word_1_46' title='bbox 170 904 196 949; x_wconf 89' lang='lat' dir='ltr'><strong>et</strong></span> <span class='ocrx_word' id='word_1_47' title='bbox 213 912 321 948; x_wconf 81' lang='lat' dir='ltr'><strong>securos</strong></span> <span class='ocrx_word' id='word_1_48' title='bbox 338 895 382 948; x_wconf 78' lang='lat' dir='ltr'><strong>eui</strong></span> <span class='ocrx_word' id='word_1_49' title='bbox 406 909 555 961; x_wconf 75' lang='lat' dir='ltr'><strong>possessor,</strong></span> <span class='ocrx_word' id='word_1_50' title='bbox 587 896 631 962; x_wconf 81' lang='lat' dir='ltr'><strong>qui</strong></span> <span class='ocrx_word' id='word_1_51' title='bbox 657 895 803 948; x_wconf 80' lang='lat' dir='ltr'><strong>crastinum</strong></span> <span class='ocrx_word' id='word_1_52' title='bbox 820 893 878 948; x_wconf 82' lang='lat' dir='ltr'><strong>eine</strong></span> <span class='ocrx_word' id='word_1_53' title='bbox 901 897 1084 950; x_wconf 78' lang='lat' dir='ltr'><strong>sollicitudine</strong></span> <span class='ocrx_word' id='word_1_54' title='bbox 1111 907 1261 966; x_wconf 74' lang='lat' dir='ltr'><strong>exspectat.</strong></span> 
     </span>
     <span class='ocr_line' id='line_1_7' title="bbox 109 966 959 1035; baseline 0 -13"><span class='ocrx_word' id='word_1_55' title='bbox 109 968 237 1035; x_wconf 76' lang='lat' dir='ltr'><strong><em>Quisquis</em></strong></span> <span class='ocrx_word' id='word_1_56' title='bbox 256 967 336 1028; x_wconf 73' lang='lat' dir='ltr'><strong>dixit,</strong></span> <span class='ocrx_word' id='word_1_57' title='bbox 359 966 436 1030; x_wconf 78' lang='lat' dir='ltr'><strong>Vixi,</strong></span> <span class='ocrx_word' id='word_1_58' title='bbox 456 966 572 1032; x_wconf 81' lang='lat' dir='ltr'><strong>quotidie</strong></span> <span class='ocrx_word' id='word_1_59' title='bbox 593 968 630 1018; x_wconf 85' lang='lat' dir='ltr'><strong>od</strong></span> <span class='ocrx_word' id='word_1_60' title='bbox 646 968 744 1018; x_wconf 81' lang='lat' dir='ltr'><strong>lucrum</strong></span> <span class='ocrx_word' id='word_1_61' title='bbox 764 967 863 1030; x_wconf 81' lang='lat' dir='ltr'><strong>surgit.</strong></span> <span class='ocrx_word' id='word_1_62' title='bbox 900 969 959 1023; x_wconf 90' lang='lat' dir='ltr'><strong>Mr.</strong></span> 
     </span>
    </p>

    <p class='ocr_par' dir='ltr' id='par_1_5' title="bbox 109 1034 1262 1536">
     <span class='ocr_line' id='line_1_8' title="bbox 180 1034 1259 1104; baseline 0.002 -12"><span class='ocrx_word' id='word_1_63' title='bbox 180 1056 204 1091; x_wconf 89' lang='grc' dir='ltr'><strong>ο.</strong></span> <span class='ocrx_word' id='word_1_64' title='bbox 226 1040 267 1092; x_wconf 88' lang='lat'><strong>15.</strong></span> <span class='ocrx_word' id='word_1_65' title='bbox 300 1038 378 1100; x_wconf 83' lang='lat' dir='ltr'><strong>Ergo</strong></span> <span class='ocrx_word' id='word_1_66' title='bbox 403 1034 452 1087; x_wconf 82' lang='grc' dir='ltr'><strong><em>Ιιοο</em></strong></span> <span class='ocrx_word' id='word_1_67' title='bbox 478 1037 620 1089; x_wconf 77' lang='lat' dir='ltr'><em>Terentius</em></span> <span class='ocrx_word' id='word_1_68' title='bbox 646 1053 664 1087; x_wconf 87' lang='grc' dir='ltr'><strong><em>α</em></strong></span> <span class='ocrx_word' id='word_1_69' title='bbox 684 1037 860 1103; x_wconf 73' lang='lat' dir='ltr'><em>philosophia</em></span> <span class='ocrx_word' id='word_1_70' title='bbox 891 1044 1015 1104; x_wconf 81' lang='lat' dir='ltr'><strong>sumptum</strong></span> <span class='ocrx_word' id='word_1_71' title='bbox 1043 1044 1096 1090; x_wconf 86' lang='lat' dir='ltr'><strong>tom</strong></span> <span class='ocrx_word' id='word_1_72' title='bbox 1129 1042 1259 1095; x_wconf 79' lang='lat' dir='ltr'><strong>commode</strong></span> 
     </span>
     <span class='ocr_line' id='line_1_9' title="bbox 110 1106 1261 1181; baseline 0.002 -19"><span class='ocrx_word' id='word_1_73' title='bbox 110 1106 247 1172; x_wconf 78' lang='lat' dir='ltr'><strong>dixerit3]</strong></span> <span class='ocrx_word' id='word_1_74' title='bbox 283 1109 354 1173; x_wconf 87' lang='lat' dir='ltr'><strong>„lta</strong></span> <span class='ocrx_word' id='word_1_75' title='bbox 371 1106 509 1181; x_wconf 72' lang='lat' dir='ltr'><strong>legendus</strong></span> <span class='ocrx_word' id='word_1_76' title='bbox 533 1108 679 1161; x_wconf 83' lang='lat' dir='ltr'><strong>hic-locus</strong></span> <span class='ocrx_word' id='word_1_77' title='bbox 703 1125 738 1160; x_wconf 83' lang='lat' dir='ltr'><strong>ex</strong></span> <span class='ocrx_word' id='word_1_78' title='bbox 756 1110 960 1178; x_wconf 86' lang='lat' dir='ltr'><strong>manuscripto,</strong></span> <span class='ocrx_word' id='word_1_79' title='bbox 987 1127 1003 1160; x_wconf 93' lang='lat' dir='ltr'><strong>a</strong></span> <span class='ocrx_word' id='word_1_80' title='bbox 1022 1116 1078 1177; x_wconf 76' lang='lat' dir='ltr'><strong>quo</strong></span> <span class='ocrx_word' id='word_1_81' title='bbox 1103 1111 1179 1165; x_wconf 87' lang='lat' dir='ltr'><strong>abest</strong></span> <span class='ocrx_word' id='word_1_82' title='bbox 1198 1128 1261 1164; x_wconf 81' lang='lat' dir='ltr'><strong>cum</strong></span> 
     </span>
     <span class='ocr_line' id='line_1_10' title="bbox 109 1176 1261 1249; baseline 0.004 -19"><span class='ocrx_word' id='word_1_83' title='bbox 109 1189 175 1245; x_wconf 73' lang='lat' dir='ltr'><strong>ante</strong></span> <span class='ocrx_word' id='word_1_84' title='bbox 195 1186 261 1244; x_wconf 81' lang='lat' dir='ltr'><strong>tom,</strong></span> <span class='ocrx_word' id='word_1_85' title='bbox 281 1187 309 1231; x_wconf 89' lang='lat' dir='ltr'><strong>et</strong></span> <span class='ocrx_word' id='word_1_86' title='bbox 327 1177 439 1230; x_wconf 89' lang='lat' dir='ltr'><strong>recte.“</strong></span> <span class='ocrx_word' id='word_1_87' title='bbox 459 1176 590 1245; x_wconf 65' lang='lat' dir='ltr'><strong>Ursinus.</strong></span> <span class='ocrx_word' id='word_1_88' title='bbox 610 1179 678 1230; x_wconf 85' lang='lat' dir='ltr'><strong>Dav.</strong></span> <span class='ocrx_word' id='word_1_89' title='bbox 700 1179 731 1229; x_wconf 91' lang='lat' dir='ltr'><strong>in</strong></span> <span class='ocrx_word' id='word_1_90' title='bbox 749 1179 802 1231; x_wconf 87' lang='lat' dir='ltr'><strong>Ed.</strong></span> <span class='ocrx_word' id='word_1_91' title='bbox 823 1182 848 1233; x_wconf 80' lang='lat'><strong>2.</strong></span> <span class='ocrx_word' id='word_1_92' title='bbox 873 1180 1006 1249; x_wconf 85' lang='lat' dir='ltr'><strong>probavit</strong></span> <span class='ocrx_word' id='word_1_93' title='bbox 1022 1180 1123 1232; x_wconf 83' lang='lat' dir='ltr'>Ursini</span> <span class='ocrx_word' id='word_1_94' title='bbox 1146 1191 1261 1235; x_wconf 86' lang='lat' dir='ltr'><strong>senten-</strong></span> 
     </span>
     <span class='ocr_line' id='line_1_11' title="bbox 109 1247 1262 1317; baseline 0.004 -16"><span class='ocrx_word' id='word_1_95' title='bbox 109 1249 181 1302; x_wconf 83' lang='lat' dir='ltr'><strong>tiam</strong></span> <span class='ocrx_word' id='word_1_96' title='bbox 199 1249 358 1317; x_wconf 89' lang='lat' dir='ltr'><strong>abiecitque</strong></span> <span class='ocrx_word' id='word_1_97' title='bbox 378 1247 451 1299; x_wconf 91' lang='lat' dir='ltr'><strong>illud</strong></span> <span class='ocrx_word' id='word_1_98' title='bbox 471 1264 562 1316; x_wconf 80' lang='lat' dir='ltr'><strong>quum,</strong></span> <span class='ocrx_word' id='word_1_99' title='bbox 583 1250 658 1316; x_wconf 85' lang='lat' dir='ltr'><strong>quod</strong></span> <span class='ocrx_word' id='word_1_100' title='bbox 677 1251 707 1300; x_wconf 90' lang='lat' dir='ltr'><strong>in</strong></span> <span class='ocrx_word' id='word_1_101' title='bbox 725 1249 814 1301; x_wconf 90' lang='lat' dir='ltr'><strong>tertia</strong></span> <span class='ocrx_word' id='word_1_102' title='bbox 831 1251 968 1302; x_wconf 81' lang='lat' dir='ltr'><strong>restituit.</strong></span> <span class='ocrx_word' id='word_1_103' title='bbox 1005 1249 1092 1302; x_wconf 90' lang='lat' dir='ltr'><strong>lllam</strong></span> <span class='ocrx_word' id='word_1_104' title='bbox 1109 1260 1175 1304; x_wconf 86' lang='lat' dir='ltr'><strong>ante</strong></span> <span class='ocrx_word' id='word_1_105' title='bbox 1194 1269 1262 1306; x_wconf 88' lang='lat' dir='ltr'><strong>ocu·</strong></span> 
     </span>
     <span class='ocr_line' id='line_1_12' title="bbox 110 1320 1259 1386; baseline 0.004 -14"><span class='ocrx_word' id='word_1_106' title='bbox 110 1321 154 1372; x_wconf 93' lang='lat' dir='ltr'><strong>los</strong></span> <span class='ocrx_word' id='word_1_107' title='bbox 171 1320 271 1373; x_wconf 83' lang='lat' dir='ltr'><strong>habuit</strong></span> <span class='ocrx_word' id='word_1_108' title='bbox 289 1321 360 1373; x_wconf 84' lang='lat' dir='ltr'><strong>Ern.</strong></span> <span class='ocrx_word' id='word_1_109' title='bbox 381 1336 447 1370; x_wconf 92' lang='lat' dir='ltr'><strong>cum</strong></span> <span class='ocrx_word' id='word_1_110' title='bbox 465 1320 603 1372; x_wconf 81' lang='lat' dir='ltr'><strong>scriberet</strong></span> <span class='ocrx_word' id='word_1_111' title='bbox 621 1320 695 1372; x_wconf 89' lang='lat' dir='ltr'><strong>hanc</strong></span> <span class='ocrx_word' id='word_1_112' title='bbox 713 1321 939 1372; x_wconf 84' lang='lat' dir='ltr'><strong>annotationem:</strong></span> <span class='ocrx_word' id='word_1_113' title='bbox 958 1321 1053 1386; x_wconf 82' lang='lat' dir='ltr'><strong>„Cum</strong></span> <span class='ocrx_word' id='word_1_114' title='bbox 1073 1321 1180 1375; x_wconf 89' lang='lat' dir='ltr'><strong>delevit</strong></span> <span class='ocrx_word' id='word_1_115' title='bbox 1189 1324 1259 1377; x_wconf 89' lang='lat' dir='ltr'><strong>Dav.</strong></span> 
     </span>
     <span class='ocr_line' id='line_1_13' title="bbox 109 1389 1259 1461; baseline 0.003 -18"><span class='ocrx_word' id='word_1_116' title='bbox 109 1393 154 1443; x_wconf 85' lang='lat' dir='ltr'><strong>Ita</strong></span> <span class='ocrx_word' id='word_1_117' title='bbox 173 1392 263 1443; x_wconf 87' lang='lat' dir='ltr'><strong>oratio</strong></span> <span class='ocrx_word' id='word_1_118' title='bbox 282 1391 315 1441; x_wconf 88' lang='lat' dir='ltr'><strong>fit</strong></span> <span class='ocrx_word' id='word_1_119' title='bbox 336 1391 379 1442; x_wconf 85' lang='lat' dir='ltr'><strong>ele</strong></span> <span class='ocrx_word' id='word_1_120' title='bbox 401 1389 496 1441; x_wconf 89' lang='lat' dir='ltr'><strong>antior</strong></span> <span class='ocrx_word' id='word_1_121' title='bbox 515 1399 543 1442; x_wconf 90' lang='lat' dir='ltr'><strong>et</strong></span> <span class='ocrx_word' id='word_1_122' title='bbox 563 1389 741 1443; x_wconf 81' lang='lat' dir='ltr'><strong>efficacior.“</strong></span> <span class='ocrx_word' id='word_1_123' title='bbox 777 1391 872 1456; x_wconf 76' lang='lat' dir='ltr'><strong>„Cum</strong></span> <span class='ocrx_word' id='word_1_124' title='bbox 890 1391 914 1442; x_wconf 92' lang='lat' dir='ltr'><strong>si</strong></span> <span class='ocrx_word' id='word_1_125' title='bbox 933 1390 1073 1444; x_wconf 86' lang='lat' dir='ltr'><strong>deleveris</strong></span> <span class='ocrx_word' id='word_1_126' title='bbox 1093 1410 1160 1444; x_wconf 89' lang='lat' dir='ltr'><strong>cum</strong></span> <span class='ocrx_word' id='word_1_127' title='bbox 1178 1394 1259 1461; x_wconf 63' lang='lat' dir='ltr'><strong>Dav„</strong></span> 
     </span>
     <span class='ocr_line' id='line_1_14' title="bbox 110 1407 1261 1536; baseline 0.003 -22"><span class='ocrx_word' id='word_1_128' title='bbox 110 1461 194 1526; x_wconf 77' lang='lat' dir='ltr'><strong>dixit,</strong></span> <span class='ocrx_word' id='word_1_129' title='bbox 214 1461 245 1513; x_wconf 91' lang='lat' dir='ltr'><strong>ni</strong></span> <span class='ocrx_word' id='word_1_130' title='bbox 264 1461 360 1525; x_wconf 85' lang='lat' dir='ltr'><strong>fallor,</strong></span> <span class='ocrx_word' id='word_1_131' title='bbox 379 1407 534 1534; x_wconf 57' lang='lat' dir='ltr'><strong>frigendum</strong></span> <span class='ocrx_word' id='word_1_132' title='bbox 553 1461 641 1512; x_wconf 88' lang='lat' dir='ltr'><strong>erit.“</strong></span> <span class='ocrx_word' id='word_1_133' title='bbox 661 1461 777 1516; x_wconf 64' lang='lat' dir='ltr'><strong>*Nic-ten.</strong></span> <span class='ocrx_word' id='word_1_134' title='bbox 814 1462 921 1514; x_wconf 86' lang='lat' dir='ltr'><strong>Errare</strong></span> <span class='ocrx_word' id='word_1_135' title='bbox 945 1462 1116 1536; x_wconf 41' lang='lat' dir='ltr'><strong>Nissenium&#39;</strong></span> <span class='ocrx_word' id='word_1_136' title='bbox 1135 1476 1193 1515; x_wconf 88' lang='lat' dir='ltr'><strong>non</strong></span> <span class='ocrx_word' id='word_1_137' title='bbox 1218 1475 1261 1518; x_wconf 90' lang='lat' dir='ltr'><strong>est</strong></span> 
     </span>
    </p>

    <p class='ocr_par' dir='ltr' id='par_1_6' title="bbox 19 1531 1291 2027">
     <span class='ocr_line' id='line_1_15' title="bbox 19 1531 1259 1603; baseline 0.004 -19"><span class='ocrx_word' id='word_1_138' title='bbox 19 1545 20 1552; x_wconf 57' lang='lat'>¹</span> <span class='ocrx_word' id='word_1_139' title='bbox 110 1532 184 1603; x_wconf 88' lang='lat' dir='ltr'><strong>quod</strong></span> <span class='ocrx_word' id='word_1_140' title='bbox 209 1532 338 1584; x_wconf 86' lang='lat' dir='ltr'><strong>doceam:</strong></span> <span class='ocrx_word' id='word_1_141' title='bbox 365 1531 494 1599; x_wconf 83' lang='lat' dir='ltr'><strong>quamvis</strong></span> <span class='ocrx_word' id='word_1_142' title='bbox 522 1532 609 1584; x_wconf 90' lang='lat' dir='ltr'><strong>etiam</strong></span> <span class='ocrx_word' id='word_1_143' title='bbox 635 1531 812 1587; x_wconf 83' lang='lat' dir='ltr'><strong>FAWolfius</strong></span> <span class='ocrx_word' id='word_1_144' title='bbox 837 1533 869 1584; x_wconf 89' lang='lat' dir='ltr'><strong>in</strong></span> <span class='ocrx_word' id='word_1_145' title='bbox 893 1532 997 1584; x_wconf 87' lang='lat' dir='ltr'><strong>scholis</strong></span> <span class='ocrx_word' id='word_1_146' title='bbox 1024 1532 1115 1597; x_wconf 85' lang='lat' dir='ltr'><strong>dicat,</strong></span> <span class='ocrx_word' id='word_1_147' title='bbox 1148 1534 1259 1589; x_wconf 89' lang='lat' dir='ltr'><strong>abieoto</strong></span> 
     </span>
     <span class='ocr_line' id='line_1_16' title="bbox 109 1602 1291 1672; baseline 0.003 -17"><span class='ocrx_word' id='word_1_148' title='bbox 109 1618 189 1672; x_wconf 78' lang='lat' dir='ltr'><strong>quum</strong></span> <span class='ocrx_word' id='word_1_149' title='bbox 207 1602 294 1672; x_wconf 87' lang='lat' dir='ltr'><strong>(quod</strong></span> <span class='ocrx_word' id='word_1_150' title='bbox 316 1602 377 1670; x_wconf 88' lang='lat' dir='ltr'><strong>ipse</strong></span> <span class='ocrx_word' id='word_1_151' title='bbox 401 1611 435 1652; x_wconf 89' lang='lat' dir='ltr'><strong>ut</strong></span> <span class='ocrx_word' id='word_1_152' title='bbox 459 1619 700 1670; x_wconf 86' lang='lat' dir='ltr'><strong>supervacaneum</strong></span> <span class='ocrx_word' id='word_1_153' title='bbox 724 1602 948 1656; x_wconf 84' lang='lat' dir='ltr'><strong>additamentum</strong></span> <span class='ocrx_word' id='word_1_154' title='bbox 965 1604 1070 1656; x_wconf 90' lang='lat' dir='ltr'><strong>abiecit</strong></span> <span class='ocrx_word' id='word_1_155' title='bbox 1097 1605 1129 1655; x_wconf 89' lang='lat' dir='ltr'><strong>in</strong></span> <span class='ocrx_word' id='word_1_156' title='bbox 1147 1605 1201 1659; x_wconf 88' lang='lat' dir='ltr'><strong>Ed.</strong></span> <span class='ocrx_word' id='word_1_157' title='bbox 1223 1607 1259 1672; x_wconf 93' lang='lat' dir='ltr'><strong>l.)</strong></span> <span class='ocrx_word' id='word_1_158' title='bbox 1279 1630 1291 1646; x_wconf 79' lang='lat'><strong>-·</strong></span> 
     </span>
     <span class='ocr_line' id='line_1_17' title="bbox 108 1672 1260 1747; baseline 0.002 -21"><span class='ocrx_word' id='word_1_159' title='bbox 108 1674 270 1743; x_wconf 83' lang='lat' dir='ltr'><strong>exspectari</strong></span> <span class='ocrx_word' id='word_1_160' title='bbox 288 1673 470 1724; x_wconf 85' lang='lat' dir='ltr'><strong>usitatiorem</strong></span> <span class='ocrx_word' id='word_1_161' title='bbox 488 1673 675 1742; x_wconf 88' lang='lat' dir='ltr'><strong>scriptionem</strong></span> <span class='ocrx_word' id='word_1_162' title='bbox 695 1672 777 1725; x_wconf 72' lang='lat' dir='ltr'><strong>dixit.</strong></span> <span class='ocrx_word' id='word_1_163' title='bbox 814 1674 880 1726; x_wconf 94' lang='lat' dir='ltr'><strong>Non</strong></span> <span class='ocrx_word' id='word_1_164' title='bbox 899 1690 973 1747; x_wconf 84' lang='lat' dir='ltr'><strong>nego</strong></span> <span class='ocrx_word' id='word_1_165' title='bbox 993 1675 1053 1726; x_wconf 88' lang='lat' dir='ltr'><strong>sine</strong></span> <span class='ocrx_word' id='word_1_166' title='bbox 1073 1675 1174 1727; x_wconf 89' lang='lat' dir='ltr'><strong>damno</strong></span> <span class='ocrx_word' id='word_1_167' title='bbox 1197 1693 1260 1731; x_wconf 90' lang='lat' dir='ltr'><strong>sen-</strong></span> 
     </span>
     <span class='ocr_line' id='line_1_18' title="bbox 107 1742 1260 1816; baseline 0.004 -20"><span class='ocrx_word' id='word_1_168' title='bbox 107 1745 226 1809; x_wconf 84' lang='lat' dir='ltr'><strong>tentiae,</strong></span> <span class='ocrx_word' id='word_1_169' title='bbox 246 1744 305 1795; x_wconf 94' lang='lat' dir='ltr'><strong>imo</strong></span> <span class='ocrx_word' id='word_1_170' title='bbox 323 1743 480 1816; x_wconf 84' lang='lat' dir='ltr'><strong>eleganter,</strong></span> <span class='ocrx_word' id='word_1_171' title='bbox 509 1744 605 1796; x_wconf 81' lang='lat' dir='ltr'><strong>abfore</strong></span> <span class='ocrx_word' id='word_1_172' title='bbox 624 1759 715 1813; x_wconf 78' lang='lat' dir='ltr'><strong>quone.</strong></span> <span class='ocrx_word' id='word_1_173' title='bbox 754 1742 809 1796; x_wconf 85' lang='lat' dir='ltr'><strong>Sed</strong></span> <span class='ocrx_word' id='word_1_174' title='bbox 831 1745 959 1814; x_wconf 89' lang='lat' dir='ltr'><strong>primum</strong></span> <span class='ocrx_word' id='word_1_175' title='bbox 979 1744 1090 1797; x_wconf 86' lang='lat' dir='ltr'><strong>Codicis</strong></span> <span class='ocrx_word' id='word_1_176' title='bbox 1108 1746 1260 1802; x_wconf 85' lang='lat' dir='ltr'><strong>Ursiniani</strong></span> 
     </span>
     <span class='ocr_line' id='line_1_19' title="bbox 108 1813 1258 1883; baseline 0.002 -15"><span class='ocrx_word' id='word_1_177' title='bbox 108 1815 259 1868; x_wconf 83' lang='lat' dir='ltr'><strong>admodum</strong></span> <span class='ocrx_word' id='word_1_178' title='bbox 276 1831 363 1883; x_wconf 86' lang='lat' dir='ltr'><strong>parva</strong></span> <span class='ocrx_word' id='word_1_179' title='bbox 382 1823 424 1865; x_wconf 89' lang='lat' dir='ltr'><strong>est</strong></span> <span class='ocrx_word' id='word_1_180' title='bbox 442 1814 521 1879; x_wconf 82' lang='lat' dir='ltr'><strong>fides,</strong></span> <span class='ocrx_word' id='word_1_181' title='bbox 540 1832 633 1882; x_wconf 88' lang='lat' dir='ltr'><strong>neque</strong></span> <span class='ocrx_word' id='word_1_182' title='bbox 652 1815 743 1866; x_wconf 90' lang='lat' dir='ltr'><strong>maior</strong></span> <span class='ocrx_word' id='word_1_183' title='bbox 761 1813 873 1867; x_wconf 89' lang='lat' dir='ltr'><strong>Codicis</strong></span> <span class='ocrx_word' id='word_1_184' title='bbox 892 1815 942 1867; x_wconf 84' lang='lat' dir='ltr'><strong>Ox.</strong></span> <span class='ocrx_word' id='word_1_185' title='bbox 961 1815 995 1866; x_wconf 91' lang='lat' dir='ltr'><strong>D.</strong></span> <span class='ocrx_word' id='word_1_186' title='bbox 1017 1824 1046 1866; x_wconf 89' lang='lat' dir='ltr'><strong>et</strong></span> <span class='ocrx_word' id='word_1_187' title='bbox 1063 1817 1155 1869; x_wconf 91' lang='lat' dir='ltr'><strong>nostri</strong></span> <span class='ocrx_word' id='word_1_188' title='bbox 1170 1819 1258 1871; x_wconf 85' lang='lat' dir='ltr'><strong>Marb.</strong></span> 
     </span>
     <span class='ocr_line' id='line_1_20' title="bbox 108 1884 1260 1958; baseline 0.003 -19"><span class='ocrx_word' id='word_1_189' title='bbox 108 1894 152 1942; x_wconf 83' lang='lat' dir='ltr'><strong>ett</strong></span> <span class='ocrx_word' id='word_1_190' title='bbox 170 1886 336 1939; x_wconf 79' lang='lat' dir='ltr'><strong>auotoritas:</strong></span> <span class='ocrx_word' id='word_1_191' title='bbox 363 1884 475 1949; x_wconf 86' lang='lat' dir='ltr'><strong>deinde,</strong></span> <span class='ocrx_word' id='word_1_192' title='bbox 499 1903 565 1937; x_wconf 89' lang='lat' dir='ltr'><strong>cum</strong></span> <span class='ocrx_word' id='word_1_193' title='bbox 589 1886 626 1937; x_wconf 92' lang='lat' dir='ltr'><strong>sit</strong></span> <span class='ocrx_word' id='word_1_194' title='bbox 645 1900 728 1954; x_wconf 77' lang='lat' dir='ltr'><strong>quum</strong></span> <span class='ocrx_word' id='word_1_195' title='bbox 747 1885 777 1936; x_wconf 89' lang='lat' dir='ltr'><strong>in</strong></span> <span class='ocrx_word' id='word_1_196' title='bbox 800 1884 885 1943; x_wconf 85' lang='lat' dir='ltr'><strong>libris</strong></span> <span class='ocrx_word' id='word_1_197' title='bbox 903 1885 1020 1955; x_wconf 91' lang='lat' dir='ltr'><strong>optimis</strong></span> <span class='ocrx_word' id='word_1_198' title='bbox 1044 1895 1073 1938; x_wconf 89' lang='lat' dir='ltr'><strong>et</strong></span> <span class='ocrx_word' id='word_1_199' title='bbox 1096 1889 1260 1958; x_wconf 88' lang='lat' dir='ltr'><strong>antiquissi-</strong></span> 
     </span>
     <span class='ocr_line' id='line_1_21' title="bbox 108 1955 1258 2027; baseline 0.003 -18"><span class='ocrx_word' id='word_1_200' title='bbox 108 1957 172 2022; x_wconf 83' lang='lat' dir='ltr'><strong>mis,</strong></span> <span class='ocrx_word' id='word_1_201' title='bbox 192 1973 249 2009; x_wconf 89' lang='lat' dir='ltr'><strong>non</strong></span> <span class='ocrx_word' id='word_1_202' title='bbox 269 1956 428 2025; x_wconf 83' lang='lat' dir='ltr'><strong>quaeritur,</strong></span> <span class='ocrx_word' id='word_1_203' title='bbox 447 1973 483 2006; x_wconf 88' lang='lat' dir='ltr'><strong>an</strong></span> <span class='ocrx_word' id='word_1_204' title='bbox 501 1955 627 2009; x_wconf 87' lang='lat' dir='ltr'><strong>addenda</strong></span> <span class='ocrx_word' id='word_1_205' title='bbox 644 1957 681 2007; x_wconf 91' lang='lat' dir='ltr'><strong>sit</strong></span> <span class='ocrx_word' id='word_1_206' title='bbox 701 1973 733 2007; x_wconf 88' lang='lat' dir='ltr'><strong>ea</strong></span> <span class='ocrx_word' id='word_1_207' title='bbox 750 1972 815 2021; x_wconf 83' lang='lat' dir='ltr'><strong>vox,</strong></span> <span class='ocrx_word' id='word_1_208' title='bbox 834 1958 883 2008; x_wconf 83' lang='lat' dir='ltr'><strong>sed</strong></span> <span class='ocrx_word' id='word_1_209' title='bbox 901 1974 937 2010; x_wconf 87' lang='lat' dir='ltr'><strong>an</strong></span> <span class='ocrx_word' id='word_1_210' title='bbox 955 1956 1034 2008; x_wconf 69' lang='lat' dir='ltr'><strong>ferri⁴</strong></span> <span class='ocrx_word' id='word_1_211' title='bbox 1047 1957 1143 2027; x_wconf 82' lang='lat' dir='ltr'><strong>possit.</strong></span> <span class='ocrx_word' id='word_1_212' title='bbox 1171 1960 1258 2012; x_wconf 86' lang='lat' dir='ltr'><strong>Ferri</strong></span> 
     </span>
    </p>

    <p class='ocr_par' dir='ltr' id='par_1_7' title="bbox 7 2025 744 2098">
     <span class='ocr_line' id='line_1_22' title="bbox 7 2025 744 2098; baseline -0.008 -16"><span class='ocrx_word' id='word_1_213' title='bbox 7 2037 10 2044; x_wconf 91' lang='lat'>&#39;</span> <span class='ocrx_word' id='word_1_214' title='bbox 107 2035 202 2081; x_wconf 86' lang='lat' dir='ltr'><strong>autem</strong></span> <span class='ocrx_word' id='word_1_215' title='bbox 221 2044 300 2098; x_wconf 89' lang='lat' dir='ltr'><strong>posse</strong></span> <span class='ocrx_word' id='word_1_216' title='bbox 319 2042 402 2078; x_wconf 91' lang='lat' dir='ltr'><strong>nemo</strong></span> <span class='ocrx_word' id='word_1_217' title='bbox 422 2025 529 2078; x_wconf 85' lang='lat' dir='ltr'><strong>infitias</strong></span> <span class='ocrx_word' id='word_1_218' title='bbox 550 2027 647 2082; x_wconf 87' lang='lat' dir='ltr'><strong>iverit.</strong></span> <span class='ocrx_word' id='word_1_219' title='bbox 684 2027 744 2079; x_wconf 87' lang='lat' dir='ltr'><strong>Mr.</strong></span> 
     </span>
    </p>

    <p class='ocr_par' dir='ltr' id='par_1_8' title="bbox 17 2096 1259 2242">
     <span class='ocr_line' id='line_1_23' title="bbox 17 2096 1256 2166; baseline 0.001 -12"><span class='ocrx_word' id='word_1_220' title='bbox 17 2151 18 2154; x_wconf 76' lang='grc'><strong><em>,</em></strong></span> <span class='ocrx_word' id='word_1_221' title='bbox 104 2123 148 2153; x_wconf 74' lang='lat' dir='ltr'><strong>·-z</strong></span> <span class='ocrx_word' id='word_1_222' title='bbox 179 2100 260 2166; x_wconf 84' lang='lat' dir='ltr'><strong>Ergo</strong></span> <span class='ocrx_word' id='word_1_223' title='bbox 278 2096 328 2149; x_wconf 78' lang='lat' dir='ltr'><strong>doc</strong></span> <span class='ocrx_word' id='word_1_224' title='bbox 349 2096 496 2150; x_wconf 77' lang='lat' dir='ltr'><strong>Terentius</strong></span> <span class='ocrx_word' id='word_1_225' title='bbox 516 2127 547 2138; x_wconf 89' lang='lat'>-</span> <span class='ocrx_word' id='word_1_226' title='bbox 567 2113 650 2166; x_wconf 80' lang='lat' dir='ltr'><strong>quum</strong></span> <span class='ocrx_word' id='word_1_227' title='bbox 669 2103 727 2148; x_wconf 86' lang='lat' dir='ltr'><strong>tam</strong></span> <span class='ocrx_word' id='word_1_228' title='bbox 745 2098 884 2149; x_wconf 85' lang='lat' dir='ltr'><strong>commode</strong></span> <span class='ocrx_word' id='word_1_229' title='bbox 902 2096 1040 2163; x_wconf 56' lang='lat' dir='ltr'><strong>dixerim]</strong></span> <span class='ocrx_word' id='word_1_230' title='bbox 1060 2098 1125 2151; x_wconf 80' lang='lat' dir='ltr'><strong>(lod.</strong></span> <span class='ocrx_word' id='word_1_231' title='bbox 1145 2099 1256 2156; x_wconf 85' lang='lat' dir='ltr'><strong>Gud.-l.</strong></span> 
     </span>
     <span class='ocr_line' id='line_1_24' title="bbox 107 2165 1259 2242; baseline 0.003 -22"><span class='ocrx_word' id='word_1_232' title='bbox 107 2185 185 2240; x_wconf 85' lang='lat' dir='ltr'><strong>apr.</strong></span> <span class='ocrx_word' id='word_1_233' title='bbox 205 2188 246 2220; x_wconf 62' lang='lat' dir='ltr'><strong>mr</strong></span> <span class='ocrx_word' id='word_1_234' title='bbox 262 2167 339 2231; x_wconf 81' lang='lat' dir='ltr'><strong>llaec,</strong></span> <span class='ocrx_word' id='word_1_235' title='bbox 358 2184 374 2218; x_wconf 86' lang='lat' dir='ltr'><strong>a</strong></span> <span class='ocrx_word' id='word_1_236' title='bbox 392 2183 447 2217; x_wconf 89' lang='lat' dir='ltr'><strong>sec.</strong></span> <span class='ocrx_word' id='word_1_237' title='bbox 466 2165 524 2218; x_wconf 85' lang='grc' dir='ltr'><strong><em>Ῐιοο.</em></strong></span> <span class='ocrx_word' id='word_1_238' title='bbox 545 2168 618 2219; x_wconf 89' lang='lat' dir='ltr'><strong>Gud.</strong></span> <span class='ocrx_word' id='word_1_239' title='bbox 636 2171 661 2221; x_wconf 83' lang='grc'><strong>’1.</strong></span> <span class='ocrx_word' id='word_1_240' title='bbox 681 2167 792 2219; x_wconf 89' lang='lat' dir='ltr'><strong>omittit</strong></span> <span class='ocrx_word' id='word_1_241' title='bbox 810 2165 867 2219; x_wconf 77' lang='lat' dir='ltr'><strong>hoc.</strong></span> <span class='ocrx_word' id='word_1_242' title='bbox 888 2168 960 2242; x_wconf 79' lang='lat' dir='ltr'><strong>Aug.</strong></span> <span class='ocrx_word' id='word_1_243' title='bbox 980 2168 1067 2220; x_wconf 88' lang='lat' dir='ltr'><strong>habet</strong></span> <span class='ocrx_word' id='word_1_244' title='bbox 1084 2167 1158 2222; x_wconf 75' lang='lat' dir='ltr'><strong>lare.</strong></span> <span class='ocrx_word' id='word_1_245' title='bbox 1195 2171 1259 2226; x_wconf 90' lang='lat' dir='ltr'><strong>Duo</strong></span> 
     </span>
    </p>

    <p class='ocr_par' dir='ltr' id='par_1_9' title="bbox 68 2235 1260 2874">
     <span class='ocr_line' id='line_1_25' title="bbox 68 2235 1256 2327; baseline 0.001 -33"><span class='ocrx_word' id='word_1_246' title='bbox 68 2288 70 2294; x_wconf 38' lang='lat'><em>2</em></span> <span class='ocrx_word' id='word_1_247' title='bbox 108 2239 178 2293; x_wconf 77' lang='lat' dir='ltr'><strong>Oxx.</strong></span> <span class='ocrx_word' id='word_1_248' title='bbox 198 2240 236 2293; x_wconf 81' lang='lat' dir='ltr'><strong>in</strong></span> <span class='ocrx_word' id='word_1_249' title='bbox 251 2236 436 2306; x_wconf 72' lang='lat' dir='ltr'><strong>philosophia.</strong></span> <span class='ocrx_word' id='word_1_250' title='bbox 475 2236 569 2289; x_wconf 90' lang='lat' dir='ltr'><strong>Scribi</strong></span> <span class='ocrx_word' id='word_1_251' title='bbox 589 2239 621 2290; x_wconf 86' lang='lat' dir='ltr'><strong>ab</strong></span> <span class='ocrx_word' id='word_1_252' title='bbox 640 2238 705 2289; x_wconf 83' lang='lat' dir='ltr'><strong>aliis</strong></span> <span class='ocrx_word' id='word_1_253' title='bbox 724 2235 931 2305; x_wconf 75' lang='lat' dir='ltr'><strong>epitilosopluia</strong></span> <span class='ocrx_word' id='word_1_254' title='bbox 952 2239 1078 2323; x_wconf 62' lang='lat' dir='ltr'><strong>legimns</strong></span> <span class='ocrx_word' id='word_1_255' title='bbox 1106 2239 1138 2291; x_wconf 91' lang='lat' dir='ltr'><strong>in</strong></span> <span class='ocrx_word' id='word_1_256' title='bbox 1164 2258 1256 2327; x_wconf 70' lang='lat' dir='ltr'><strong>marg.</strong></span> 
     </span>
     <span class='ocr_line' id='line_1_26' title="bbox 106 2307 1259 2366; baseline 0.004 -6"><span class='ocrx_word' id='word_1_257' title='bbox 106 2309 178 2361; x_wconf 81' lang='lat' dir='ltr'><strong>Edd.</strong></span> <span class='ocrx_word' id='word_1_258' title='bbox 199 2309 313 2362; x_wconf 87' lang='lat' dir='ltr'><strong>Lambb.</strong></span> <span class='ocrx_word' id='word_1_259' title='bbox 335 2307 420 2359; x_wconf 86' lang='lat' dir='ltr'><strong>Goth.</strong></span> <span class='ocrx_word' id='word_1_260' title='bbox 440 2308 525 2358; x_wconf 85' lang='lat' dir='ltr'><strong>Verb.</strong></span> <span class='ocrx_word' id='word_1_261' title='bbox 563 2308 633 2359; x_wconf 85' lang='lat' dir='ltr'><strong>Eius</strong></span> <span class='ocrx_word' id='word_1_262' title='bbox 652 2317 747 2360; x_wconf 87' lang='lat' dir='ltr'><strong>autem</strong></span> <span class='ocrx_word' id='word_1_263' title='bbox 766 2324 815 2360; x_wconf 91' lang='lat' dir='ltr'><strong>nos</strong></span> <span class='ocrx_word' id='word_1_264' title='bbox 835 2308 966 2360; x_wconf 90' lang='lat' dir='ltr'><strong>lectionis</strong></span> <span class='ocrx_word' id='word_1_265' title='bbox 992 2328 1024 2361; x_wconf 77' lang='lat' dir='ltr'><strong>in</strong></span> <span class='ocrx_word' id='word_1_266' title='bbox 1047 2311 1151 2362; x_wconf 88' lang='lat' dir='ltr'><strong>nostris</strong></span> <span class='ocrx_word' id='word_1_267' title='bbox 1175 2312 1259 2366; x_wconf 80' lang='lat' dir='ltr'><strong>libris</strong></span> 
     </span>
     <span class='ocr_line' id='line_1_27' title="bbox 107 2377 1260 2499; baseline 0.005 -69"><span class='ocrx_word' id='word_1_268' title='bbox 107 2381 222 2432; x_wconf 88' lang='lat' dir='ltr'><strong>nullum</strong></span> <span class='ocrx_word' id='word_1_269' title='bbox 239 2378 400 2452; x_wconf 82' lang='lat' dir='ltr'><strong>reperimus</strong></span> <span class='ocrx_word' id='word_1_270' title='bbox 417 2378 581 2499; x_wconf 67' lang='lat' dir='ltr'><strong>vestipium.</strong></span> <span class='ocrx_word' id='word_1_271' title='bbox 602 2379 668 2432; x_wconf 90' lang='lat' dir='ltr'><strong>Cod.</strong></span> <span class='ocrx_word' id='word_1_272' title='bbox 691 2377 764 2430; x_wconf 89' lang='lat' dir='ltr'><strong>Gud.</strong></span> <span class='ocrx_word' id='word_1_273' title='bbox 784 2378 869 2430; x_wconf 89' lang='lat' dir='ltr'><strong>habet</strong></span> <span class='ocrx_word' id='word_1_274' title='bbox 893 2381 1106 2449; x_wconf 53' lang='lat' dir='ltr'><strong>commodum..</strong></span> <span class='ocrx_word' id='word_1_275' title='bbox 1127 2381 1207 2448; x_wconf 85' lang='lat' dir='ltr'><strong>Quod</strong></span> <span class='ocrx_word' id='word_1_276' title='bbox 1225 2385 1260 2437; x_wconf 91' lang='lat' dir='ltr'><strong>ad</strong></span> 
     </span>
     <span class='ocr_line' id='line_1_28' title="bbox 108 2448 1257 2512; baseline 0.003 -10"><span class='ocrx_word' id='word_1_277' title='bbox 108 2452 352 2506; x_wconf 85' lang='lat' dir='ltr'><strong>constructionem</strong></span> <span class='ocrx_word' id='word_1_278' title='bbox 371 2448 490 2501; x_wconf 84' lang='lat' dir='ltr'><strong>oonsimi</strong></span> <span class='ocrx_word' id='word_1_279' title='bbox 504 2455 532 2502; x_wconf 83' lang='lat' dir='ltr'><strong>e&#39;s</strong></span> <span class='ocrx_word' id='word_1_280' title='bbox 551 2457 647 2501; x_wconf 89' lang='lat' dir='ltr'><strong>nostro</strong></span> <span class='ocrx_word' id='word_1_281' title='bbox 666 2449 729 2500; x_wconf 91' lang='lat' dir='ltr'><strong>loco</strong></span> <span class='ocrx_word' id='word_1_282' title='bbox 747 2449 842 2502; x_wconf 86' lang='lat' dir='ltr'><strong>laudat</strong></span> <span class='ocrx_word' id='word_1_283' title='bbox 860 2450 936 2502; x_wconf 93' lang='lat' dir='ltr'><strong>locos</strong></span> <span class='ocrx_word' id='word_1_284' title='bbox 956 2451 1133 2512; x_wconf 83' lang='lat' dir='ltr'><strong>Goerenzius</strong></span> <span class='ocrx_word' id='word_1_285' title='bbox 1153 2453 1187 2504; x_wconf 91' lang='lat' dir='ltr'><strong>ad</strong></span> <span class='ocrx_word' id='word_1_286' title='bbox 1197 2453 1257 2511; x_wconf 80' lang='lat' dir='ltr'><strong>Cic.</strong></span> 
     </span>
     <span class='ocr_line' id='line_1_29' title="bbox 107 2517 1259 2589; baseline 0.003 -17"><span class='ocrx_word' id='word_1_287' title='bbox 107 2519 246 2575; x_wconf 80' lang='lat' dir='ltr'><strong>deFinm</strong></span> <span class='ocrx_word' id='word_1_288' title='bbox 266 2522 367 2577; x_wconf 80' lang='lat'><strong>11..33.</strong></span> <span class='ocrx_word' id='word_1_289' title='bbox 393 2522 452 2575; x_wconf 88' lang='lat'><strong>110.</strong></span> <span class='ocrx_word' id='word_1_290' title='bbox 480 2538 508 2589; x_wconf 91' lang='grc' dir='ltr'><strong>Ρ.</strong></span> <span class='ocrx_word' id='word_1_291' title='bbox 529 2523 590 2584; x_wconf 78' lang='lat'><strong>286,</strong></span> <span class='ocrx_word' id='word_1_292' title='bbox 619 2519 694 2572; x_wconf 88' lang='lat' dir='ltr'><strong>unde</strong></span> <span class='ocrx_word' id='word_1_293' title='bbox 718 2519 804 2572; x_wconf 87' lang='lat' dir='ltr'><strong>facile</strong></span> <span class='ocrx_word' id='word_1_294' title='bbox 830 2517 976 2573; x_wconf 84' lang='lat' dir='ltr'><strong>existimes</strong></span> <span class='ocrx_word' id='word_1_295' title='bbox 996 2522 1100 2572; x_wconf 69' lang='lat' dir='ltr'><strong>‘virum</strong></span> <span class='ocrx_word' id='word_1_296' title='bbox 1129 2523 1259 2576; x_wconf 88' lang='lat' dir='ltr'><strong>doctissi-</strong></span> 
     </span>
     <span class='ocr_line' id='line_1_30' title="bbox 106 2589 1258 2666; baseline 0.003 -22"><span class='ocrx_word' id='word_1_297' title='bbox 106 2596 188 2646; x_wconf 86' lang='lat' dir='ltr'><strong>mum</strong></span> <span class='ocrx_word' id='word_1_298' title='bbox 213 2592 305 2644; x_wconf 84' lang='lat' dir='ltr'><strong>abesse</strong></span> <span class='ocrx_word' id='word_1_299' title='bbox 331 2589 409 2643; x_wconf 88' lang='lat' dir='ltr'><strong>velle</strong></span> <span class='ocrx_word' id='word_1_300' title='bbox 436 2589 511 2642; x_wconf 92' lang='lat' dir='ltr'><strong>illud</strong></span> <span class='ocrx_word' id='word_1_301' title='bbox 534 2606 624 2660; x_wconf 74' lang='lat' dir='ltr'><strong>quum,</strong></span> <span class='ocrx_word' id='word_1_302' title='bbox 653 2591 710 2641; x_wconf 87' lang='lat' dir='ltr'><strong>iam</strong></span> <span class='ocrx_word' id='word_1_303' title='bbox 734 2589 767 2640; x_wconf 93' lang='lat' dir='ltr'><strong>ab</strong></span> <span class='ocrx_word' id='word_1_304' title='bbox 785 2591 891 2644; x_wconf 90' lang='lat' dir='ltr'><strong>Ursino</strong></span> <span class='ocrx_word' id='word_1_305' title='bbox 914 2592 1117 2660; x_wconf 87' lang='lat' dir='ltr'><strong>proscriptum.</strong></span> <span class='ocrx_word' id='word_1_306' title='bbox 1155 2595 1258 2666; x_wconf 77' lang='lat' dir='ltr'><strong>Neque</strong></span> 
     </span>
     <span class='ocr_line' id='line_1_31' title="bbox 108 2659 1258 2739; baseline 0.003 -25"><span class='ocrx_word' id='word_1_307' title='bbox 108 2668 175 2739; x_wconf 75' lang='lat' dir='ltr'><strong>ego‚&#39;</strong></span> <span class='ocrx_word' id='word_1_308' title='bbox 190 2671 224 2718; x_wconf 88' lang='lat' dir='ltr'><strong>ut</strong></span> <span class='ocrx_word' id='word_1_309' title='bbox 242 2662 311 2729; x_wconf 78' lang='lat' dir='ltr'><strong>dixi,</strong></span> <span class='ocrx_word' id='word_1_310' title='bbox 331 2661 358 2712; x_wconf 93' lang='lat' dir='ltr'><strong>ei</strong></span> <span class='ocrx_word' id='word_1_311' title='bbox 378 2661 419 2712; x_wconf 85' lang='lat' dir='ltr'><strong>ita</strong></span> <span class='ocrx_word' id='word_1_312' title='bbox 435 2661 611 2730; x_wconf 88' lang='lat' dir='ltr'><strong>patrocinor,</strong></span> <span class='ocrx_word' id='word_1_313' title='bbox 630 2668 664 2712; x_wconf 90' lang='lat' dir='ltr'><strong>ut</strong></span> <span class='ocrx_word' id='word_1_314' title='bbox 681 2659 773 2712; x_wconf 89' lang='lat' dir='ltr'><strong>abesse</strong></span> <span class='ocrx_word' id='word_1_315' title='bbox 792 2677 849 2713; x_wconf 92' lang='lat' dir='ltr'><strong>non</strong></span> <span class='ocrx_word' id='word_1_316' title='bbox 867 2677 947 2730; x_wconf 87' lang='lat' dir='ltr'><strong>posse</strong></span> <span class='ocrx_word' id='word_1_317' title='bbox 971 2662 1155 2716; x_wconf 81' lang='lat' dir='ltr'><strong>contendam:</strong></span> <span class='ocrx_word' id='word_1_318' title='bbox 1183 2666 1258 2718; x_wconf 82' lang='lat' dir='ltr'><strong>ferri</strong></span> 
     </span>
     <span class='ocr_line' id='line_1_32' title="bbox 106 2731 1259 2806; baseline 0.003 -20"><span class='ocrx_word' id='word_1_319' title='bbox 106 2739 188 2802; x_wconf 83' lang='lat' dir='ltr'><strong>posse</strong></span> <span class='ocrx_word' id='word_1_320' title='bbox 207 2732 280 2786; x_wconf 87' lang='lat' dir='ltr'><strong>dico.</strong></span> <span class='ocrx_word' id='word_1_321' title='bbox 318 2733 353 2794; x_wconf 81' lang='lat' dir='ltr'><strong>ln</strong></span> <span class='ocrx_word' id='word_1_322' title='bbox 377 2731 451 2784; x_wconf 91' lang='lat' dir='ltr'><strong>Gud.</strong></span> <span class='ocrx_word' id='word_1_323' title='bbox 473 2735 498 2787; x_wconf 85' lang='grc'><strong>1.</strong></span> <span class='ocrx_word' id='word_1_324' title='bbox 527 2739 569 2784; x_wconf 93' lang='lat' dir='ltr'><strong>est</strong></span> <span class='ocrx_word' id='word_1_325' title='bbox 592 2736 726 2784; x_wconf 77' lang='lat' dir='ltr'><strong>comtum</strong></span> <span class='ocrx_word' id='word_1_326' title='bbox 749 2749 767 2782; x_wconf 89' lang='lat' dir='ltr'><strong>a</strong></span> <span class='ocrx_word' id='word_1_327' title='bbox 789 2734 813 2789; x_wconf 85' lang='lat' dir='ltr'><strong>l·</strong></span> <span class='ocrx_word' id='word_1_328' title='bbox 839 2749 877 2784; x_wconf 85' lang='lat' dir='ltr'><strong>m.</strong></span> <span class='ocrx_word' id='word_1_329' title='bbox 907 2732 963 2786; x_wconf 83' lang='lat' dir='ltr'><strong>Sed</strong></span> <span class='ocrx_word' id='word_1_330' title='bbox 984 2733 1089 2785; x_wconf 88' lang='lat' dir='ltr'><strong>literae</strong></span> <span class='ocrx_word' id='word_1_331' title='bbox 1115 2750 1132 2786; x_wconf 94' lang='grc' dir='ltr'><strong><em>ο</em></strong></span> <span class='ocrx_word' id='word_1_332' title='bbox 1160 2752 1259 2806; x_wconf 88' lang='lat' dir='ltr'><strong>super-</strong></span> 
     </span>
     <span class='ocr_line' id='line_1_33' title="bbox 107 2800 1050 2874; baseline -0.007 -19"><span class='ocrx_word' id='word_1_333' title='bbox 107 2805 249 2874; x_wconf 85' lang='lat' dir='ltr'><strong>scriptum</strong></span> <span class='ocrx_word' id='word_1_334' title='bbox 267 2811 309 2856; x_wconf 91' lang='lat' dir='ltr'><strong>est</strong></span> <span class='ocrx_word' id='word_1_335' title='bbox 326 2817 364 2856; x_wconf 86' lang='grc' dir='ltr'><strong>ιι..</strong></span> <span class='ocrx_word' id='word_1_336' title='bbox 390 2803 450 2855; x_wconf 84' lang='grc' dir='ltr'><strong>Μν.</strong></span> <span class='ocrx_word' id='word_1_337' title='bbox 575 2800 578 2804; x_wconf 63' lang='grc'><strong>’</strong></span> <span class='ocrx_word' id='word_1_338' title='bbox 802 2846 804 2850; x_wconf 25' lang='lat'><strong><em>⁴</em></strong></span> <span class='ocrx_word' id='word_1_339' title='bbox 1044 2861 1050 2867; x_wconf 17' lang='lat'>⁸</span> 
     </span>
    </p>

    <p class='ocr_par' dir='ltr' id='par_1_10' title="bbox 102 2870 1265 4202">
     <span class='ocr_line' id='line_1_34' title="bbox 180 2870 1259 2944; baseline 0.004 -18"><span class='ocrx_word' id='word_1_340' title='bbox 180 2891 240 2940; x_wconf 82' lang='lat' dir='ltr'><strong>nos,</strong></span> <span class='ocrx_word' id='word_1_341' title='bbox 260 2891 274 2926; x_wconf 84' lang='lat' dir='ltr'><strong>e</strong></span> <span class='ocrx_word' id='word_1_342' title='bbox 293 2890 407 2944; x_wconf 84' lang='lat' dir='ltr'><strong>quorum</strong></span> <span class='ocrx_word' id='word_1_343' title='bbox 424 2871 554 2943; x_wconf 72' lang='lat' dir='ltr'><strong>fontibus</strong></span> <span class='ocrx_word' id='word_1_344' title='bbox 571 2871 604 2925; x_wconf 79' lang='lat' dir='ltr'><strong>id</strong></span> <span class='ocrx_word' id='word_1_345' title='bbox 622 2870 747 2926; x_wconf 73' lang='lat' dir='ltr'><strong>tanetum</strong></span> <span class='ocrx_word' id='word_1_346' title='bbox 774 2880 825 2940; x_wconf 84' lang='lat' dir='ltr'><strong>eet,</strong></span> <span class='ocrx_word' id='word_1_347' title='bbox 854 2891 907 2927; x_wconf 84' lang='lat' dir='ltr'><strong>non</strong></span> <span class='ocrx_word' id='word_1_348' title='bbox 926 2904 959 2916; x_wconf 87' lang='grc'>-</span> <span class='ocrx_word' id='word_1_349' title='bbox 978 2872 1142 2942; x_wconf 72' lang='lat' dir='ltr'><strong>sentiemus]</strong></span> <span class='ocrx_word' id='word_1_350' title='bbox 1177 2877 1259 2930; x_wconf 89' lang='lat' dir='ltr'><strong>Unus</strong></span> 
     </span>
     <span class='ocr_line' id='line_1_35' title="bbox 109 2943 1259 3012; baseline 0.001 -13"><span class='ocrx_word' id='word_1_351' title='bbox 109 2946 159 2999; x_wconf 70' lang='lat' dir='ltr'><strong>Oin</strong></span> <span class='ocrx_word' id='word_1_352' title='bbox 181 2961 232 2998; x_wconf 79' lang='lat' dir='ltr'><strong>nos</strong></span> <span class='ocrx_word' id='word_1_353' title='bbox 250 2945 289 2997; x_wconf 75' lang='lat' dir='ltr'><strong>td</strong></span> <span class='ocrx_word' id='word_1_354' title='bbox 306 2961 328 2996; x_wconf 89' lang='lat' dir='ltr'><strong>e.</strong></span> <span class='ocrx_word' id='word_1_355' title='bbox 349 2944 422 2997; x_wconf 88' lang='lat' dir='ltr'><strong>Gud.</strong></span> <span class='ocrx_word' id='word_1_356' title='bbox 443 2956 694 3012; x_wconf 74' lang='lat' dir='ltr'><strong>nossequornm.</strong></span> <span class='ocrx_word' id='word_1_357' title='bbox 730 2943 819 2996; x_wconf 90' lang='lat' dir='ltr'><strong>Bouh.</strong></span> <span class='ocrx_word' id='word_1_358' title='bbox 846 2962 881 2996; x_wconf 85' lang='lat' dir='ltr'><strong>ex</strong></span> <span class='ocrx_word' id='word_1_359' title='bbox 905 2962 953 2997; x_wconf 87' lang='lat' dir='ltr'><strong>sua</strong></span> <span class='ocrx_word' id='word_1_360' title='bbox 970 2945 1023 2996; x_wconf 81' lang='lat' dir='ltr'><strong>Ed.</strong></span> <span class='ocrx_word' id='word_1_361' title='bbox 1043 2953 1102 2997; x_wconf 81' lang='lat' dir='ltr'><strong>ret.</strong></span> <span class='ocrx_word' id='word_1_362' title='bbox 1132 2949 1259 3000; x_wconf 83' lang='lat' dir='ltr'><strong>enotavit</strong></span> 
     </span>
     <span class='ocr_line' id='line_1_36' title="bbox 107 3014 1257 3086; baseline 0.002 -18"><span class='ocrx_word' id='word_1_363' title='bbox 107 3032 202 3068; x_wconf 80' lang='lat' dir='ltr'><strong>nosne</strong></span> <span class='ocrx_word' id='word_1_364' title='bbox 227 3033 242 3068; x_wconf 84' lang='lat' dir='ltr'><strong>e</strong></span> <span class='ocrx_word' id='word_1_365' title='bbox 266 3032 381 3084; x_wconf 82' lang='lat' dir='ltr'><strong>quorum</strong></span> <span class='ocrx_word' id='word_1_366' title='bbox 406 3023 435 3067; x_wconf 90' lang='lat' dir='ltr'><strong>et</strong></span> <span class='ocrx_word' id='word_1_367' title='bbox 458 3014 557 3084; x_wconf 88' lang='lat' dir='ltr'><strong>paullo</strong></span> <span class='ocrx_word' id='word_1_368' title='bbox 582 3014 704 3066; x_wconf 87' lang='lat' dir='ltr'><strong>inferius</strong></span> <span class='ocrx_word' id='word_1_369' title='bbox 728 3021 755 3067; x_wconf 86' lang='lat' dir='ltr'><strong>et</strong></span> <span class='ocrx_word' id='word_1_370' title='bbox 782 3015 934 3068; x_wconf 81' lang='lat' dir='ltr'><strong>sentiemus</strong></span> <span class='ocrx_word' id='word_1_371' title='bbox 963 3017 1154 3079; x_wconf 79' lang='lat' dir='ltr'><strong>constantine?</strong></span> <span class='ocrx_word' id='word_1_372' title='bbox 1189 3018 1257 3086; x_wconf 84' lang='lat' dir='ltr'><strong>Cod.</strong></span> 
     </span>
     <span class='ocr_line' id='line_1_37' title="bbox 108 3085 1256 3159; baseline 0 -19"><span class='ocrx_word' id='word_1_373' title='bbox 108 3086 182 3140; x_wconf 87' lang='lat' dir='ltr'><strong>Gud.</strong></span> <span class='ocrx_word' id='word_1_374' title='bbox 201 3089 228 3159; x_wconf 78' lang='lat'><strong>2.</strong></span> <span class='ocrx_word' id='word_1_375' title='bbox 249 3103 299 3141; x_wconf 83' lang='lat' dir='ltr'><strong>nos</strong></span> <span class='ocrx_word' id='word_1_376' title='bbox 319 3104 333 3139; x_wconf 85' lang='lat' dir='ltr'><strong>e</strong></span> <span class='ocrx_word' id='word_1_377' title='bbox 351 3088 519 3154; x_wconf 77' lang='lat' dir='ltr'><strong>graecorum</strong></span> <span class='ocrx_word' id='word_1_378' title='bbox 536 3085 660 3150; x_wconf 74' lang='lat' dir='ltr'><strong>fontibus</strong></span> <span class='ocrx_word' id='word_1_379' title='bbox 679 3092 729 3150; x_wconf 84' lang='lat' dir='ltr'><strong>eet,</strong></span> <span class='ocrx_word' id='word_1_380' title='bbox 747 3102 801 3138; x_wconf 85' lang='lat' dir='ltr'><strong>non</strong></span> <span class='ocrx_word' id='word_1_381' title='bbox 821 3093 847 3138; x_wconf 84' lang='lat' dir='ltr'><strong>et</strong></span> <span class='ocrx_word' id='word_1_382' title='bbox 865 3086 989 3138; x_wconf 76' lang='lat' dir='ltr'><strong>dicemus</strong></span> <span class='ocrx_word' id='word_1_383' title='bbox 1006 3086 1115 3140; x_wconf 81' lang='lat' dir='ltr'><strong>melios.</strong></span> <span class='ocrx_word' id='word_1_384' title='bbox 1135 3090 1210 3143; x_wconf 83' lang='lat' dir='ltr'><strong>Mon.</strong></span> <span class='ocrx_word' id='word_1_385' title='bbox 1231 3091 1256 3143; x_wconf 77' lang='lat'><strong>2.</strong></span> 
     </span>
     <span class='ocr_line' id='line_1_38' title="bbox 107 3155 1259 3224; baseline 0 -12"><span class='ocrx_word' id='word_1_386' title='bbox 107 3174 206 3220; x_wconf 78' lang='lat' dir='ltr'><strong>nonne</strong></span> <span class='ocrx_word' id='word_1_387' title='bbox 224 3166 249 3214; x_wconf 86' lang='lat' dir='ltr'><strong>et</strong></span> <span class='ocrx_word' id='word_1_388' title='bbox 268 3175 334 3211; x_wconf 87' lang='lat' dir='ltr'><strong>cum</strong></span> <span class='ocrx_word' id='word_1_389' title='bbox 353 3157 458 3209; x_wconf 88' lang='lat' dir='ltr'><strong>duobus</strong></span> <span class='ocrx_word' id='word_1_390' title='bbox 471 3155 556 3220; x_wconf 84' lang='lat' dir='ltr'><strong>Oxx.;</strong></span> <span class='ocrx_word' id='word_1_391' title='bbox 577 3155 651 3208; x_wconf 88' lang='lat' dir='ltr'><strong>Gud.</strong></span> <span class='ocrx_word' id='word_1_392' title='bbox 668 3171 722 3208; x_wconf 82' lang='lat' dir='ltr'><strong>non</strong></span> <span class='ocrx_word' id='word_1_393' title='bbox 741 3156 789 3208; x_wconf 80' lang='lat' dir='ltr'><strong>eti</strong></span> <span class='ocrx_word' id='word_1_394' title='bbox 795 3172 846 3222; x_wconf 13' lang='lat' dir='ltr'><strong>anm</strong></span> <span class='ocrx_word' id='word_1_395' title='bbox 863 3157 992 3208; x_wconf 77' lang='lat' dir='ltr'><strong>dicemus.</strong></span> <span class='ocrx_word' id='word_1_396' title='bbox 1012 3157 1108 3209; x_wconf 70' lang='lat' dir='ltr'><strong>Duisn</strong></span> <span class='ocrx_word' id='word_1_397' title='bbox 1120 3158 1259 3224; x_wconf 79' lang='lat' dir='ltr'><strong>nondice-</strong></span> 
     </span>
     <span class='ocr_line' id='line_1_39' title="bbox 107 3226 1258 3300; baseline 0 -18"><span class='ocrx_word' id='word_1_398' title='bbox 107 3244 175 3282; x_wconf 74' lang='grc' dir='ltr'><strong>πται.</strong></span> <span class='ocrx_word' id='word_1_399' title='bbox 204 3229 290 3293; x_wconf 81' lang='lat' dir='ltr'><strong>Verb,</strong></span> <span class='ocrx_word' id='word_1_400' title='bbox 310 3229 404 3278; x_wconf 81' lang='lat' dir='ltr'><strong>inme</strong></span> <span class='ocrx_word' id='word_1_401' title='bbox 443 3265 453 3289; x_wconf 42' lang='grc'><strong>.,</strong></span> <span class='ocrx_word' id='word_1_402' title='bbox 470 3226 569 3279; x_wconf 84' lang='lat' dir='ltr'><strong>exlllS.</strong></span> <span class='ocrx_word' id='word_1_403' title='bbox 585 3227 680 3278; x_wconf 90' lang='lat' dir='ltr'><strong>nescio</strong></span> <span class='ocrx_word' id='word_1_404' title='bbox 700 3243 857 3296; x_wconf 80' lang='lat' dir='ltr'><strong>quononne</strong></span> <span class='ocrx_word' id='word_1_405' title='bbox 876 3226 1007 3279; x_wconf 80' lang='lat' dir='ltr'><strong>dicemus.</strong></span> <span class='ocrx_word' id='word_1_406' title='bbox 1035 3229 1114 3280; x_wconf 88' lang='lat' dir='ltr'><strong>Unus</strong></span> <span class='ocrx_word' id='word_1_407' title='bbox 1134 3228 1184 3280; x_wconf 86' lang='lat' dir='ltr'><strong>Ox.</strong></span> <span class='ocrx_word' id='word_1_408' title='bbox 1205 3246 1258 3300; x_wconf 88' lang='lat' dir='ltr'><strong>pro</strong></span> 
     </span>
     <span class='ocr_line' id='line_1_40' title="bbox 107 3295 1259 3355; baseline -0.002 -2"><span class='ocrx_word' id='word_1_409' title='bbox 107 3295 158 3353; x_wconf 78' lang='lat' dir='ltr'><strong>ltoc</strong></span> <span class='ocrx_word' id='word_1_410' title='bbox 174 3300 336 3355; x_wconf 72' lang='lat' dir='ltr'><strong>habeteed.</strong></span> <span class='ocrx_word' id='word_1_411' title='bbox 364 3298 411 3351; x_wconf 88' lang='lat' dir='ltr'><strong>Gn</strong></span> <span class='ocrx_word' id='word_1_412' title='bbox 433 3337 439 3349; x_wconf 92' lang='lat'><strong>.</strong></span> <span class='ocrx_word' id='word_1_413' title='bbox 468 3303 495 3350; x_wconf 85' lang='lat' dir='ltr'><strong>et</strong></span> <span class='ocrx_word' id='word_1_414' title='bbox 518 3296 692 3350; x_wconf 78' lang='lat' dir='ltr'><strong>constantine</strong></span> <span class='ocrx_word' id='word_1_415' title='bbox 715 3305 748 3350; x_wconf 90' lang='lat' dir='ltr'><strong>et</strong></span> <span class='ocrx_word' id='word_1_416' title='bbox 767 3297 931 3353; x_wconf 68' lang='lat' dir='ltr'><strong>,sentiemus</strong></span> <span class='ocrx_word' id='word_1_417' title='bbox 969 3298 1113 3351; x_wconf 89' lang='lat' dir='ltr'><strong>Ultimum</strong></span> <span class='ocrx_word' id='word_1_418' title='bbox 1139 3301 1259 3352; x_wconf 85' lang='lat' dir='ltr'><strong>verbnm</strong></span> 
     </span>
     <span class='ocr_line' id='line_1_41' title="bbox 108 3367 1257 3439; baseline -0.001 -16"><span class='ocrx_word' id='word_1_419' title='bbox 108 3373 248 3424; x_wconf 87' lang='lat' dir='ltr'><strong>omittunt</strong></span> <span class='ocrx_word' id='word_1_420' title='bbox 259 3370 320 3422; x_wconf 86' lang='lat' dir='ltr'><strong>duo</strong></span> <span class='ocrx_word' id='word_1_421' title='bbox 340 3371 409 3422; x_wconf 84' lang='lat' dir='ltr'><strong>(lxx.</strong></span> <span class='ocrx_word' id='word_1_422' title='bbox 422 3367 467 3420; x_wconf 85' lang='lat' dir='ltr'><strong>Ad</strong></span> <span class='ocrx_word' id='word_1_423' title='bbox 484 3385 511 3418; x_wconf 85' lang='lat' dir='ltr'><strong>v.</strong></span> <span class='ocrx_word' id='word_1_424' title='bbox 523 3367 712 3419; x_wconf 80' lang='lat' dir='ltr'><strong>dicemusvid.</strong></span> <span class='ocrx_word' id='word_1_425' title='bbox 726 3367 821 3420; x_wconf 87' lang='lat' dir='ltr'><strong>Klotz.</strong></span> <span class='ocrx_word' id='word_1_426' title='bbox 834 3368 933 3420; x_wconf 83' lang='lat' dir='ltr'><strong>adOic.</strong></span> <span class='ocrx_word' id='word_1_427' title='bbox 947 3367 1006 3426; x_wconf 85' lang='lat' dir='ltr'><strong>Cat.</strong></span> <span class='ocrx_word' id='word_1_428' title='bbox 1020 3369 1086 3434; x_wconf 90' lang='lat' dir='ltr'><strong>maj.</strong></span> <span class='ocrx_word' id='word_1_429' title='bbox 1096 3388 1124 3439; x_wconf 96' lang='grc' dir='ltr'><strong>Ρ.</strong></span> <span class='ocrx_word' id='word_1_430' title='bbox 1133 3372 1175 3424; x_wconf 82' lang='grc'><strong>73.</strong></span> <span class='ocrx_word' id='word_1_431' title='bbox 1196 3372 1257 3424; x_wconf 83' lang='grc' dir='ltr'><strong>Μν.</strong></span> 
     </span>
     <span class='ocr_line' id='line_1_42' title="bbox 120 3436 1259 3511; baseline -0.001 -17"><span class='ocrx_word' id='word_1_432' title='bbox 120 3448 146 3473; x_wconf 73' lang='grc'><strong>·“</strong></span> <span class='ocrx_word' id='word_1_433' title='bbox 179 3441 237 3494; x_wconf 79' lang='lat' dir='ltr'><strong>Hie</strong></span> <span class='ocrx_word' id='word_1_434' title='bbox 259 3446 300 3492; x_wconf 83' lang='lat' dir='ltr'><strong>eet</strong></span> <span class='ocrx_word' id='word_1_435' title='bbox 322 3438 395 3491; x_wconf 81' lang='lat' dir='ltr'><strong>enim</strong></span> <span class='ocrx_word' id='word_1_436' title='bbox 418 3436 468 3496; x_wconf 79' lang='lat' dir='ltr'><strong>ille</strong></span> <span class='ocrx_word' id='word_1_437' title='bbox 495 3438 587 3490; x_wconf 83' lang='lat' dir='ltr'><strong>uultus</strong></span> <span class='ocrx_word' id='word_1_438' title='bbox 611 3454 719 3506; x_wconf 78' lang='lat' dir='ltr'><strong>semper</strong></span> <span class='ocrx_word' id='word_1_439' title='bbox 745 3437 835 3504; x_wconf 82' lang='lat' dir='ltr'><strong>idem]</strong></span> <span class='ocrx_word' id='word_1_440' title='bbox 873 3439 982 3504; x_wconf 76' lang='lat' dir='ltr'><strong>„huod</strong></span> <span class='ocrx_word' id='word_1_441' title='bbox 1011 3439 1157 3504; x_wconf 85' lang='lat' dir='ltr'><strong>aQuercu</strong></span> <span class='ocrx_word' id='word_1_442' title='bbox 1175 3449 1259 3511; x_wconf 88' lang='lat' dir='ltr'><strong>putat</strong></span> 
     </span>
     <span class='ocr_line' id='line_1_43' title="bbox 107 3506 1258 3588; baseline -0.002 -22"><span class='ocrx_word' id='word_1_443' title='bbox 107 3512 264 3588; x_wconf 69' lang='lat' dir='ltr'><strong>legendum</strong></span> <span class='ocrx_word' id='word_1_444' title='bbox 281 3510 313 3561; x_wconf 85' lang='lat' dir='ltr'><em>H</em></span> <span class='ocrx_word' id='word_1_445' title='bbox 318 3509 373 3561; x_wconf 82' lang='lat' dir='ltr'><strong>inc</strong></span> <span class='ocrx_word' id='word_1_446' title='bbox 391 3514 433 3561; x_wconf 81' lang='lat' dir='ltr'><strong>est</strong></span> <span class='ocrx_word' id='word_1_447' title='bbox 452 3506 539 3560; x_wconf 79' lang='lat' dir='ltr'><strong>enim.</strong></span> <span class='ocrx_word' id='word_1_448' title='bbox 565 3507 642 3575; x_wconf 78' lang='grc' dir='ltr'><strong><em>όίνια,</em></strong></span> <span class='ocrx_word' id='word_1_449' title='bbox 663 3509 693 3560; x_wconf 90' lang='lat' dir='ltr'><strong>id</strong></span> <span class='ocrx_word' id='word_1_450' title='bbox 715 3517 758 3561; x_wconf 89' lang='lat' dir='ltr'><strong>est</strong></span> <span class='ocrx_word' id='word_1_451' title='bbox 777 3527 812 3562; x_wconf 86' lang='lat' dir='ltr'><strong>ex</strong></span> <span class='ocrx_word' id='word_1_452' title='bbox 834 3509 888 3562; x_wconf 87' lang='lat' dir='ltr'><strong>hac</strong></span> <span class='ocrx_word' id='word_1_453' title='bbox 912 3510 1178 3579; x_wconf 83' lang='lat' dir='ltr'><strong>praemeditatione.</strong></span> <span class='ocrx_word' id='word_1_454' title='bbox 1216 3511 1258 3564; x_wconf 87' lang='lat' dir='ltr'><strong>De</strong></span> 
     </span>
     <span class='ocr_line' id='line_1_44' title="bbox 108 3578 1259 3650; baseline -0.002 -13"><span class='ocrx_word' id='word_1_455' title='bbox 108 3581 233 3637; x_wconf 86' lang='lat' dir='ltr'><strong>Socratis</strong></span> <span class='ocrx_word' id='word_1_456' title='bbox 251 3580 336 3632; x_wconf 85' lang='lat' dir='ltr'><strong>vultu</strong></span> <span class='ocrx_word' id='word_1_457' title='bbox 354 3596 467 3649; x_wconf 88' lang='lat' dir='ltr'><strong>semper</strong></span> <span class='ocrx_word' id='word_1_458' title='bbox 485 3578 585 3632; x_wconf 88' lang='lat' dir='ltr'><strong>eodem</strong></span> <span class='ocrx_word' id='word_1_459' title='bbox 603 3588 719 3648; x_wconf 89' lang='lat' dir='ltr'><strong>praeter</strong></span> <span class='ocrx_word' id='word_1_460' title='bbox 737 3597 794 3644; x_wconf 87' lang='lat' dir='ltr'><strong>eos,</strong></span> <span class='ocrx_word' id='word_1_461' title='bbox 813 3596 883 3649; x_wconf 84' lang='lat' dir='ltr'><strong>quos</strong></span> <span class='ocrx_word' id='word_1_462' title='bbox 901 3581 1074 3650; x_wconf 83' lang='lat' dir='ltr'><strong>interpretes</strong></span> <span class='ocrx_word' id='word_1_463' title='bbox 1093 3583 1194 3646; x_wconf 65' lang='lat' dir='ltr'><strong>citant3</strong></span> <span class='ocrx_word' id='word_1_464' title='bbox 1216 3583 1259 3635; x_wconf 89' lang='lat' dir='ltr'><strong>le-</strong></span> 
     </span>
     <span class='ocr_line' id='line_1_45' title="bbox 129 3649 1257 3708; baseline -0.003 -0.045"><span class='ocrx_word' id='word_1_465' title='bbox 129 3656 215 3708; x_wconf 90' lang='lat' dir='ltr'><strong>endus</strong></span> <span class='ocrx_word' id='word_1_466' title='bbox 234 3658 276 3704; x_wconf 89' lang='lat' dir='ltr'><strong>est</strong></span> <span class='ocrx_word' id='word_1_467' title='bbox 294 3650 428 3703; x_wconf 84' lang='lat' dir='ltr'><strong>Aelianus</strong></span> <span class='ocrx_word' id='word_1_468' title='bbox 447 3650 496 3702; x_wconf 90' lang='lat' dir='ltr'><strong>lib.</strong></span> <span class='ocrx_word' id='word_1_469' title='bbox 517 3653 543 3706; x_wconf 90' lang='lat'><strong>9.</strong></span> <span class='ocrx_word' id='word_1_470' title='bbox 562 3652 627 3701; x_wconf 88' lang='lat' dir='ltr'><strong>Var.</strong></span> <span class='ocrx_word' id='word_1_471' title='bbox 648 3651 723 3702; x_wconf 88' lang='lat' dir='ltr'><strong>Hist.</strong></span> <span class='ocrx_word' id='word_1_472' title='bbox 743 3649 827 3704; x_wconf 82' lang='lat' dir='ltr'><strong>c.7.“</strong></span> <span class='ocrx_word' id='word_1_473' title='bbox 845 3651 893 3706; x_wconf 78' lang='lat' dir='ltr'><strong>Fr.</strong></span> <span class='ocrx_word' id='word_1_474' title='bbox 914 3650 1026 3704; x_wconf 70' lang='lat' dir='ltr'><strong>Falinis.</strong></span> <span class='ocrx_word' id='word_1_475' title='bbox 1054 3653 1155 3705; x_wconf 90' lang='lat' dir='ltr'><strong>Refert</strong></span> <span class='ocrx_word' id='word_1_476' title='bbox 1171 3652 1257 3705; x_wconf 85' lang='lat' dir='ltr'><strong>Verb.</strong></span> 
     </span>
     <span class='ocr_line' id='line_1_46' title="bbox 107 3670 1265 3791; baseline -0.002 -13"><span class='ocrx_word' id='word_1_477' title='bbox 107 3670 256 3778; x_wconf 80' lang='lat' dir='ltr'><strong>avisium</strong></span> <span class='ocrx_word' id='word_1_478' title='bbox 264 3721 383 3774; x_wconf 87' lang='lat' dir='ltr'><strong>edidisse</strong></span> <span class='ocrx_word' id='word_1_479' title='bbox 393 3719 468 3788; x_wconf 80' lang='lat' dir='ltr'><strong>tine,</strong></span> <span class='ocrx_word' id='word_1_480' title='bbox 488 3721 563 3791; x_wconf 88' lang='lat' dir='ltr'><strong>quod</strong></span> <span class='ocrx_word' id='word_1_481' title='bbox 581 3729 660 3773; x_wconf 88' lang='lat' dir='ltr'><strong>certe</strong></span> <span class='ocrx_word' id='word_1_482' title='bbox 679 3721 710 3771; x_wconf 92' lang='lat' dir='ltr'><strong>in</strong></span> <span class='ocrx_word' id='word_1_483' title='bbox 727 3720 799 3772; x_wconf 83' lang='lat' dir='ltr'><strong>Edd.</strong></span> <span class='ocrx_word' id='word_1_484' title='bbox 819 3723 845 3776; x_wconf 81' lang='lat'><strong>2.</strong></span> <span class='ocrx_word' id='word_1_485' title='bbox 867 3730 895 3774; x_wconf 87' lang='lat' dir='ltr'><strong>et</strong></span> <span class='ocrx_word' id='word_1_486' title='bbox 912 3725 938 3775; x_wconf 88' lang='grc'><strong>3.</strong></span> <span class='ocrx_word' id='word_1_487' title='bbox 959 3738 1016 3773; x_wconf 93' lang='lat' dir='ltr'><strong>non</strong></span> <span class='ocrx_word' id='word_1_488' title='bbox 1033 3723 1119 3775; x_wconf 88' lang='lat' dir='ltr'><strong>fecit:</strong></span> <span class='ocrx_word' id='word_1_489' title='bbox 1140 3718 1265 3776; x_wconf 78' lang='lat' dir='ltr'><strong>fortasse</strong></span> 
     </span>
     <span class='ocr_line' id='line_1_47' title="bbox 108 3788 1259 3864; baseline -0.001 -17"><span class='ocrx_word' id='word_1_490' title='bbox 108 3796 139 3847; x_wconf 85' lang='lat' dir='ltr'><strong>i&#39;n</strong></span> <span class='ocrx_word' id='word_1_491' title='bbox 157 3792 260 3864; x_wconf 81' lang='lat' dir='ltr'><strong>prima.</strong></span> <span class='ocrx_word' id='word_1_492' title='bbox 298 3792 411 3845; x_wconf 87' lang='lat' dir='ltr'><strong>Habent</strong></span> <span class='ocrx_word' id='word_1_493' title='bbox 429 3801 525 3845; x_wconf 88' lang='lat' dir='ltr'><strong>autem</strong></span> <span class='ocrx_word' id='word_1_494' title='bbox 542 3788 749 3859; x_wconf 72' lang='lat' dir='ltr'><strong>inaequatum</strong></span> <span class='ocrx_word' id='word_1_495' title='bbox 767 3792 836 3844; x_wconf 83' lang='lat' dir='ltr'><strong>Oxx.</strong></span> <span class='ocrx_word' id='word_1_496' title='bbox 856 3791 926 3845; x_wconf 87' lang='lat' dir='ltr'><strong>Edd.</strong></span> <span class='ocrx_word' id='word_1_497' title='bbox 947 3793 1021 3856; x_wconf 76' lang='lat' dir='ltr'><strong>Lall.</strong></span> <span class='ocrx_word' id='word_1_498' title='bbox 1042 3802 1071 3845; x_wconf 86' lang='lat' dir='ltr'><strong>et</strong></span> <span class='ocrx_word' id='word_1_499' title='bbox 1090 3792 1163 3846; x_wconf 84' lang='lat' dir='ltr'><strong>oliv.</strong></span> <span class='ocrx_word' id='word_1_500' title='bbox 1197 3795 1259 3846; x_wconf 83' lang='lat' dir='ltr'><strong>Neo</strong></span> 
     </span>
     <span class='ocr_line' id='line_1_48' title="bbox 106 3861 1257 3934; baseline -0.002 -16"><span class='ocrx_word' id='word_1_501' title='bbox 106 3880 177 3918; x_wconf 77' lang='lat' dir='ltr'><strong>vero</strong></span> <span class='ocrx_word' id='word_1_502' title='bbox 202 3864 244 3931; x_wconf 80' lang='lat' dir='ltr'><strong>ita</strong></span> <span class='ocrx_word' id='word_1_503' title='bbox 268 3861 357 3915; x_wconf 91' lang='lat' dir='ltr'><strong>edidit</strong></span> <span class='ocrx_word' id='word_1_504' title='bbox 380 3865 465 3916; x_wconf 83' lang='lat' dir='ltr'><strong>Leod.</strong></span> <span class='ocrx_word' id='word_1_505' title='bbox 492 3861 576 3928; x_wconf 83' lang='lat' dir='ltr'><strong>aQu.</strong></span> <span class='ocrx_word' id='word_1_506' title='bbox 614 3863 649 3913; x_wconf 95' lang='lat' dir='ltr'><strong>ln</strong></span> <span class='ocrx_word' id='word_1_507' title='bbox 674 3879 738 3913; x_wconf 86' lang='lat' dir='ltr'><strong>ann.</strong></span> <span class='ocrx_word' id='word_1_508' title='bbox 766 3870 881 3914; x_wconf 89' lang='lat' dir='ltr'><strong>tantum</strong></span> <span class='ocrx_word' id='word_1_509' title='bbox 905 3863 1101 3916; x_wconf 88' lang='lat' dir='ltr'><strong>coniecturam</strong></span> <span class='ocrx_word' id='word_1_510' title='bbox 1123 3864 1257 3934; x_wconf 88' lang='lat' dir='ltr'><strong>protulit.</strong></span> 
     </span>
     <span class='ocr_line' id='line_1_49' title="bbox 102 3931 1256 3997; baseline -0.002 -8"><span class='ocrx_word' id='word_1_511' title='bbox 102 3935 175 3997; x_wconf 69' lang='lat' dir='ltr'><strong>,con</strong></span> <span class='ocrx_word' id='word_1_512' title='bbox 197 3934 270 3986; x_wconf 84' lang='lat' dir='ltr'><strong>Gud.</strong></span> <span class='ocrx_word' id='word_1_513' title='bbox 289 3933 374 3987; x_wconf 81' lang='lat' dir='ltr'><strong>habet</strong></span> <span class='ocrx_word' id='word_1_514' title='bbox 393 3935 467 3988; x_wconf 79' lang='lat' dir='ltr'><strong>enim</strong></span> <span class='ocrx_word' id='word_1_515' title='bbox 486 3939 535 3986; x_wconf 83' lang='lat' dir='ltr'><strong>eet.</strong></span> <span class='ocrx_word' id='word_1_516' title='bbox 555 3931 644 3984; x_wconf 83' lang='lat' dir='ltr'><strong>Rehd.</strong></span> <span class='ocrx_word' id='word_1_517' title='bbox 664 3932 777 3984; x_wconf 85' lang='lat' dir='ltr'><strong>omittit</strong></span> <span class='ocrx_word' id='word_1_518' title='bbox 794 3932 852 3985; x_wconf 81' lang='lat' dir='ltr'><strong>ille.</strong></span> <span class='ocrx_word' id='word_1_519' title='bbox 878 3933 923 3985; x_wconf 84' lang='lat' dir='ltr'><strong>Ad</strong></span> <span class='ocrx_word' id='word_1_520' title='bbox 939 3934 1026 3987; x_wconf 86' lang='lat' dir='ltr'><strong>verba</strong></span> <span class='ocrx_word' id='word_1_521' title='bbox 1045 3941 1087 3987; x_wconf 82' lang='lat' dir='ltr'><strong>e&#39;et</strong></span> <span class='ocrx_word' id='word_1_522' title='bbox 1104 3934 1180 3987; x_wconf 77' lang='lat' dir='ltr'><strong>enim</strong></span> <span class='ocrx_word' id='word_1_523' title='bbox 1197 3936 1256 3988; x_wconf 82' lang='lat' dir='ltr'><strong>vid</strong></span> 
     </span>
     <span class='ocr_line' id='line_1_50' title="bbox 108 3998 1257 4074; baseline -0.002 -14"><span class='ocrx_word' id='word_1_524' title='bbox 108 3998 270 4060; x_wconf 76' lang='lat' dir='ltr'><strong>Gernhard.</strong></span> <span class='ocrx_word' id='word_1_525' title='bbox 291 4006 325 4058; x_wconf 88' lang='lat' dir='ltr'><strong>ad</strong></span> <span class='ocrx_word' id='word_1_526' title='bbox 343 4006 402 4058; x_wconf 82' lang='lat' dir='ltr'><strong>Oic.</strong></span> <span class='ocrx_word' id='word_1_527' title='bbox 423 4005 501 4058; x_wconf 87' lang='lat' dir='ltr'><strong>Lael.</strong></span> <span class='ocrx_word' id='word_1_528' title='bbox 523 4005 565 4068; x_wconf 86' lang='lat'><strong>15,</strong></span> <span class='ocrx_word' id='word_1_529' title='bbox 584 4006 626 4058; x_wconf 75' lang='lat'><strong>52.</strong></span> <span class='ocrx_word' id='word_1_530' title='bbox 647 4020 675 4071; x_wconf 83' lang='grc' dir='ltr'><strong>Ρ.</strong></span> <span class='ocrx_word' id='word_1_531' title='bbox 696 4005 756 4057; x_wconf 87' lang='grc'><strong>113.</strong></span> <span class='ocrx_word' id='word_1_532' title='bbox 790 4003 834 4065; x_wconf 73' lang='lat' dir='ltr'><strong>Aa</strong></span> <span class='ocrx_word' id='word_1_533' title='bbox 850 4021 878 4055; x_wconf 81' lang='lat' dir='ltr'><strong>v.</strong></span> <span class='ocrx_word' id='word_1_534' title='bbox 899 4020 977 4073; x_wconf 81' lang='lat' dir='ltr'><strong>quem</strong></span> <span class='ocrx_word' id='word_1_535' title='bbox 995 4021 1048 4074; x_wconf 81' lang='lat' dir='ltr'><strong>pm</strong></span> <span class='ocrx_word' id='word_1_536' title='bbox 1067 4012 1093 4057; x_wconf 84' lang='lat' dir='ltr'><strong>et</strong></span> <span class='ocrx_word' id='word_1_537' title='bbox 1109 4002 1182 4058; x_wconf 78' lang='grc' dir='ltr'><strong><em>Ιιαιιο</em></strong></span> <span class='ocrx_word' id='word_1_538' title='bbox 1198 4007 1257 4058; x_wconf 87' lang='lat' dir='ltr'><strong>vid.</strong></span> 
     </span>
     <span class='ocr_line' id='line_1_51' title="bbox 109 4073 1260 4148; baseline -0.001 -19"><span class='ocrx_word' id='word_1_539' title='bbox 109 4075 251 4139; x_wconf 77' lang='lat' dir='ltr'><strong>Goerenz.</strong></span> <span class='ocrx_word' id='word_1_540' title='bbox 281 4078 316 4130; x_wconf 89' lang='lat' dir='ltr'><strong>ad</strong></span> <span class='ocrx_word' id='word_1_541' title='bbox 338 4077 398 4129; x_wconf 77' lang='lat' dir='ltr'><strong>oio.</strong></span> <span class='ocrx_word' id='word_1_542' title='bbox 424 4076 466 4128; x_wconf 91' lang='lat' dir='ltr'><strong>de·</strong></span> <span class='ocrx_word' id='word_1_543' title='bbox 480 4073 566 4148; x_wconf 83' lang='lat' dir='ltr'><strong>Finn.</strong></span> <span class='ocrx_word' id='word_1_544' title='bbox 592 4074 629 4126; x_wconf 90' lang='lat'><strong>11.</strong></span> <span class='ocrx_word' id='word_1_545' title='bbox 656 4075 699 4128; x_wconf 76' lang='lat'><strong>22.</strong></span> <span class='ocrx_word' id='word_1_546' title='bbox 727 4076 768 4128; x_wconf 78' lang='lat'><strong>12.</strong></span> <span class='ocrx_word' id='word_1_547' title='bbox 797 4092 825 4144; x_wconf 93' lang='grc' dir='ltr'><strong>Ρ.</strong></span> <span class='ocrx_word' id='word_1_548' title='bbox 855 4077 916 4130; x_wconf 75' lang='lat'><strong>230.</strong></span> <span class='ocrx_word' id='word_1_549' title='bbox 939 4077 1039 4128; x_wconf 56' lang='lat' dir='ltr'><strong>‘Unus</strong></span> <span class='ocrx_word' id='word_1_550' title='bbox 1068 4077 1118 4146; x_wconf 82' lang='lat' dir='ltr'><strong>Ox.</strong></span> <span class='ocrx_word' id='word_1_551' title='bbox 1148 4078 1260 4129; x_wconf 88' lang='lat' dir='ltr'><strong>omittit</strong></span> 
     </span>
     <span class='ocr_line' id='line_1_52' title="bbox 108 4147 705 4202; baseline -0.007 0"><span class='ocrx_word' id='word_1_552' title='bbox 108 4148 187 4202; x_wconf 77' lang='lat' dir='ltr'><strong>enim.</strong></span> <span class='ocrx_word' id='word_1_553' title='bbox 224 4149 283 4201; x_wconf 89' lang='lat' dir='ltr'><strong>Mr.</strong></span> <span class='ocrx_word' id='word_1_554' title='bbox 701 4147 705 4151; x_wconf 72' lang='grc'><strong>“</strong></span> 
     </span>
    </p>

    <p class='ocr_par' dir='ltr' id='par_1_11' title="bbox 12 4206 1261 4501">
     <span class='ocr_line' id='line_1_53' title="bbox 12 4206 1259 4324; baseline -0.001 -53"><span class='ocrx_word' id='word_1_555' title='bbox 12 4247 19 4261; x_wconf 80' lang='lat'><em>›</em></span> <span class='ocrx_word' id='word_1_556' title='bbox 116 4206 121 4234; x_wconf 68' lang='lat'><em>¹</em></span> <span class='ocrx_word' id='word_1_557' title='bbox 179 4219 235 4271; x_wconf 81' lang='lat' dir='ltr'><strong>Hic</strong></span> <span class='ocrx_word' id='word_1_558' title='bbox 253 4224 294 4270; x_wconf 82' lang='lat' dir='ltr'><strong>est</strong></span> <span class='ocrx_word' id='word_1_559' title='bbox 312 4215 386 4269; x_wconf 78' lang='lat' dir='ltr'><strong>enim</strong></span> <span class='ocrx_word' id='word_1_560' title='bbox 404 4215 452 4268; x_wconf 81' lang='lat' dir='ltr'><strong>ille</strong></span> <span class='ocrx_word' id='word_1_561' title='bbox 469 4213 574 4280; x_wconf 83' lang='lat' dir='ltr'><strong>vultus]</strong></span> <span class='ocrx_word' id='word_1_562' title='bbox 603 4214 758 4283; x_wconf 82' lang='lat' dir='ltr'><strong>Dionysius</strong></span> <span class='ocrx_word' id='word_1_563' title='bbox 767 4214 996 4268; x_wconf 84' lang='lat' dir='ltr'><strong>Halicarnasseus</strong></span> <span class='ocrx_word' id='word_1_564' title='bbox 1014 4218 1089 4324; x_wconf 80' lang='lat' dir='ltr'><strong>apud</strong></span> <span class='ocrx_word' id='word_1_565' title='bbox 1108 4217 1259 4272; x_wconf 82' lang='lat' dir='ltr'><strong>stobaeum</strong></span> 
     </span>
     <span class='ocr_line' id='line_1_54' title="bbox 109 4283 1258 4360; baseline -0.002 -16"><span class='ocrx_word' id='word_1_566' title='bbox 109 4288 198 4344; x_wconf 83' lang='lat' dir='ltr'><strong>Serm.</strong></span> <span class='ocrx_word' id='word_1_567' title='bbox 219 4289 290 4343; x_wconf 86' lang='lat' dir='ltr'><strong>cvl.</strong></span> <span class='ocrx_word' id='word_1_568' title='bbox 310 4304 375 4360; x_wconf 83' lang='lat' dir='ltr'><strong>pag·</strong></span> <span class='ocrx_word' id='word_1_569' title='bbox 396 4288 456 4341; x_wconf 75' lang='lat'><strong>572.</strong></span> <span class='ocrx_word' id='word_1_570' title='bbox 478 4283 549 4348; x_wconf 83' lang='lat'><strong>[108.</strong></span> <span class='ocrx_word' id='word_1_571' title='bbox 571 4285 659 4337; x_wconf 87' lang='lat' dir='ltr'><strong>Gaisf.</strong></span> <span class='ocrx_word' id='word_1_572' title='bbox 679 4287 713 4337; x_wconf 87' lang='lat' dir='ltr'><strong>T.</strong></span> <span class='ocrx_word' id='word_1_573' title='bbox 732 4288 784 4339; x_wconf 82' lang='lat'><strong>111.</strong></span> <span class='ocrx_word' id='word_1_574' title='bbox 804 4305 832 4356; x_wconf 88' lang='grc' dir='ltr'><strong>Ρ.</strong></span> <span class='ocrx_word' id='word_1_575' title='bbox 854 4287 928 4352; x_wconf 69' lang='grc'><strong>339]</strong></span> <span class='ocrx_word' id='word_1_576' title='bbox 963 4283 1004 4339; x_wconf 87' lang='lat'><strong>‘11</strong></span> <span class='ocrx_word' id='word_1_577' title='bbox 1025 4292 1176 4354; x_wconf 72' lang='grc' dir='ltr'><strong>...ανθίππη</strong></span> <span class='ocrx_word' id='word_1_578' title='bbox 1205 4289 1258 4358; x_wconf 75' lang='grc' dir='ltr'><strong>ἔφη</strong></span> 
     </span>
     <span class='ocr_line' id='line_1_55' title="bbox 107 4353 1261 4432; baseline -0.001 -18"><span class='ocrx_word' id='word_1_579' title='bbox 107 4367 215 4432; x_wconf 75' lang='grc' dir='ltr'><strong><em>μυρίων</em></strong></span> <span class='ocrx_word' id='word_1_580' title='bbox 231 4357 392 4431; x_wconf 76' lang='grc' dir='ltr'><strong><em>μεταβολῶν</em></strong></span> <span class='ocrx_word' id='word_1_581' title='bbox 407 4358 458 4422; x_wconf 80' lang='grc' dir='ltr'><strong>τήν</strong></span> <span class='ocrx_word' id='word_1_582' title='bbox 475 4356 556 4407; x_wconf 78' lang='grc' dir='ltr'><strong><em>πόλιν</em></strong></span> <span class='ocrx_word' id='word_1_583' title='bbox 575 4361 621 4408; x_wconf 80' lang='grc' dir='ltr'><strong>καὶ</strong></span> <span class='ocrx_word' id='word_1_584' title='bbox 638 4353 735 4417; x_wconf 79' lang='grc' dir='ltr'><strong><em>αὐτοὺς</em></strong></span> <span class='ocrx_word' id='word_1_585' title='bbox 752 4361 962 4425; x_wconf 71' lang='grc' dir='ltr'><strong><em>κατασχουσῶν,</em></strong></span> <span class='ocrx_word' id='word_1_586' title='bbox 991 4357 1021 4426; x_wconf 74' lang='grc' dir='ltr'><strong>ἐν</strong></span> <span class='ocrx_word' id='word_1_587' title='bbox 1037 4357 1139 4421; x_wconf 75' lang='grc' dir='ltr'><strong><em>πόσαις</em></strong></span> <span class='ocrx_word' id='word_1_588' title='bbox 1157 4360 1261 4430; x_wconf 83' lang='grc' dir='ltr'><strong><em>ὅμοιον</em></strong></span> 
     </span>
     <span class='ocr_line' id='line_1_56' title="bbox 108 4425 1259 4501; baseline 0 -15"><span class='ocrx_word' id='word_1_589' title='bbox 108 4432 139 4490; x_wconf 61' lang='grc' dir='ltr'><strong>τὸ</strong></span> <span class='ocrx_word' id='word_1_590' title='bbox 165 4431 327 4501; x_wconf 73' lang='grc' dir='ltr'><strong><em>Σωκράτους</em></strong></span> <span class='ocrx_word' id='word_1_591' title='bbox 352 4427 510 4497; x_wconf 82' lang='grc' dir='ltr'><strong><em>πρόςωπον,</em></strong></span> <span class='ocrx_word' id='word_1_592' title='bbox 539 4430 585 4480; x_wconf 78' lang='grc' dir='ltr'><strong>καὶ</strong></span> <span class='ocrx_word' id='word_1_593' title='bbox 611 4432 755 4499; x_wconf 80' lang='grc' dir='ltr'><strong><em>προϊόντος</em></strong></span> <span class='ocrx_word' id='word_1_594' title='bbox 778 4425 809 4483; x_wconf 72' lang='grc' dir='ltr'><strong>ἐκ</strong></span> <span class='ocrx_word' id='word_1_595' title='bbox 832 4431 880 4496; x_wconf 80' lang='grc' dir='ltr'><strong>τῆς</strong></span> <span class='ocrx_word' id='word_1_596' title='bbox 901 4428 990 4489; x_wconf 69' lang='lat' dir='ltr'><strong>otniae</strong></span> <span class='ocrx_word' id='word_1_597' title='bbox 1014 4433 1068 4486; x_wconf 58' lang='lat' dir='ltr'><strong>&gt;nul</strong></span> <span class='ocrx_word' id='word_1_598' title='bbox 1090 4429 1259 4496; x_wconf 74' lang='grc' dir='ltr'><strong><em>ἔαανιόνιος,</em></strong></span> 
     </span>
    </p>
   </div>
   <div class='ocr_carea' id='block_1_4' title="bbox 0 0 1426 5070">
    <p class='ocr_par' dir='ltr' id='par_1_12' title="bbox 0 0 1426 5070">
     <span class='ocr_line' id='line_1_57' title="bbox 0 0 1426 5070; baseline 0 0"><span class='ocrx_word' id='word_1_599' title='bbox 0 0 1426 5070; x_wconf 95' lang='lat' dir='ltr'><strong> </strong></span> 
     </span>
    </p>
   </div>
  </div>
 </body>
</html>
