2842 5070
166 317 258 382 sn
393 309 625 377 momorus
646 308 893 377 rusorum.
915 307 1145 396 mseurir.
1282 396 1284 405 Α

196 496 397 541 conservans
426 498 541 542 earum
568 499 684 540 rerum
712 478 831 540 stabile
857 476 1043 540 iudicium:
1064 476 1120 537 vel
1141 473 1294 552 brevius,
1317 480 1358 536 ut

197 561 423 644 Chrysippus:
456 599 493 612 -
515 583 592 623 nam
613 564 805 644 superiores
828 559 1038 622 definitiones
1067 567 1163 620 erant
1195 556 1357 639 Sphaeri,

196 645 342 705 hominis
365 646 399 704 in
422 646 540 726 primis
568 645 653 706 bene
684 643 882 721 definientis,
916 653 956 705 ut
977 651 1098 724 putant
1116 641 1241 701 Stoici:
1273 648 1358 702 sunt

198 729 299 810 enim,
318 729 455 788 omnino
484 746 597 789 omncs
621 730 705 788 tere
728 728 863 804 similes,
886 725 943 788 sed
965 724 1136 788 declarant
1157 741 1356 785 communes

196 897 274 967 ὀρεία
292 896 350 951 ἐστὶ
364 892 503 966 δόγματος
520 892 640 963 ἐννόμου
658 901 780 964 σωτηρία
803 897 898 951 δεινοῦ
923 915 951 949 τε
975 899 1019 948 καὶ
1036 890 1074 966 μὴ
1095 893 1199 948 δεινοῦ.
1237 894 1356 948 Platoni

195 986 266 1023 vero
284 970 425 1022 fortitudo
444 979 486 1022 est
504 966 636 1035 ἐπιστήμη
657 970 756 1022 δεινῶν
774 987 803 1022 ts
820 970 865 1021 sel
882 967 1053 1041 θαρῤαὶέων.
1089 967 1162 1020 Vide
1179 967 1217 1029 sis
1236 983 1306 1018 eum
1324 966 1356 1018 in

195 1040 320 1093 Lachete
338 1058 423 1114 pagg.
444 1042 505 1096 252.
523 1041 557 1093 Ε.
577 1044 638 1096 253.
658 1042 689 1092 Β,
710 1044 771 1095 254.
792 1040 824 1092 Ο.
862 1040 899 1093 D.
1395 1039 1404 1056 ²

266 1112 532 1180 contrariorumque,
552 1109 873 1179 [perferendarum]
899 1116 947 1161 aut
967 1138 998 1150 -
1018 1107 1264 1178 negligenderum]
1281 1109 1356 1162 ⁴Un-

195 1181 270 1236 cinis
289 1181 428 1234 inclusam
446 1182 541 1234 addidi
559 1198 668 1247 vocem,
702 1180 876 1251 quaemihi,
904 1182 928 1232 si
947 1188 1024 1232 este
1048 1182 1260 1250 supplemento,
1289 1180 1355 1232 fere

155 1268 158 1282 ¹
195 1261 292 1308 tamen
310 1253 469 1306 necessaria
485 1252 603 1305 videtur
620 1271 687 1305 cum
706 1254 753 1306 Or.
791 1254 904 1304 Habent
922 1268 993 1316 eain,
1016 1258 1133 1321 praeter
1151 1250 1221 1303 duos
1238 1249 1353 1315 Leidd„

196 1323 272 1377 Gud.
292 1324 366 1377 Gud.
386 1326 411 1378 2.
432 1323 576 1377 duo·Oxx.
597 1324 680 1392 Vind.
703 1329 727 1379 1.
747 1327 775 1379 2.
794 1324 933 1393 (quorum
954 1323 1099 1392 posterior
1116 1322 1247 1375 additum
1264 1321 1354 1374 habet

194 1397 296 1448 reruml
322 1395 394 1450 Edd.
414 1397 454 1447 M:
470 1395 503 1446 L.
530 1393 593 1449 Gar.
614 1394 713 1464 steph.
739 1394 803 1446 Ald.
826 1393 909 1446 Boul.
936 1393 1017 1445 Brut.
1046 1391 1128 1463 sylb.
1152 1390 1239 1446 Laod.
1260 1394 1352 1446 Gron.

194 1467 268 1520 Lali.
288 1467 359 1518 Ern.
380 1465 525 1520 FAWolf.
546 1465 630 1521 Schz.
656 1467 701 1519 Or.
726 1465 816 1517 Nobb.
842 1464 915 1516 Tbn.
950 1465 1015 1516 Post
1041 1479 1135 1516 earum
1159 1465 1237 1516 abest
1260 1479 1354 1516 rerum

195 1537 230 1591 ah
247 1553 304 1590 uno
324 1538 373 1591 Ox.
409 1536 550 1600 ,‘,Brevius
567 1536 647 1601 haec,
674 1536 715 1588 ait
732 1536 860 1590 Wolfius
885 1536 915 1586 in
934 1534 1049 1599 scholis,
1074 1536 1155 1587 Plato
1173 1534 1205 1586 in
1224 1534 1352 1587 isachete

196 1607 238 1674 [§.
262 1613 306 1709 63.
331 1609 374 1733 lep.
395 1607 523 1674 Jacobs]
551 1607 567 1675 'l
595 1606 711 1679 ἀνδρεία
739 1604 813 1660 ἐστὶν
836 1604 968 1673 ἐπιστήμη
993 1606 1093 1661 δεινῶν
1119 1623 1147 1659 τε
1173 1607 1221 1658 καὶ
1244 1605 1352 1679 ‹tappe-

193 1682 271 1735 λέων.
367 1697 392 1731 r.
621 1701 622 1704 ¹
1218 1700 1221 1705 ¹

230 1746 236 1754 ’
265 1751 310 1803 eet
327 1749 446 1813 breuius,
465 1754 496 1801 ut
515 1747 700 1819 Chrysippus:
718 1777 752 1787 -
771 1744 804 1788 ἓν
823 1781 856 1792 -
877 1748 1006 1819 quomedo
1024 1747 1120 1816 igitur
1137 1745 1350 1815 Chrysippusi]

192 1821 236 1875 De
254 1830 400 1874 structura
418 1821 504 1873 huius
522 1822 590 1884 loci,
609 1838 681 1891 quae
693 1821 857 1891 interrupta
875 1820 1023 1872 nonnullis
1037 1819 1226 1888 interpositis,
1246 1819 1362 1883 denuo,³

194 1902 225 1944 et
241 1892 351 1945 variata
374 1889 498 1960 quidem,
529 1892 694 1955 inchoatur,
721 1892 780 1945 vid.
801 1893 868 1946 Otto
892 1893 924 1942 in
948 1892 1068 1943 Excurs.
1094 1888 1147 1943 ΙΙΙ.
1172 1888 1206 1942 ad
1231 1889 1292 1942 cic.
1315 1889 1350 1941 de

193 1957 278 2016 Finn.
297 1980 325 2032 p.
344 1966 406 2018 394.
444 1961 488 2014 Ad
506 1979 569 2016 rem
586 1963 623 2014 cf.
643 1951 758 2036 Bagu'et.
778 1963 812 2016 de
826 1962 993 2034 *Chrysippo
1010 1979 1046 2031 -Ρ,
1065 1965 1166 2017 aot.·-·
1200 1960 1202 1967 ’
1245 1997 1246 2001 =

264 2040 347 2087 erant
365 2031 496 2100 Sphaeri,
515 2029 632 2087 hominis
650 2033 796 2100 inprimis
815 2032 866 2099 -]
895 2033 962 2085 Cod.
984 2032 1058 2085 Gud.
1077 2030 1349 2098 descriptiones

193 2112 275 2159 erant
298 2105 422 2171 asperi
446 2101 575 2171 leminis,
599 2105 675 2156 Mon.
698 2109 721 2158 1.
749 2110 829 2159 erant
849 2101 1059 2172 prophetici
1081 2101 1212 2165 Masinis,-
1238 2101 1347 2152 habent

195 2178 282 2228 etiam
301 2177 398 2243 asperi
408 2174 491 2228 Viud.
502 2180 525 2230 l.
547 2184 576 2232 et
594 2176 649 2227 duo
663 2176 745 2240 Oxx.,
765 2177 820 2228 duo
838 2175 889 2225 alii
907 2175 1029 2242 superbi,
1048 2191 1118 2226 unm
1134 2173 1200 2236 feri,
1219 2171 1302 2222 Vind.
1315 2174 1342 2226 2.

193 2247 288 2314 Speri,
322 2247 396 2318 Aug.
421 2249 472 2312 spe*
494 2248 597 2300 omisso
622 2253 712 2299 erant.
760 2242 859 2320 Pergit
886 2245 961 2298 Gud.
982 2248 1017 2300 2.·
1037 2243 1172 2298 honines.
1198 2271 1231 2283 -
1271 2242 1347 2294 Fuit

192 2316 335 2387 Sphaerus
343 2318 475 2368 Zenonis
493 2315 659 2386 discipulus,
678 2317 782 2368 stoicus
801 2333 816 2369 e
833 2317 958 2385 Bosporo
967 2315 1108 2368 Thracica
1125 2312 1272 2375 oriundus,
1294 2312 1348 2382 qui

191 2388 321 2457 primum
339 2385 548 2439 Lacedaemone
573 2387 676 2440 deinde
694 2387 884 2440 Alexandriae
907 2385 1120 2457 philosophiam
1145 2383 1347 2452 profitebatur.

104 2505 106 2509 .
193 2458 237 2511 cf.
255 2456 338 2530 Diog.
357 2457 453 2511 haere
473 2458 535 2510 vlt.
549 2462 607 2513 177.
627 2458 816 2510 Torrent.‘'ad
835 2457 950 2511 Sueton-
970 2457 1045 2532 Aug.
1064 2459 1110 2514 89.
1130 2454 1164 2506 G.
1177 2453 1204 2506 J.
1214 2455 1350 2506 Vossium

192 2528 226 2580 de
253 2527 327 2578 Hist·
354 2527 454 2651 Granico.
475 2530 497 2583 Ι.
518 2534 559 2586 16.
587 2547 615 2599 p.
631 2531 697 2597 ,lete
722 2530 856 2582 Jonsium
878 2529 913 2583 de
936 2527 1057 2599 Scripttss
1082 2526 1157 2580 Hist.
1181 2524 1290 2583 Philos.
1310 2526 1349 2579 11.

191 2601 217 2655 6·
263 2603 351 2653 ·l⁷l·
424 2617 446 2651 Y·
676 2609 683 2622 ⁸
1124 2605 1135 2635 'l

241 2616 332 2723 pStant
352 2671 429 2722 enim
447 2669 554 2726 omnino
573 2671 678 2738 omnes]
715 2674 802 2747 Lege,
831 2679 893 2726 sunt
918 2679 1013 2724 autem
1036 2669 1145 2725 omnine
1167 2685 1261 2744 ‘onnes
1288 2670 1351 2736 fere

191 2739 306 2795 similes.
321 2742 411 2793 =Hoc
438 2741 520 2795 docet
550 2745 687 2797 orationis
717 2743 778 2813 ipsa
804 2744 863 2808 vis3
893 2759 951 2794 non
980 2741 1059 2794 enim
1089 2741 1227 2811 putabant
1254 2739 1351 2794 Stoici

190 2810 350 2878 Sphaerum
367 2801 520 2864 homineni
535 2832 594 2867 esse
614 2810 747 2884 inprimis
768 2815 837 2867 bene
855 2814 1052 2878 definientem,
1077 2813 1154 2882 quod
1171 2828 1272 2864 omnes
1289 2813 1352 2864 for-

191 2882 325 2934 titudinis
343 2883 525 2936 definitiones
547 2893 635 2938 essent
658 2887 720 2937 fere
739 2885 856 2937 similes.
894 2885 931 2938 De
1231 2924 1235 2928 .

263 2959 328 3005 sunt
347 2952 417 3004 enim
436 2956 542 3009 omnine
555 2951 645 3009 omnes
663 2957 724 3020 fere
742 2954 871 3022 stetten]
891 2955 1043 3028 „corrigit
1056 2954 1125 3010 Dav.
1146 2959 1210 3007 sunt
1229 2960 1346 3007 autem.

191 3022 247 3077 Sed
268 3024 401 3094 pluribus
429 3027 569 3096 exemplis
593 3028 686 3079 allatis
709 3028 843 3097 probavit
867 3026 1064 3095 Wopkensius
1087 3028 1180 3078 Lectt.
1203 3024 1285 3077 Tull.
1307 3024 1347 3077 11.

191 3093 223 3161 [1.
243 3095 279 3162 1.]
301 3099 341 3150 ll.
362 3113 444 3164 saepe
463 3115 478 3149 a
496 3097 635 3150 Cicerone
654 3100 722 3152 enim
741 3114 773 3151 eo
793 3113 882 3150 sensu·
893 3098 973 3167 poni,
994 3098 1057 3166 'quo
1076 3113 1126 3149 nos
1147 3104 1351 3166 exspectamus

59 3133 65 3146 l
147 3230 150 3235 ι
190 3154 313 3218 etiamst
335 3166 424 3220 Bouh.
445 3168 508 3220 Vid.
525 3169 692 3222 Euttand.
718 3171 810 3240 p.⁴89.
837 3169 887 3220 ubi
905 3168 963 3228 vid.
983 3175 1079 3220 annot.
1102 3171 1166 3222 wi.-
1181 3166 1297 3221 Wolfio
1316 3167 1352 3219 in

190 3236 298 3290 scholis
322 3255 366 3308 ap.
387 3240 433 3291 Or.
458 3239 588 3308 placebat
611 3240 722 3292 Davisii
749 3240 833 3303 ratio,
857 3248 891 3292 ut
909 3240 947 3290 sit
965 3238 1116 3303 sententia,
1145 3237 1225 3308 quasi
1252 3238 1348 3290 dicat:

190 3317 319 3361 ceterum
339 3327 437 3362 ornnes
455 3311 517 3364 fere
536 3314 602 3362 suxit
621 3311 699 3370 inter
717 3328 746 3363 se
765 3311 885 3366 similes.
922 3309 1011 3384 Magis
1029 3317 1126 3360 tamen
1150 3309 1246 3377 placet
1266 3307 1352 3361 Riih-

189 3380 255 3431 neri
274 3381 348 3432 ratio
372 3383 438 3434 snite
462 3381 503 3432 ita
524 3381 703 3434 defendentis
742 3390 776 3433 ut
799 3382 867 3434 enim
894 3379 1036 3432 rationem
1063 3379 1352 3444 reddatsententiae

76 3479 79 3494 ι
127 3445 131 3458 ’
189 3449 321 3513 alicuius,
354 3467 426 3519 quae
449 3460 546 3505 mente
576 3418 733 3523 supplenda
752 3462 793 3504 est
820 3453 864 3519 [ut
888 3451 1050 3527 saepissime
1069 3450 1248 3503 Graecorum
1267 3449 1352 3518 yclpJ,

142 3542 144 3546 ⁴
190 3522 406 3589 sententiaeque
425 3539 514 3574 nexus
531 3523 581 3575 hic
599 3525 652 3578 sits
684 3524 750 3590 ,',vel
774 3524 949 3587 erasisset
969 3520 1156 3591 Chrysippus.-
1183 3536 1250 3574 nom
1268 3537 1355 3588 supe·

127 3640 129 3645 ,
189 3589 282 3646 riores
301 3592 475 3659 definitiones
495 3596 637 3648 emeseni
660 3612 711 3649 uno
730 3594 853 3663 Splteero
880 3595 1022 3662 profectos
1041 3597 1120 3644 sunt:
1150 3593 1225 3660 quod
1250 3600 1355 3645 autem

188 3663 287 3731 plures
306 3665 340 3717 de
360 3666 457 3717 cadem
482 3684 514 3718 re
533 3667 715 3719 definitiones
734 3667 843 3730 attulit,
870 3666 947 3717 nihil
972 3667 1078 3724 refert:
1111 3670 1176 3714 sunt
1199 3666 1295 3716 enim
1317 3694 1354 3705 -

189 3733 250 3798 fere
275 3737 392 3800 similes,
420 3738 644 3805 consentiretque
667 3740 699 3791 in
726 3737 910 3789 communitus
928 3736 1092 3789 Stoicorum
1119 3734 1154 3785 de
1175 3733 1355 3799 fortitudine

189 3807 357 3869 notionibus,
390 3806 449 3857 nisi
473 3808 545 3875 quod
569 3808 631 3867 olio
658 3807 784 3872 definitio
810 3808 917 3860 clarius
942 3813 968 3859 et
992 3805 1155 3859 distinctius
1180 3821 1262 3872 quam
1289 3807 1354 3858 elia

188 3874 371 3938 fortitudinis
399 3876 540 3929 notionem
568 3878 727 3930 declaret.“
753 3906 788 3926 ¹·'t
821 3878 999 3931 Communes
1025 3877 1151 3930 notiones
1178 3884 1280 3928 monet
1300 3878 1354 3931 Or.

188 3943 224 3995 ad
241 3945 293 3998 W.
318 3944 428 3997 scholas
453 3962 510 3998 non
536 3965 594 4000 esse
619 3963 775 4001 communes
800 3949 923 4001 omnium
947 3948 1106 4002 Stoicorum
1129 3947 1267 4013 notiones,
1301 3949 1356 4001 sed

93 4076 94 4080 Ἰ
189 4015 209 4070 ἰ.
230 4032 257 4082 q.
277 4015 370 4072 infra:
401 4018 540 4071 notionem
560 4026 697 4084 nostram,
726 4036 809 4089 quam
827 4019 956 4072 hahemus
975 4036 1067 4073 ornnes
1085 4025 1184 4071 tectam
1204 4027 1261 4071 cet.
1290 4017 1354 4080 (sie

191 4085 338 4138 erl'siutern
357 4087 402 4139 die
421 4091 672 4160 unentwickelten
690 4091 827 4166 Begriffe,
854 4092 968 4144 welche
987 4092 1046 4144 wir
1063 4091 1120 4143 alle
1140 4105 1202 4158 „von
1220 4089 1276 4141 der
1294 4089 1356 4142 Ta-

189 4156 319 4226 pferkeit
345 4156 459 4226 haben.)
480 4190 512 4199 -
547 4163 614 4216 Cod.
638 4162 734 4230 Duish.
763 4163 874 4215 omittit
901 4162 1023 4228 omnino,
1055 4180 1128 4212 unus
1156 4159 1207 4212 Ox.
1234 4177 1355 4225 omnes,-

188 4228 277 4281 Rehd.
302 4245 356 4298 pro
374 4234 485 4285 omnino
507 4232 592 4287 habet
614 4232 645 4287 t'n
663 4234 764 4297 animo,
797 4234 872 4303 quod
894 4243 938 4287 est
961 4235 1009 4287 vel
1032 4233 1205 4285 correctoris
1222 4233 1354 4300 acutuli,

188 4299 237 4351 vel
256 4317 292 4351 ex
310 4303 486 4371 compendiis
504 4306 535 4358 ῑῖ
552 4311 598 4357 oio
618 4314 722 4357 ortum.
743 4304 816 4357 Gud.
837 4304 923 4357 hahet
940 4306 1002 4369 fere
1020 4320 1119 4357 omnes.
1145 4296 1227 4355 Solus
1247 4303 1353 4356 Lamb.

115 4379 118 4389 ’
191 4368 294 4436 [1566.’]
316 4371 404 4424 edidit
426 4374 554 4429 declarat
599 4392 631 4428 ro
656 4377 808 4443 declarant,
826 4377 893 4429 'duo
914 4376 983 4428 Oxx.
1010 4384 1038 4442 et
1058 4376 1131 4429 Gud.
1151 4377 1178 4428 2.
1205 4373 1354 4429 exhibent

188 4444 370 4511 communis,
397 4443 458 4500 eius
476 4447 541 4502 loco
588 4447 634 4501 ius
649 4444 735 4503 hahet
752 4463 856 4514 omnes,
876 4463 975 4503 errore
994 4464 1030 4503 ex
1048 4445 1218 4517 compendio
1238 4445 1355 4517 [sities]
