2842 5070
520 309 647 373 unm
668 311 729 392 w,
758 315 808 377 11.
1177 275 1239 379 eis

85 487 196 553 autem
224 486 303 540 sunt
334 478 376 540 iis
408 478 595 555 contraria,'
624 498 663 541 ee
694 478 785 540 nasei
816 485 979 559 putantur
1010 452 1162 540 ametur
1197 483 1237 538 ut

36 560 40 565 ’
86 563 189 625 odium
208 561 377 633 mulierum,
410 560 503 642 quale
524 561 560 640 in
580 554 758 646 Μισογύνῃ
779 558 892 622 Attilii
913 567 981 636 est3
1012 568 1052 621 ut
1080 561 1116 622 iu
1137 557 1237 621 bomi-

64 746 153 801 'leiie
190 746 285 810 aeteri,
315 748 328 800 i
334 761 454 814 uquam
461 783 470 810 ,
494 744 632 798 similiter
648 746 746 811 morbi,
769 745 910 815 probante
934 743 1036 813 Bouh„
1061 744 1237 813 eandemque

84 816 313 871 emendationem
337 817 450 884 recepit
475 816 547 868 hail.
575 823 650 869 stare
677 833 736 869 non
760 828 844 887 posse
872 817 1021 891 vulgatam
1050 815 1236 868 contendeus.

86 882 166 952 Quod
192 896 225 938 ut
251 901 310 938 non
337 886 514 957 simpliciter
542 885 684 951 dixerim,
722 887 763 940 ita
788 887 905 957 placere
934 885 1019 946 mihi
1037 885 1236 938 Bentleianum

37 1015 42 1020 ,
87 957 315 1010 emendationem
339 973 397 1009 non
425 957 562 1010 diffiteor.
601 957 690 1022 Quem
718 959 797 1010 enim
823 958 854 1009 in
879 958 1027 1026 superiore
1051 957 1238 1008 annotatione

85 1027 175 1080 affert
194 1045 229 1080 ex
246 1026 343 1081 Gellio
370 1026 466 1079 locum
491 1024 636 1092 Davisius,
665 1035 778 1080 tantum
803 1027 881 1081 abest
910 1035 943 1079 ut
962 1028 986 1080 is
1008 1026 1181 1100 ‘languidam
1200 1025 1237 1077 li·

85 1099 204 1151 brorum
223 1098 379 1151 lectionem
399 1104 524 1165 tueatur,
543 1105 576 1148 ut
594 1098 651 1167 ipsi
671 1099 864 1151 emendationi
882 1100 987 1161 faveat,
1017 1098 1131 1149 etiamsi
1148 1097 1183 1149 ab
1203 1111 1236 1148 eo

84 1170 163 1222 abest
181 1172 299 1236 iuquam.
337 1169 404 1220 Post
421 1170 678 1236 aegrotationesque
705 1169 736 1219 in
754 1168 829 1221 Edd.
849 1169 882 1221 A.
902 1168 932 1219 Β.
954 1167 981 1221 S.
1003 1169 1039 1221 E.
1060 1167 1092 1219 C.
1111 1168 1144 1218 V.
1164 1169 1234 1219 Van.

84 1236 175 1292 noat'r.
194 1241 277 1292 Junt.
297 1236 362 1290 Asc.
382 1241 407 1294 2.
429 1237 494 1304 [nec
513 1250 583 1292 vero
602 1239 634 1290 in
654 1239 691 1306 1.]
709 1239 777 1292 Rob.
792 1238 893 1310 steph.
906 1232 1004 1294 nervi
1025 1236 1142 1291 additur
1158 1254 1236 1289 mor-

84 1311 188 1371 borum,
208 1319 309 1363 contra
327 1306 418 1361 libros
437 1308 514 1361 MSS.
539 1309 574 1360 in
592 1310 679 1362 Marb.
701 1310 842 1363 scribitur
864 1309 1179 1379 aegritudinesque;
1203 1309 1236 1360 in
1295 1345 1297 1351 f

84 1397 142 1434 uno
161 1381 211 1431 Ox.
232 1386 495 1451 quaeuaaauntur.
534 1380 593 1431 Mr.
737 1423 744 1442 s
1149 1398 1154 1404 ·

93 1483 96 1488 -
154 1452 229 1506 Quae
248 1456 341 1507 autem
357 1457 419 1502 suut
437 1453 488 1503 iio
506 1449 671 1516 contraria]
684 1449 758 1504 Dedi
776 1450 816 1506 iia
833 1468 887 1520 pro
905 1450 952 1503 bis
972 1468 1007 1504 ex
1025 1450 1113 1504 Godd.
1132 1448 1233 1505 Duisb.

83 1521 157 1574 Mon.
179 1527 203 1577 1·
223 1522 292 1575 cod.
311 1521 355 1572 Au
379 1559 384 1572 .
405 1519 491 1572 habet
509 1521 579 1572 sinit
598 1536 651 1588 pra
670 1528 739 1574 sunt.
778 1521 924 1575 Scribitur
940 1519 985 1573 tia
998 1529 1074 1573 ‘aaut
1092 1521 1125 1573 in
1144 1520 1234 1572 Godd.

83 1594 126 1645 Au
151 1635 156 1647 .
191 1592 265 1646 Gud.
291 1595 316 1647 2.
375 1592 423 1643 dd.
457 1599 524 1644 ante
552 1590 645 1644 Gebh.
677 1591 806 1660 exceptis
836 1593 869 1643 V.
899 1591 968 1647 Rob.
1001 1590 1102 1661 stapla
1136 1590 1235 1644 Hertv.¹

84 1611 153 1715 ead.
181 1662 279 1716 Rehdr
299 1661 385 1714 habet
411 1669 473 1714 eunt
503 1669 610 1725 autem3
640 1663 725 1715 Vind.
752 1669 779 1716 t.
814 1660 858 1715 bia
874 1661 1035 1716 *contraria
1063 1667 1138 1717 auat.
1182 1660 1235 1713 Pro

80 1738 214 1856 {utantur
233 1748 313 1786 unus
340 1733 389 1784 Ox.
419 1748 485 1785 cum
511 1731 601 1785 Rehd.
626 1730 713 1787 habet
732 1739 850 1801 putant.
877 1741 911 1785 ut
937 1723 1165 1788 subaudiendum
1195 1731 1235 1785 rit

106 1802 181 1857 toiri.
207 1805 279 1856 ‘Mn
517 1827 521 1836 .
763 1842 764 1849 ,

89 1895 95 1901 ·
155 1875 234 1942 quale
251 1873 283 1927 iu
300 1879 461 1944 μισογυνείᾳ
480 1874 545 1939 est]
582 1875 645 1939 „In
673 1875 731 1928 scri
754 1884 783 1928 to
802 1875 906 1929 (iudice
934 1877 974 1928 ita
1000 1874 1127 1948 legitur:
1155 1867 1236 1939 quale'

83 1945 113 1997 iu
133 1945 284 2013 Misogyna
302 1946 378 1998 Atili
396 1953 449 1998 eat:
468 1953 499 1996 ut
517 1943 668 1999 domiuum:
693 1893 849 2000 videndum
872 1947 878 1960 ⁶
903 1946 981 2013 itur,¹
996 1963 1033 1998 an
1051 1944 1137 1996 Atilii
1155 1938 1236 2010 arud·
1286 1995 1291 2002 x
1318 1949 1321 1953 '

82 2032 165 2083 γυνος
183 2015 233 2067 hic
251 2017 379 2085 exempli
398 2017 462 2069 loco
481 2016 563 2069 nobis
603 2026 771 2087 reponatur.
807 1962 962 2070 Lambinus
981 2023 1077 2069 autem
1089 2012 1140 2066 hic
1155 2021 1235 2067 recte

83 2101 120 2138 ex
139 2086 215 2138 libro
233 2088 353 2155 antiquo
367 2087 508 2157 reposuit
530 2095 560 2140 ut
582 2034 722 2142 domiuum
747 2088 875 2159 uniuersi
892 2089 1015 2154 grueria,
1043 2087 1074 2138 in
1101 2100 1158 2154 quo
1177 2084 1254 2137 aiud.

82 2164 178 2208 κοινοῦ
195 2157 384 2227 repetendum
404 2168 447 2210 est
465 2173 571 2210 nornen
590 2161 697 2224 odium3
721 2160 752 2212 in
770 2159 837 2212 aliis
856 2162 899 2213 est
925 2163 956 2212 ut
973 2157 1003 2209 iu
1019 2154 1158 2210 tatinum
1174 2157 1236 2208 uui·

66 2244 193 2351 1siverat}
210 2244 311 2350 bgeum
334 2231 533 2298 μισανθρωπία
559 2237 602 2300 est
627 2232 724 2283 odium
747 2231 880 2283 universi
905 2229 1020 2305 generis
1049 2224 1235 2280 bominum.“

43 2337 46 2345 .
107 2315 145 2350 rc.
192 2314 250 2350 ar.
754 2344 757 2351 ,
1234 2341 1236 2346 .

154 2371 282 2438 quatem
298 2376 461 2440 μισογυνείᾳ
479 2371 529 2436 eet]
567 2367 678 2436 „Nihil
702 2373 783 2428 volui
809 2389 914 2426 novare
938 2372 969 2424 in
987 2370 1044 2424 hoc
1072 2368 1235 2438 corruptis·

16 2473 25 2479 -
82 2441 156 2492 simo
174 2440 247 2504 locu,
267 2449 419 2493 contentus
438 2443 681 2516 ingeniosioribus
704 2451 836 2496 veterem
854 2442 1018 2511 prodidisse
1042 2441 1232 2510 scripturam:

82 2510 140 2562 Pal.
162 2526 215 2563 sec.
236 2527 304 2580 queue
322 2512 352 2564 iu
372 2512 525 2579 aristogiua
544 2512 629 2566 utilia
646 2520 695 2565 eet.
715 2521 784 2566 tert.
803 2510 838 2567 in'
850 2512 1007 2578 uuiaeagiuo
1022 2511 1106 2564 utilia
1124 2519 1174 2564 ert:
1202 2512 1234 2563 in

82 2599 175 2656 marg.
194 2581 321 2635 immissa
339 2583 408 2650 gina
427 2583 516 2636 atilie.
538 2590 631 2653 quart.
660 2587 691 2638 ia
709 2586 796 2637 mireo
813 2583 1008 2654 gyaotiiifieet.
1034 2583 1128 2651 quint.
1154 2582 1234 2651 quale

81 2652 112 2704 iu
130 2654 298 2721 uuissogymo
323 2656 404 2707 utilia
427 2660 474 2706 eat.
503 2657 631 2707 Vatican.
656 2658 735 2725 quale
760 2657 789 2708 iu
808 2655 895 2707 mirra
913 2654 988 2722 guad
1008 2657 1071 2707 atili
1088 2659 1138 2706 eet.
1167 2655 1230 2705 Vet.

81 2721 150 2775 eod.
180 2732 208 2776 et
226 2725 312 2777 Fabr.
340 2729 421 2795 quala
438 2726 470 2779 iu
488 2725 629 2794 μισογὺνφ
648 2727 739 2781 Atilii
755 2732 812 2778 ests
842 2742 914 2794 quae
938 2725 1058 2777 videtur
1080 2723 1232 2783 verissima

81 2794 179 2856 lectio,
208 2796 370 2864 probatque
398 2797 546 2850 biercerus
579 2797 616 2858 “ad
641 2799 778 2860 Nonium,
817 2798 848 2849 in
870 2787 1111 2848 *Mulierositirsss
1148 2791 1230 2846 Gebb.

82 2864 219 2928 „Davisii
244 2866 386 2932 μισογὺνῳ
417 2870 549 2937 recipere
576 2883 635 2919 non
664 2868 802 2920 dubitavi.
840 2867 989 2920 Bentleius
1013 2875 1109 2919 tatum
1133 2864 1231 2918 locum

80 2935 135 2987 hoc
154 2935 239 2987 modo
258 2938 421 3000 constituit,
441 2956 476 2990 an
496 2938 564 2990 satis
574 2937 710 3003 modeste,
730 2939 861 2992 iudicent
879 2937 944 2990 alii:
964 2940 1105 2992 ut'odium
1122 2935 1155 2990 ia
1174 2955 1232 2990 nau·
1306 2937 1311 2947 '

81 3006 171 3068 lieres,
191 3008 269 3072 quale
286 3003 439 3073 μισογύνου
459 3008 605 3076 Hippolyti
623 3015 719 3073 ert‚.ut
738 3009 769 3061 iu
788 3008 864 3078 etc‘f
895 3008 1028 3075 Verburg.
1102 3063 1105 3067 ,

152 3094 238 3148 Quale
263 3096 294 3147 in
321 3096 464 3164 paooyuucp
488 3094 562 3149 Atili
584 3095 642 3162 eet]
686 3097 781 3171 Vulgo
816 3096 955 3166 pauleia
982 3102 1147 3167 μισογυνείᾳ
1179 3080 1229 3150 eri.

80 3163 192 3233 Inepte,
215 3182 281 3217 cum
300 3167 462 3233 μισογύνειοι
482 3168 549 3218 siti
573 3183 634 3218 sum
662 3168 837 3218 feminarum
860 3168 969 3223 odium.
989 3168 1054 3222 Mes.
1075 3166 1175 3221 Goion.
1203 3175 1232 3219 et

79 3235 209 3287 Lambin.
231 3237 418 3306 scripturam,
437 3253 523 3306 quam
542 3184 625 3302 didi,¹
638 3236 716 3289 clare
734 3238 968 3306 repraesentatum
988 3254 1079 3307 eoque
1089 3236 1232 3303 adludunt

79 3307 190 3375 reliqui
209 3306 338 3372 Codices,
365 3308 415 3378 qui
436 3311 500 3363 fere
523 3308 608 3361 misac
631 3309 699 3374 giro
725 3308 773 3360 vel
798 3309 884 3361 mireo
906 3323 980 3374 guno
1005 3305 1082 3360 'Atili
1105 3323 1175 3378 prae
1200 3325 1231 3360 se

79 3379 188 3429 ferunt.
226 3377 286 3431 Nos
306 3379 480 3453 igitur'eam
492 3375 663 3448 ¹recepimus
682 3379 837 3432 lectionem
856 3396 942 3448 quam
960 3381 1105 3433 Mercerus
1123 3378 1158 3430 ad
1171 3377 1231 3431 No·

78 3448 163 3500 nium
181 3466 246 3524 pag.
269 3453 327 3504 127.
348 3454 377 3503 et
395 3449 448 3503 alii
467 3467 563 3503 veram
582 3447 766 3503 censuerunt.
800 3449 843 3504 De
860 3451 953 3503 Atilio
970 3450 1038 3504 vide
1056 3450 1092 3503 G.
1112 3451 1139 3503 J.
1160 3451 1231 3503 Vos·

24 3554 27 3559 -
80 3519 252 3573 siumPoet.
273 3521 368 3592 Latin·
386 3538 450 3597 pag.
471 3525 532 3577 232.
571 3521 608 3574 D.

82 3609 84 3613 ·
151 3592 231 3657 quate
248 3607 279 3643 eu
297 3592 475 3661 μισογονείᾳ]
503 3593 596 3658 „Cod
616 3591 686 3668 neg.
709 3594 740 3647 iu
759 3595 925 3662 Mierogyuo
942 3592 1018 3646 Atili
1036 3599 1085 3645 ert.
1104 3591 1184 3646 Leid.
1198 3591 1230 3643 in

80 3656 253 3726 Mueoguuio
271 3663 368 3715 Attulit
386 3670 433 3716 eet.
470 3663 618 3718 Bentleius
641 3665 766 3739 corrigit
787 3660 943 3735 μισογύνου
967 3663 1128 3732 Hippolyti.-
1174 3661 1231 3715 uod

80 3729 167 3780 nimis
191 3730 279 3805 longe
303 3732 412 3786 recedit
434 3752 450 3786 a
469 3735 558 3789 codd.
579 3735 655 3793 MSS.
694 3737 782 3789 Ariete·
799 3751 904 3791 nomen
929 3735 986 3787 nisi
1011 3744 1084 3788 esset
1106 3753 1122 3787 a
1147 3680 1231 3786 dioe-
1309 3758 1312 3761 ·

79 3815 153 3851 rone
172 3803 324 3871 scriptum,
345 3820 403 3856 non
421 3805 549 3858 esset-in
567 3814 611 3859 tot
637 3807 731 3860 libris.
768 3806 901 3859 Davisius
924 3806 1000 3882 legit
1021 3806 1052 3858 iu
1075 3806 1230 3873 Μισογύνῳ

79 3870 163 3923 Atili.
201 3870 258 3925 Sed
283 3873 399 3927 debebat
424 3875 556 3929 scribere·
571 3867 748 3950 Meropum*
774 3879 878 3931 Veram
908 3893 962 3952 ego
988 3876 1144 3930 lectionem
1168 3892 1230 3928 esse

80 3941 281 3995 existimatio
297 3935 479 4012 Meuayuua'u'rp
498 3946 603 3999 Attilii.
640 3949 714 4000 Erat
732 3948 803 4001 haec
821 3950 976 4002 manifesto
999 3948 1155 4019 inscriptio
1175 3945 1230 4001 Go-
1321 3985 1326 3992 ,

78 4013 210 4066 moediae
229 4020 331 4083 poetae
350 4015 462 4068 illius.“
477 4015 565 4068 Boua.
586 4019 693 4082 ‚‚Quule
711 4019 743 4072 iu
760 4023 903 4087 puaoyurp
912 4020 1012 4072 Attiiii
1029 4008 1085 4072 eei:
1105 4018 1147 4070 ita
1155 4016 1226 4070 Dav.

79 4091 109 4138 et
134 4084 176 4136 sic
202 4083 309 4136 habent
336 4093 396 4139 tres
422 4105 437 4139 e
461 4103 493 4138 re
516 4087 552 4140 iis
572 4086 647 4142 MSS.
676 4106 798 4157 quorum
825 4091 857 4142 in
876 4089 985 4142 duobus
1012 4086 1113 4142 latinis
1131 4089 1228 4142 literis

79 4155 220 4208 scribitur
237 4158 267 4208 iu
285 4158 428 4222 misoguuo
447 4104 534 4211 Arda
551 4163 599 4209 eet.
626 4159 738 4229 Vitiosa
756 4160 806 4211 vui
829 4161 868 4212 ati
887 4163 917 4213 iu
933 4159 1129 4227 μισογονειᾳ,“
1155 4158 1228 4211 Lali.

78 4226 262 4294 deceperunt
279 4225 390 4280 Davisii
408 4228 595 4298 scriptionem
614 4229 685 4281 Ern.
705 4228 814 4284 rawo
843 4270 849 4283 .
869 4228 1018 4284 Sehz.·0r.
1043 4229 1136 4285 Nobb.
1155 4229 1227 4281 'l'bm

72 4296 129 4363 Ait
146 4296 301 4354 Kiihnerus
325 4305 383 4351 uon
409 4296 647 4369 improbabiliter,
662 4300 803 4352 Neidium
822 4319 837 4354 e
854 4301 876 4365 ᾗ.
896 4305 940 4358 ut.
965 4300 1120 4364 coniicere,
1146 4300 1229 4351 fabu-
1272 4357 1275 4361 ,

78 4365 137 4418 lam
164 4368 253 4421 fuisse
282 4368 383 4421 Attilii
406 4368 602 4439 Hippolytum
624 4370 807 4440 inscriptum.
843 4373 925 4426 Unus
944 4372 994 4427 Ox.
1020 4370 1106 4424 habat
1128 4368 1160 4422 ia
1177 4375 1228 4432 eet,

78 4453 144 4489 cum
173 4439 280 4508 spatio,
312 4441 343 4493 in
370 4439 479 4494 duobus
505 4439 580 4514 [aliia
605 4439 636 4494 ἐκ
662 4441 848 4512 miuogiaio,
874 4441 988 4499 Arbitio
1013 4447 1070 4508 eet,·
1097 4441 1130 4493 in
1153 4456 1226 4494 uno:
