2842 5070
196 287 256 353 1⁵2
391 282 622 349 CICERONIS
644 280 888 348 TUSCULAN.
912 279 1142 349 DISPUTAT.

194 451 261 512 nisi
288 469 364 512 cum
391 449 521 512 virtute
549 449 701 511 vivatur:
744 449 971 534 negatullam
1004 450 1039 509 in
1067 451 1250 532 sapientem
1279 452 1348 515 vim

193 550 264 596 esse
284 535 457 596 fortunaer
480 539 614 592 tenuem
635 533 761 593 victum
783 535 926 592 antefert
944 533 1098 613 copioso:
1122 542 1221 594 neret
1241 534 1348 596 ullum

193 634 264 676 esse
285 623 428 696 tempus,
450 633 514 695 quo
536 615 664 694 sapiens
687 631 754 674 non
776 613 891 674 beatus
913 615 966 674 sit.
1007 611 1127 675 Omnia
1149 584 1348 696 pbilosopho

192 695 311 771 δίναις
349 695 407 759 sed
438 714 513 756 cum
541 695 714 776 voluptate
741 698 934 779 pugnantia.
958 709 1000 738 -t
1030 695 1108 756 Non
1134 699 1232 760 istam
1265 697 1349 759 dicit

191 747 406 861 voluptatem.
428 813 470 824 -
501 777 602 850 Dicat
626 777 821 859 quamlibet:
849 797 967 857 nempe
989 797 1060 839 eam
1092 777 1183 851 dicit,
1218 782 1255 840 in
1282 799 1349 861 qna

190 862 330 932 virtutis
349 860 440 922 nulla
468 879 546 942 pars
568 861 659 920 insit.
756 877 785 936 ο,
807 861 836 925 si
857 859 1064 941 voluptatem
1092 880 1159 922 non
1186 862 1347 948 intelligi-

190 964 274 1020 mus,
297 963 340 1003 ne
362 941 513 1004 dolorem
537 939 691 1022 quidem?
746 961 806 1027 ego
829 943 935 1026 igitur
957 943 1027 1004 eius
1050 962 1130 1019 esse,
1152 946 1212 1024 qui
1232 942 1347 1006 dolore

196 1045 363 1087 summum
384 1024 505 1086 malum
527 1026 700 1099 metiatur,
723 1024 925 1085 mentionem
948 1026 1057 1086 facere
1077 1026 1227 1086 virtutis.

192 1209 305 1263 πάντων
322 1207 461 1280 ἀρχὴκαὶ
479 1208 509 1262 τδ
527 1207 695 1278 μίγισιονδ
717 1208 791 1262 αθδν
808 1208 958 1279 φρόνησις·
986 1205 1031 1262 διὸ
1050 1209 1098 1263 καλ
1121 1213 1292 1281 φιλοσοφίας
1308 1229 1348 1266 τι·
1402 1254 1405 1259 .

190 1280 324 1350 μιώτερον
342 1278 462 1351 ὑπάρχει
481 1275 623 1349 φρόνησις,
642 1278 672 1341 ἐξ
688 1226 720 1348 ἔς
738 1281 769 1333 αλ
787 1281 883 1332 λοιπαὶ
900 1278 1059 1353 πεφύκασιν
1075 1283 1179 1351 ἀρεταί,
1199 1277 1348 1337 διδάσκου·

191 1366 238 1404 σαι
256 1353 292 1412 οἷς
312 1349 362 1405 οὐκ
380 1351 453 1406 ἔστιν
470 1348 557 1416 ἡδέως
575 1357 626 1424 ζῇν
642 1351 708 1406 ἄνευ
734 1351 785 1404 τοῦ
810 1354 963 1421 φρονίμως,
982 1354 1026 1404 καλ
1043 1355 1139 1414 καλοῖς,
1158 1352 1206 1404 καὶ
1224 1352 1346 1420 δικαίως,

191 1420 264 1516 egidi³
275 1428 428 1512 φρονίμως,
447 1424 494 1508 καὶ
511 1423 596 1482 καλῶς
611 1423 663 1474 καλ
684 1422 880 1512 δικαίωςιᾶρευ
896 1428 947 1474 τοῦ
966 1422 1060 1509 ἡδέως.
1080 1417 1275 1511 concepimus
1293 1418 1348 1494 γὰρ

191 1491 1347 1635 ll..lt‘.t“l.t‘¹³lilt.l⁶fi⁰lt’2353.lli?ellittttl’tnftl'lt.“iiiiii

135 1678 137 1693 ‚
190 1637 237 1686 καλ
254 1634 366 1695 δικαίως
389 1653 413 1688 κ.
433 1655 456 1687 τ.
475 1635 498 1684 λ.
535 1633 665 1687 Ibidem:
691 1633 796 1703 βραχέα
823 1638 905 1704 nopai
927 1628 1005 1704 trip]¹
1022 1641 1224 1706 παρεμπίπτει·
1256 1636 1290 1690 ιδ
1316 1635 1348 1689 δὲ

108 1760 110 1767 ,
132 1752 134 1757 ,
190 1704 307 1774 μέγιστα
325 1709 369 1758 καλ
387 1698 535 1772 κυριώτατα
554 1700 570 1756 ὁ
588 1701 715 1773 λογιςμὸς
732 1703 838 1758 διοικεῖ.
876 1704 952 1757 ltem
970 1709 1113 1760 Μενοικεῖ·
1138 1706 1170 1758 τὸ
1194 1706 1248 1771 μὲν
1265 1723 1347 1777 φασι·

191 1775 244 1828 κδν
267 1783 327 1828 πᾶν
353 1770 517 1846 εὐπόριστόν
535 1773 607 1828 ἐστι·
638 1774 723 1828 τόδὲ
749 1773 1044 1844 κενόνδυςπδριοτον·
1078 1771 1112 1830 ολ
1130 1766 1251 1830 αι’λιτολ
1267 1780 1349 1846 χυλολ

193 1851 259 1912 ἴσην
277 1849 417 1900 πολυτελεῖ
432 1845 520 1914 διαίτῃ
540 1847 597 1913 τήνΙ
608 1843 716 1913 ἡδονὴν
732 1844 939 1916 περιφέρουσιν.
977 1847 1114 1900 Refertur
1132 1857 1161 1900 et
1177 1845 1257 1900 haee·
1268 1849 1349 1901 inter

98 1941 99 1945 ¹
191 1919 348 1971 sententias
366 1917 501 1988 Epicuri:
530 1912 584 1969 atla
610 1916 764 1988 στρεβλωθῇ
789 1917 805 1968 δ
831 1915 931 1984 σοφός,
950 1914 1023 1969 ελναι
1047 1913 1131 1970 αὐτὸν
1158 1916 1347 1986 εδδαλμονα.“

191 1986 235 2040 Ad
254 2004 324 2058 quos
343 1986 490 2042 Ciceronis
509 1995 539 2039 et
556 1987 695 2062 Diogenis
718 1987 830 2039 Le'e'rtii
852 1987 930 2040 locos
957 1996 1000 2040 sat
1023 1989 1115 2041 multa
1140 1997 1348 2064 congesserunt
1413 2051 1415 2054 .

133 2127 136 2132 .
191 2059 374 2130 interpretes.
412 2059 473 2113 Mr-

261 2151 347 2212 κακαί
366 2146 452 2198 ollem
469 2143 672 2214 insanientem
689 2144 746 2198 aim
763 2159 821 2197 ease
843 2143 987 2211 fortunae]
1022 2145 1094 2221 Aug.
1121 2144 1236 2200 exhibet
1260 2155 1348 2217 negat

189 2217 223 2270 in
250 2217 402 2286 eapientem
425 2217 517 2269 allam.
542 2219 617 2268 Mon.
637 2218 663 2270 2.
692 2216 828 2269 nullam
852 2218 883 2269 in
909 2215 1066 2283 eapientem
1091 2215 1149 2270 nim
1167 2216 1257 2270 dicit
1274 2232 1346 2273 esre.

190 2287 275 2339 Vind.
295 2291 321 2344 2.
348 2286 483 2339 nullam
509 2285 541 2339 ιἰι
566 2286 733 2353 sapiente
762 2287 819 2339 eim
845 2284 942 2338 dixit
968 2302 1030 2339 esse
1049 2318 1080 2330 -
1100 2286 1164 2340 Duo
1182 2288 1255 2349 item
1273 2287 1347 2342 011.

190 2355 298 2410 habent
321 2361 352 2412 tn
371 2356 555 2423 'eapientez
581 2356 636 2409 duo
661 2358 730 2409 Oxx.
751 2361 830 2409 tenue
855 2372 908 2427 pro
934 2362 1055 2420 tenoem3
1083 2358 1155 2410 alius
1173 2356 1276 2411 vitium
1292 2375 1349 2430 pro

190 2427 300 2480 nictum.
337 2428 379 2479 De
402 2426 525 2496 Epicuri
552 2427 568 2478 f
621 2427 720 2479 alitate
744 2427 801 2494 vid.
821 2428 908 2479 etiam
932 2434 1124 2496 exponentem
1151 2427 1349 2480 Alexandrum

191 2497 225 2550 ab
243 2496 325 2552 Alex.
347 2495 459 2550 Genial.
484 2494 582 2550 Dierr.
617 2498 717 2554 11.11.
745 2515 774 2569 p·
793 2499 854 2554 338.
874 2497 926 2549 Ed.
946 2497 1119 2569 Tiraquelli,
1148 2515 1215 2551 enin
1234 2497 1272 2562 ej.
1297 2515 1352 2551 an·

193 2576 265 2622 nott.
304 2569 364 2622 Mr.
456 2611 458 2615 ,

261 2662 347 2725 negat
363 2646 453 2710 'allum
471 2646 532 2712 essa
550 2661 667 2726 tempas,
685 2670 737 2726 ρκο
757 2653 805 2720 -]
849 2655 921 2709 Gud.
945 2660 969 2711 1.
989 2674 1005 2710 a
1024 2660 1047 2711 1.
1068 2673 1107 2708 m.
1126 2658 1207 2712 illam
1230 2675 1285 2729 pro
1303 2660 1350 2712 nl·

119 2760 121 2765 s
192 2727 257 2780 lom.
277 2727 372 2792 Duisb.
393 2733 479 2796 negat
495 2743 556 2781 esse
575 2729 663 2781 ullum
681 2733 796 2794 tempus.
816 2726 934 2779 Vinea
952 2734 1038 2794 negat
1054 2727 1139 2789 allam
1158 2735 1348 2797 lampanesse.

189 2800 265 2852 Mon.
286 2803 311 2854 λ.
332 2804 417 2867 negat
434 2798 567 2852 nullam
587 2804 691 2866 tempas
708 2813 777 2852 esse.
814 2797 922 2851 Vocem
941 2797 1029 2856 ullum
1053 2799 1192 2852 omittunt
1217 2800 1289 2852 Edd.
1310 2801 1346 2853 A.

107 2881 108 2884 ’
190 2869 221 2920 Β.
240 2872 312 2922 Ven.
337 2879 427 2922 nostr.
456 2868 527 2921 Edd.
549 2869 627 2924 Orat.
655 2876 684 2920 et
707 2866 785 2921 Cam.
810 2865 916 2920 habent
941 2868 1068 2921 beatus
1088 2885 1155 2922 non
1174 2861 1228 2926 'sit
1262 2872 1349 2924 Unus

191 2939 241 2992 Ox.
270 2941 355 2992 bonas
379 2955 433 3010 pro
456 2940 562 2993 benene.
599 2938 697 3060 Pergit
722 2937 795 2991 Gud.
817 2941 841 2992 1.
869 2937 960 2991 omnia
975 2935 1210 3007 philosoplis
1238 2941 1349 3009 digna3

190 3009 239 3062 sed
265 3009 322 3061 alia
347 3026 448 3063 manus
475 3008 613 3063 correxit.
671 3024 703 3061 ro
728 3024 782 3062 nnn
799 3026 873 3060 unus
892 3009 942 3060 Ox.
972 3025 1045 3061 num.
1067 3010 1155 3063 Rehd.
1176 3011 1349 3082 voluptatem
1391 3047 1395 3058 ι

192 3078 272 3133 dicit.
309 3080 409 3155 Pergit
426 3098 500 3133 unus
519 3079 656 3132 oxxeum
674 3079 727 3132 Ed.
747 3081 829 3132 Jnnt.
849 3079 925 3132 dicat
943 3079 1115 3148 qualibet.
1152 3081 1218 3152 Mr.

260 3168 367 3236 Nempe
385 3164 446 3222 eam
464 3167 544 3234 nisit]
579 3168 621 3221 De
640 3185 693 3220 usu
710 3167 871 3238 particulae
891 3183 993 3236 nempe,
1013 3185 1084 3237 qnae
1102 3167 1133 3220 λι.
1148 3169 1170 3221 l.
1189 3169 1275 3223 habet
1293 3169 1349 3223 ali·

178 3237 262 3308 *quid
279 3239 434 3303 irrisionis,
451 3258 478 3290 v.
499 3240 534 3292 G.
554 3238 649 3291 Jacob.
669 3239 701 3290 in
719 3238 819 3291 Jahnii
838 3239 942 3292 Annal.
970 3241 1047 3294 1828.
1067 3240 1119 3291 111.
1139 3242 1165 3296 2
1184 3258 1213 3310 p·
1234 3242 1285 3296 141
1302 3258 1345 3310 sq.

191 3339 224 3352 -
249 3311 303 3362 Pro
329 3327 391 3362 enm
414 3309 489 3362 Gud.
508 3311 535 3364 λ.
560 3308 647 3362 habet
673 3310 769 3362 illam.-
793 3304 869 3361 idem
893 3310 1003 3361 omittit
1027 3325 1114 3376 pars,
1141 3327 1196 3380 pro
1228 3326 1284 3381 qno
1312 3312 1347 3365 in

190 3379 264 3432 Gud.
286 3385 311 3434 l.
340 3380 483 3448 scriptum
509 3387 552 3431 est
572 3394 651 3447 praa.
688 3378 733 3431 Aa
750 3377 822 3446 Age,
848 3377 876 3430 ω’
895 3409 928 3422 -
947 3380 1100 3453 intellige:
1130 3380 1206 3448 qnod
1228 3381 1347 3434 dictitat

188 3449 341 3517 Epicurus.
360 3449 460 3503 Duisb.
478 3449 747 3518 habetooluplntem
764 3449 831 3502 inm
849 3465 904 3503 non
921 3449 1121 3518 intelligimus.
1158 3452 1213 3504 Pro
1237 3451 1347 3506 inlelli-

188 3518 284 3586 gimus
312 3519 424 3594 legitur
448 3518 638 3585 intelligamus
665 3519 697 3570 in
716 3520 784 3572 Cod.
809 3521 892 3573 Vind.
915 3525 938 3577 1.
958 3521 1030 3573 Edu.
1049 3523 1078 3574 P.
1098 3521 1132 3573 A.
1152 3521 1184 3572 Β.
1209 3520 1238 3574 S.
1258 3524 1292 3575 Ε.
1313 3524 1345 3577 G.
1392 3582 1395 3591 ,

189 3591 222 3642 V.
242 3591 312 3642 Ven.
332 3596 421 3642 nostr.
442 3589 507 3641 Asc.
528 3589 787 3645 1.a.Junt.Rob.
813 3591 913 3661 Stepb.
939 3590 1048 3644 Sturm.
1077 3593 1112 3643 In
1130 3592 1197 3644 eod.
1222 3592 1297 3645 Gud.
1316 3595 1344 3650 2.

190 3678 277 3782 ppppa
298 3662 352 3783 ltin.
366 3669 425 3782 ..ξεῖ
445 3659 651 3783 ὂπίιίίρχῖπρι,
678 3679 694 3712 a
714 3666 796 3785 λάχη.
826 3661 921 3744 intelli
943 3661 1059 3788 imosM
1072 3657 1154 3716 ntem
1181 3679 1249 3715 cnm
1267 3662 1343 3739 Aug.

217 3750 238 3783 u
259 3748 301 3782 .e
347 3749 374 3782 rr
394 3749 426 3800 us
468 3750 515 3781 xx.
558 3747 607 3782 ae
640 3746 703 3783 nec
740 3748 845 3785 norem
864 3749 911 3803 qm
933 3749 983 3786 em.
1056 3750 1080 3786 r.

260 3817 307 3888 qui
325 3819 422 3871 dolore
442 3833 579 3870 sumntum
596 3819 703 3872 malum
721 3821 866 3887 metiatur]
903 3824 993 3888 „Non
1010 3822 1132 3893 reprobo
1150 3822 1225 3875 hanc
1242 3822 1345 3877 lectio·

65 3881 74 3885 ”
157 3916 159 3920 ·
191 3905 267 3941 netu.
306 3887 363 3941 sed
382 3895 474 3941 exstat
492 3888 547 3940 alia
568 3890 662 3954 etiam,
682 3892 747 3943 satis
765 3892 920 3962 probabilis
945 3893 977 3945 in
995 3908 1051 3949 nno
1070 3892 1150 3950 Leid.
1177 3896 1226 3961 qni
1244 3894 1345 3948 δολο-

191 3974 260 4010 rem
278 3973 414 4011 sommam
431 3961 535 4012 melam
552 3960 755 4014 mentiatur.
792 3963 845 4014 Est
869 3965 956 4016 etiam
974 3965 1101 4016 dolerem
1124 3964 1156 4014 in
1175 3964 1243 4017 Gud.
1262 3966 1344 4038 neg„

135 4080 138 4084 .
193 4046 257 4082 mea
283 4028 337 4080 un.
366 4036 423 4083 vet.
452 4039 481 4082 et
505 4029 636 4100 pluribus
662 4032 758 4085 aliis.“
784 4030 874 4086 Βοαλ.
912 4034 1023 4087 Habent
1051 4034 1178 4087 dolorem
1204 4051 1254 4086 sex
1272 4035 1342 4088 (lxx.

190 4098 265 4175 Aug.
288 4099 361 4152 Gud.
376 4101 407 4155 p,
428 4099 470 4164 (in
489 4117 544 4172 quo
563 4109 605 4156 est
623 4102 692 4171 qnid
708 4118 762 4172 pro
781 4105 837 4173 qua)
856 4105 943 4157 Marb.
963 4106 1032 4178 Reg.
1053 4104 1126 4158 Gud.
1148 4110 1172 4160 1.
1194 4104 1255 4170 (hic
1274 4121 1344 4175 quo·

190 4188 247 4240 qne
264 4170 352 4224 babet
371 4171 459 4241 quid.)
494 4173 558 4225 Post
581 4174 685 4226 malum
706 4173 813 4225 babent
838 4190 899 4228 ease
917 4176 971 4227 duo
991 4176 1060 4228 Oxx.
1090 4185 1119 4228 et
1137 4175 1227 4228 Rehd.
1264 4178 1344 4231 Unus

190 4242 241 4295 Ox.
262 4241 373 4294 omittit
390 4258 526 4304 summum
543 4246 655 4298 molum.
691 4245 737 4296 Ex
755 4244 835 4301 codd.
853 4247 962 4298 nostris
985 4241 1087 4299 nullus
1109 4245 1195 4300 habet
1221 4247 1345 4301 dolorem

191 4341 225 4363 .-
243 4311 404 4378 mentimur,
432 4314 509 4386 qnod
535 4332 593 4368 non
620 4315 735 4384 placere
763 4315 881 4371 debebat
902 4316 1067 4372 Bouhierio.
1112 4319 1179 4372 Post
1210 4319 1345 4374 metiatur

190 4383 265 4447 Gud.
285 4386 311 4438 2.
332 4383 443 4439 omittit
460 4385 631 4442 mentionem.
668 4387 723 4438 Mr.
