2842 5070
192 262 254 361 res
376 289 609 385 memoras
631 287 877 361 rusorum.
900 285 1130 351 orsrurer.

192 456 349 538 coepisse.
398 455 519 518 Timor
542 455 651 551 igitur
676 455 717 519 ab
748 455 793 517 iis
821 451 1068 540 aegritudinem
1097 450 1209 534 potnit
1234 449 1345 534 repel-

135 599 138 601 ,
191 541 279 601 leret
306 537 395 600 ratio
421 557 460 599 ac
479 539 640 618 sapientia
662 557 743 598 vera
770 555 837 598 non
859 534 1001 617 poterit?
1259 540 1260 543 ’

132 639 174 704 28
276 619 365 684 Quid
386 627 437 682 est
457 630 576 690 autem,
607 617 696 699 quod
726 620 800 700 plus
822 618 933 680 valeat
960 617 1001 678 ad
1032 613 1221 698 ponendum
1250 613 1345 677 dolo-

190 723 274 782 rem,
292 722 389 785 quam
403 721 505 784 quum
527 708 578 763 est
597 702 802 763 intellectum
823 701 908 761 nihil
929 701 1058 782 profici,
1081 707 1114 760 et
1128 701 1252 758 frustra
1273 716 1353 760 esso·

102 920 105 929 ,
188 907 190 911 r
262 877 322 922 tum
341 868 479 934 afflictari
502 868 703 935 lamentarique
726 863 877 934 caepisse]
912 866 1009 920 Duisb.
1040 865 1157 918 exhibet
1182 870 1240 918 tam
1260 864 1346 934 pre}
1406 886 1407 890 ¹

190 956 288 992 arum.-
315 940 392 1009 quod
422 949 463 992 est
487 939 658 1012 glossatoris.
686 937 775 991 Rehd.
802 936 953 990 lamentari
979 935 1186 1004 otplioluriqam
1210 935 1303 988 Vinia
1317 941 1342 992 l.
1381 939 1383 943 ’

191 1010 329 1075 afflictari
356 1017 385 1063 et
409 1012 619 1072 torrentem
649 1025 724 1060 unus
747 1010 796 1062 Ox.
823 1009 1014 1074 coepissent,
1045 1024 1112 1059 cum
1130 1007 1203 1058 Gud.
1223 1008 1250 1060 2.
1270 1008 1344 1059 l’ro

190 1082 324 1147 repellere
343 1081 437 1133 ·Vind.
458 1085 482 1136 1.
508 1082 625 1149 pellere,
656 1079 745 1131 male:
779 1079 827 1131 sed
852 1079 968 1149 plaeere
995 1087 1097 1146 potest,
1131 1077 1207 1145 quod
1232 1078 1345 1146 reperit

190 1151 280 1204 Βοιὼ.
301 1152 333 1203 in
350 1167 411 1221 uno*
423 1152 504 1211 Leid.
524 1160 553 1204 et
571 1150 681 1202 suaEd.
700 1158 758 1202 vet.
779 1149 929 1218 depellere:
948 1165 1041 1218 neque
1053 1149 1082 1200 ei
1098 1148 1163 1200 rire
1181 1147 1343 1218 displicuit.

190 1222 304 1275 Habent
327 1222 405 1275 idem
428 1222 482 1274 duo
508 1224 577 1276 Oxx.
614 1222 680 1273 Non
703 1229 745 1272 est
770 1221 847 1291 quod
871 1220 994 1285 doceam,
1021 1237 1108 1289 qnam
1134 1235 1217 1288 saepe
1237 1217 1344 1271 Cicero

192 1293 268 1346 dieat
287 1293 418 1359 dolorem,
437 1293 550 1357 malum,
578 1291 781 1360 turpitudinem
804 1291 956 1359 depellerer
982 1290 1135 1342 simillime
1159 1297 1258 1340 nostro
1279 1288 1344 1340 loco
1411 1350 1413 1355 1

160 1411 163 1422 ,
191 1363 308 1433 scripsit
325 1364 418 1434 Epist.
438 1364 472 1416 ad
489 1365 598 1418 Famm.
618 1363 655 1415 11.
675 1364 716 1418 16.
734 1378 798 1432 pra.
812 1362 877 1415 >aiei
894 1360 973 1413 ratio
989 1363 1053 1429 ipsa
1078 1357 1232 1427 depelleret
1250 1375 1345 1412 omnes

150 1449 153 1459 ¹
191 1435 343 1487 molestiae.
382 1434 437 1487 Sed
455 1434 495 1487 de
507 1435 531 1487 F
532 1435 591 1485 inn.
611 1432 635 1485 1.
652 1436 680 1489 9.
693 1425 743 1487 ‘ee
763 1432 837 1486 dixit
854 1433 942 1492 etiam
960 1433 1085 1486 dolorem
1103 1430 1245 1498 repellere.
1273 1429 1343 1483 eod.

192 1504 265 1578 Aug.
285 1504 371 1556 habet
392 1504 526 1573 repellere
548 1504 649 1572 potuit.
686 1504 747 1557 Mr.

262 1573 346 1626 ilatio
372 1575 404 1626 ab
429 1575 551 1646 sapienti
577 1575 643 1627 riro
665 1590 733 1627 non
756 1572 878 1641 poterit]
915 1574 966 1627 Sic
981 1571 1099 1645 ‘optime
1123 1570 1166 1624 Ol.
1184 1569 1343 1628 Bentleius.

192 1644 297 1719 Vulgo,
315 1645 392 1698 ratio
411 1663 446 1698 ae
461 1643 600 1715 sapientia
617 1662 687 1698 vera
705 1660 759 1697 rore
774 1643 900 1711 pulait?
934 1644 971 1698 D.
1180 1643 1185 1686 ἶ
1214 1647 1216 1650 ’

264 1715 349 1768 Ratio
368 1723 415 1768 ac·
426 1719 610 1784 rapientia
636 1729 719 1766 vero
739 1731 793 1780 nou
808 1715 952 1782 poteriti]
980 1716 1069 1780 „Non
1085 1711 1202 1765 videtur
1216 1727 1345 1764 neeessa-

193 1785 271 1838 rium
295 1786 395 1838 invitis
420 1786 550 1839 omnibus
572 1786 654 1838 libris
672 1802 738 1836 eum
755 1785 871 1838 Divisio
895 1786 1042 1859 corrigere
1062 1783 1099 1847 alr
1117 1783 1234 1852 sapiente·
1250 1780 1356 1849 altof‘-
1389 1826 1396 1845 ,

84 1921 88 1924 f
193 1853 301 1908 Boules
318 1858 354 1909 In
372 1874 462 1932 marg.
481 1857 554 1909 Edd.
573 1856 688 1908 Larnbb.
715 1864 744 1909 et
763 1856 850 1908 Goth.
879 1865 921 1907 est
944 1856 1109 1908 coniectura
1131 1853 1227 1906 nescio
1246 1851 1345 1905 cuiusr

194 1929 270 1980 ratio
296 1943 364 1980 aera
387 1943 420 1980 oc
442 1927 582 1995 sapientia
605 1943 660 1980 non
679 1926 805 1994 poterit?
842 1926 908 1978 Non
931 1927 1015 1978 male.
1053 1926 1164 1977 Nissen.
1192 1939 1269 1987 vera,
1293 1923 1345 1988 ait,

193 1996 349 2066 sapientiae
377 1999 536 2069 epitheton,
563 2014 620 2049 non
646 1996 751 2071 placet.
789 1996 887 2048 Malim
904 1996 1000 2052 arro.“
1034 1995 1074 2048 Et
1098 1994 1144 2046 sic.
1167 2002 1210 2046 ost
1233 1994 1265 2045 in
1287 2008 1346 2044 uno

194 2067 244 2120 ox.
261 2071 264 2074 ’
282 2067 337 2122 Sed
354 2085 419 2124 vera
437 2069 602 2122 debilitaret
619 2066 649 2120 h.
669 2066 689 2119 L
713 2067 775 2118 rim
800 2066 980 2131 elocutionis,
1005 2081 1038 2118 eo
1060 2083 1096 2118 ue
1119 2064 1244 2117 otiosum
1262 2071 1343 2116 esset.

90 2187 93 2192 ,
193 2136 330 2209 Amplexi
348 2147 415 2190 sunt
431 2133 655 2208 post'Davisium
671 2136 799 2189 Bentleii
811 2138 1039 2190 emendationem
1076 2135 1240 2199 AWolflus,
1260 2133 1344 2187 Scine.

194 2207 242 2260 Or.
262 2211 334 2261 Tbn.
371 2208 426 2262 Sed
449 2209 483 2260 ed
508 2208 611 2263 FAW.
631 2206 741 2258 scholas
768 2207 814 2259 Or.
839 2207 917 2260 haud
940 2208 1046 2260 iniusta
1064 2214 1174 2260 -contra
1190 2204 1347 2276 speciosam

193 2278 320 2332 Bentleii
343 2279 572 2334 emendationem
598 2276 691 2328 movit
717 2276 809 2328 dubia.
849 2279 986 2352 Logioam
1015 2278 1042 2332 ei
1069 2277 1224 2330 veritatem
1255 2275 1346 2327 inesse

193 2366 253 2403 non
270 2368 307 2402 ne
328 2357 357 2400 at
367 2368 375 2400 εἸ
392 2350 560 2416 sopiereliam
579 2361 674 2399 oerum
691 2362 749 2399 non
767 2364 826 2401 esse
845 2365 881 2400 ex
899 2367 951 2400 usu
967 2348 1113 2402 Ciceronis
1131 2345 1278 2406 concedit:
1298 2344 1348 2397 sed

194 2435 288 2488 neque
306 2368 392 2471 facile
410 2418 541 2493 intelligi
558 2418 608 2483 ait,
624 2415 777 2486 quomodo,
796 2419 820 2469 si
839 2418 985 2472 cieemnis
1002 2418 1060 2471 fuit
1078 2417 1113 2470 eb
1131 2418 1256 2484 sapienti
1272 2415 1347 2480 viro,

193 2498 255 2542 tem
272 2489 395 2559 simplex
417 2497 504 2558 atque
527 2489 679 2559 perspicua
702 2489 821 2558 scriptio
848 2499 984 2560 corrupta
1001 2491 1049 2552 sit,
1080 2504 1174 2556 neque
1201 2489 1263 2541 viro
1282 2487 1349 2543 addi

194 2577 309 2612 necesse
327 2560 414 2611 fuisse
433 2558 563 2628 rapienti,
594 2575 651 2626 qno
669 2558 729 2610 solo
747 2560 884 2612 vocabulo
908 2576 975 2612 eum
994 2561 1096 2613 Cicero
1120 2559 1144 2610 si
1165 2558 1285 2611 nificare
1303 2573 1349 2609 so-

181 2629 263 2695 leat,
283 2631 334 2700 qui
352 2647 410 2682 non
428 2631 466 2682 sit
482 2629 532 2681 hic
549 2629 598 2680 rel
616 2629 698 2692 alius,
718 2629 766 2681 sed
784 2631 939 2700 sapientiae
957 2631 1040 2699 quasi
1058 2576 1229 2699 exempilnm.
1257 2626 1349 2679 Acoe-

195 2703 263 2755 dere
280 2702 345 2766 hoc,
365 2700 440 2769 quod
458 2703 569 2768 sapiens
586 2699 646 2767 ipss
664 2699 722 2750 iam
739 2699 841 2754 habeat
851 2704 997 2765 rationem,
1009 2701 1051 2752 ita
1060 2707 1093 2751 ut
1105 2717 1142 2752 ne
1154 2698 1347 2752 neceesarium

95 2773 97 2776 ’
192 2771 313 2841 quidem
329 2771 473 2834 rideatur,
491 2779 524 2821 ut
544 2771 618 2822 ratio
637 2784 652 2821 a
670 2773 793 2838 sapiente
811 2771 935 2841 repellat
953 2771 1173 2845 aegritudinem.
1208 2768 1288 2843 Ergo
1306 2784 1346 2821 no

194 2842 391 2894 Bentleianam
410 2840 527 2910 quidem
544 2840 701 2892 lectionem
715 2842 826 2893 rationi
852 2842 881 2895 lo
904 2841 963 2894 'cae
1014 2858 1066 2895 ane
1090 2841 1252 2893 satisfacere
1277 2854 1349 2898 ,con-

181 2912 302 2964 tendit:
331 2927 419 2979 quare
438 2911 567 2974 coniicit,
593 2910 712 2965 abiectis
730 2912 863 2981 reli-quis,
901 2931 915 2965 e
938 2843 1042 2965 engm
1062 2929 1120 2964 esse
1139 2908 1348 2980 simpliciter.“

196 2981 271 3034 ratio
290 2979 487 3048 conpareret?
513 2981 684 3049 praesertim
707 2998 774 3033 oum
797 2983 853 3038 duo
875 2929 973 3048 codd,
1007 2981 1082 3038 Gud.
1108 2990 1137 3035 et
1163 2980 1263 3046 Rebi,
1292 2996 1348 3050 pro
1409 2970 1416 2995 ²

196 3068 230 3106 oc
246 3051 368 3104 habeant
387 3055 422 3115 el,
450 3068 521 3119 quae
538 3051 687 3102 diversitas
704 3052 840 3105 vocabula
866 3055 1015 3123 sequentia
1033 3053 1065 3104 in
1083 3053 1192 3126 glossae
1210 3051 1350 3121 suspicio-

194 3140 263 3177 nem
280 3137 383 3195 vocare
401 3123 498 3190 possit.
527 3120 676 3189 Sapientia
694 3122 790 3175 deberi
808 3140 889 3193 posse
907 3123 1068 3199 glossatori,
1087 3123 1255 3192 qui-vocem
1272 3121 1350 3173 ratio

196 3192 342 3263 explicare
354 3192 458 3245 vellet:
479 3192 526 3245 cui
539 3193 611 3244 alius
623 3192 765 3246 addiderit
781 3194 1007 3248 additamentum
1024 3210 1098 3260 vera,
1116 3209 1174 3245 non
1185 3192 1351 3250 Ciceronia-

95 3284 98 3305 r
194 3281 278 3316 nuent
308 3263 410 3333 quibus
435 3263 539 3315 tertius
563 3257 763 3334 supervenerit
789 3280 830 3330 eo,
859 3274 889 3317 et
906 3274 1024 3333 quartus
1047 3271 1075 3317 et
1097 3264 1209 3318 addens.
1246 3265 1349 3331 Neque

194 3335 345 3403 requirere
363 3335 450 3386 verba
477 3333 511 3384 ab
534 3333 575 3386 its
598 3335 756 3386 necessario
773 3336 993 3405 oppositionem,
1020 3336 1191 3404 praesertim
1209 3351 1276 3386 cum
1293 3340 1351 3384 sta-

141 3411 142 3416 ’
193 3405 251 3456 tim
270 3402 405 3470 sequatur
423 3404 499 3458 Quid
525 3410 568 3456 est
586 3409 693 3464 aulem,
717 3406 796 3471 qaod.
818 3437 851 3448 -
888 3407 965 3459 Haec
989 3407 1037 3458 vir
1063 3406 1248 3458 clarissimus.
1283 3404 1333 3460 E.

195 3474 230 3527 ud
247 3474 390 3529 librorum
408 3473 597 3543 scriptionem
623 3474 800 3531 redeundum
819 3475 992 3541 existimavi,
1018 3478 1058 3528 ita
1083 3485 1190 3542 tamen,
1222 3484 1255 3527 ut
1272 3474 1313 3525 mi
1338 3473 1350 3528 i
1380 3482 1382 3487 ’

193 3560 254 3596 non
273 3544 426 3613 displicere
445 3545 641 3596 coniecturam
650 3543 754 3612 Orellii
771 3563 839 3614 prae
853 3563 900 3598 me
913 3548 1015 3613 feram,
1034 3548 1196 3599 satisfacere
1214 3545 1351 3614 scriptio·

195 3632 263 3668 nem
286 3631 377 3688 marg.
406 3614 502 3665 memb.
527 3614 603 3667 ratio
629 3628 696 3666 oera
719 3630 753 3666 ao
777 3615 917 3683 sapientia
947 3633 1000 3670 aaa
1021 3617 1149 3684 polerit?
1185 3617 1217 3668 Si
1242 3615 1350 3667 liceret

96 3695 105 3710 ¹
194 3684 345 3748 hariolari,
357 3685 453 3754 possis
471 3685 629 3737 coniicere:
663 3683 737 3736 ratio
762 3703 796 3739 oc
818 3689 960 3754 sapientia
977 3687 1053 3741 idem
1079 3682 1207 3752 [fecere]
1227 3701 1282 3738 aaa
1296 3699 1352 3754 po«

184 3754 288 3808 *terite
324 3756 358 3806 In
377 3755 444 3808 God.
464 3753 553 3816 Rehd.
574 3762 616 3807 est
633 3760 752 3819 poterat.
785 3758 850 3809 Me.

119 3832 124 3842 ¹
266 3823 333 3891 Cap.
353 3823 397 3877 28.
434 3824 508 3878 Quid
530 3829 572 3875 est
594 3829 693 3888 aurem,
721 3827 794 3893 qaod
818 3827 885 3894 plue
910 3828 1003 3879 valeat
1027 3825 1102 3892 eto]
1139 3828 1240 3892 „Unus
1266 3823 1349 3878 Leid.

195 3893 288 3946 valeat
306 3893 344 3944 od
363 3893 602 3959 deponendam
620 3894 755 3948 dolorem:
783 3898 860 3965 quod
876 3899 986 3949 rectius
1003 3898 1128 3961 ridetur,
1148 3914 1235 3966 quam
1249 3912 1351 3963 ponen-

196 3964 271 4027 dam,
288 3977 356 4013 eum
374 3964 472 4019 statim
489 3972 626 4031 sequatur
648 3963 682 4017 Si
699 3965 791 4032 igitur
817 3967 942 4034 deponi
966 3967 1087 4035 polest.“
1105 3965 1193 4023 Book.
1230 3968 1351 4036 Recepit

195 4032 378 4085 manifestam
394 4032 470 4084 hano
508 4033 610 4086 lossam
629 4033 795 4090 Schiiteiuse
820 4053 873 4088 neo
890 4042 961 4090 vero
980 4039 1153 4107 quernquam
1172 4037 1350 4090 imitatorem

196 4102 304 4186 babuit.
333 4102 424 4156 Habet
443 4050 560 4157 eandem
578 4104 699 4178 glossam
717 4106 816 4170 Rehd,
836 4107 885 4160 sed
902 4107 952 4172 ita,
971 4116 1007 4159 nt
1023 4108 1066 4171 de,
1086 4125 1173 4178 supra
1189 4107 1241 4164 lin.
1262 4125 1278 4159 a
1298 4123 1351 4176 po·

194 4181 294 4237 ertum,
313 4175 357 4226 ori
380 4174 457 4226 'nem
474 4191 552 4226 suam
569 4175 681 4243 prodat.
719 4175 869 4229 Accedunt
886 4178 973 4230 lllarb.
994 4186 1023 4230 et
1041 4181 1114 4230 Mon.
1135 4179 1161 4233 2.
1199 4178 1256 4232 Sed
1299 4178 1349 4236 ud.

193 4247 222 4300 θ.
250 4243 336 4296 habet
377 4245 481 4301 olorem
498 4245 664 4313 'ponendum
701 4246 843 4318 Exempla
866 4249 949 4301 verbi
964 4248 1114 4320 ,simplicis
1130 4248 1185 4301 hec
1203 4249 1351 4322 significa*

194 4316 275 4372 tione
299 4313 387 4384 positi
411 4315 468 4367 vid
482 4343 484 4347 v
497 4315 528 4366 in
555 4314 689 4374 Sobiitzii
712 4318 781 4370 Lex.
811 4318 871 4371 cto.
887 4336 915 4370 s*
936 4337 963 4371 v.
979 4336 1019 4370 n.
1041 4323 1084 4374 15.
1120 4322 1188 4372 Mox
1208 4319 1298 4372 Rene.
1314 4326 1350 4371 'et

196 4388 271 4439 Mon.
293 4388 316 4440 1.
345 4384 399 4440 rit
419 4383 536 4456 profici,
560 4403 635 4439 unus
654 4387 704 4442 Ox.
725 4386 800 4443 ellit
821 4387 1034 4457 prolioleoi.
1062 4390 1157 4447 Mart.
1167 4388 1352 4464 proficiet
