2842 5070
215 301 279 376 ΞΜ
315 334 318 342 ·
403 303 641 373 4(ΠΟΕῙίΟΝΙδ
661 301 910 377 TUSGULAN.
924 303 1165 371 DISPUTA'I'.

216 472 337 534 tulerit
348 475 487 557 quisque
496 492 624 553 eorum,
646 474 703 555 qui
715 473 883 554 sapienter
892 471 1056 549 tulerunt,
1067 491 1140 534 non
1152 490 1217 554 qno
1229 472 1368 556 quisquc

159 591 161 595 ·
216 554 428 625 incommodo
448 558 584 633 affectus
605 557 661 634 sit,
689 554 953 638 praedicandum
983 563 1044 617 est.
1097 552 1289 636 Chrysippi,
1323 555 1367 618 ad

216 641 395 701 'veritatem
420 637 611 712 firmissima
633 646 695 702 est:
723 637 767 699 ad
794 647 924 719 tempus
940 636 1185 722 ,aegritudiuis
1214 637 1366 702 difficilis.

216 719 484 807 Magnum-opus
505 730 565 799 est,
579 722 734 803 probare
753 720 928 798 maerenti,
954 720 1053 781 illum
1074 738 1134 781 suo
1156 718 1294 799 iudicio,
1323 730 1368 794 et,
1402 775 1405 780 .

218 848 237 855 .-
242 848 404 855 .-—--—.-

216 886 272 960 tur.
281 908 419 975 patienter
435 908 468 961 in
485 925 577 984 marg.
597 904 713 962 Lambb.
732 891 822 960 ooth'.
844 905 966 960 etVorb.
985 905 1066 972 Quod
1084 906 1176 960 sicubi
1195 907 1367 977 reperirem,

235 977 341 1030 lessam
365 995 426 1032 esse
450 979 587 1032 dicerem.
625 977 770 1031 scribitur
801 975 917 1032 tulerint
946 977 977 1028 in
1002 976 1074 1030 Edd.
1100 977 1130 1029 P.
1156 984 1186 1030 et
1209 981 1279 1055 Van.
1304 979 1364 1032 Alt.

151 1063 153 1069 ·
216 997 286 1112 frisi
303 1046 376 1102 baec
393 1064 449 1102 una
468 1047 623 1120 eademque
642 1057 685 1104 est
702 1049 788 1114 Edd.)
806 1063 860 1119 pro
880 1047 1008 1101 tulerunt.
1044 1049 1144 1123 Pergit
1162 1048 1231 1103 God.
1253 1053 1328 1104 Mon.
1341 1050 1365 1107 1.

216 1119 352 1172 omniuo
379 1136 445 1188 que„
466 1119 552 1173 ·'l¹um
578 1119 652 1175 Gud.
671 1122 697 1176 2.
725 1118 839 1190 quiaque
863 1118 1043 1172 commodo.
1068 1120 1147 1197 dug-
1173 1121 1364 1175 incommode:

216 1187 288 1244 Gud.
309 1190 579 1256 tarcodimantes
598 1193 655 1244 ait.
692 1191 761 1245 Μν.Ι
1302 1210 1305 1218 ·

216 1272 219 1280 ’
286 1258 436 1330 chrysippi
454 1263 553 1314 rotie
571 1260 610 1314 ed
627 1263 772 1315 veritatem
789 1258 952 1326 fimieaima
977 1260 1030 1328 eat]
1077 1259 1141 1326 „ln
1158 1261 1285 1313 Victorii
1303 1262 1366 1315 edi-

215 1330 297 1384 tione
323 1337 352 1384 et
375 1330 529 1387 Parisiensi
553 1333 707 1389 Vaseosaoi
731 1331 780 1385 lon
804 1349 819 1387 e
845 1331 1063 1407 elegantissima
1086 1330 1161 1384 ratio
1188 1332 1283 1386 abest:
1318 1333 1365 1385 cui

215 1399 331 1471 Grypb.
351 1400 428 1456 liber
445 1402 503 1458 MS.
523 1402 712 1479 suffragatur.
725 1350 840 1472 'perfiet
856 1409 952 1456 autem
971 1421 986 1455 a
1006 1401 1220 1470 superioribus:
1251 1402 1293 1456 Ne
1311 1404 1365 1456 itta

214 1471 327 1540 quoidam
344 1473 505 1528 consolatio.
543 1474 588 1528 lta
606 1481 701 1528 autem
718 1472 770 1527 hic
788 1471 1123 1542 Chrysippi'eouaolotie,
1143 1473 1295 1544 utpaullo
1315 1492 1366 1526 an·

215 1551 261 1595 tea
279 1543 318 1595 od
333 1543 452 1611 Epicurl
467 1541 689 1598 consolationem
714 1543 832 1599 'Vocem
852 1543 928 1596 rotie
945 1541 1032 1596 habet
1051 1545 1157 1597 Manut.
1177 1543 1275 1597 bamb.
1288 1545 1365 1620 Lug·

215 1612 358 1667 dunenses
377 1615 543 1684 impressi.“
563 1617 677 1669 Brutus.
1179 1639 1183 1652 ·
1327 1625 1361 1662 ··;

285 1681 447 1752 Chrysippi,
473 1687 513 1740 od
529 1688 673 1739 oetutotem
699 1681 865 1752 flrmteeimo
890 1682 963 1749 θεὴ]
999 1681 1171 1754 „sequutus
1199 1686 1362 1741 sumVict.

188 1815 191 1821 Ι
213 1752 382 1819 editionem,
409 1757 452 1822 in,
465 1775 521 1826 qua
546 1757 628 1811 deest
652 1772 708 1809 vox
726 1758 816 1809 retice
864 1755 920 1808 uod
945 1755 988 1808 sic
1007 1771 1123 1826 quoque
1150 1757 1312 1824 repererim
1332 1757 1363 1809 in

213 1823 285 1876 Pell.
305 1832 374 1878 tert.
394 1835 489 1896 quart.
511 1829 598 1880 etiam
618 1827 771 1894 omittatur
789 1826 823 1879 iu
838 1773 896 1878 2110
916 1833 973 1879 vet.
994 1824 1062 1878 God.
1084 1833 1113 1878 et
1131 1825 1260 1896 Grypbii
1278 1827 1362 1881 libro.

213 1893 285 1947 rau.
312 1896 400 1966 prim.
427 1898 520 1966 quint.
547 1896 697 1967 (lbrytt'ppe'
723 1898 929 1950 auctoritem
956 1897 995 1949 ed
1020 1897 1166 1949 ueritatem
1192 1897 1363 1962 firm;·-eat.“

213 1964 295 2020 Geel.
331 1966 519 2036 ,‚Gbryat'ppi,
538 1985 641 2039 nempe
658 1969 822 2030 consolatio,
853 1982 1003 2037 quaeror
1020 1984 1082 2020 nou>
1097 1967 1185 2042 louge
1204 1968 1362 2022 intervallo

211 2039 376 2106 praecessit.
413 2039 508 2124 Vulgo
535 2039 632 2092 aditur
650 2036 803 2107 Chrysippi
831 2036 945 2092 ratio:
975 2037 1023 2092 sed
1045 2053 1146 2091 vocem
1169 2040 1368 2111 posteriorem¹

211 2108 349 2182 ignorant
366 2109 478 2162 Davisii
497 2108 585 2166 Godd.
604 2117 634 2162 et
651 2109 771 2184 regite
789 2107 904 2164 ertum.
925 2106 993 2162 -Sat
1011 2107 1098 2183 louge
1116 2109 1202 2162 distat
1220 2124 1277 2160 vox
1295 2123 1361 2161 eon-

205 2177 324 2243 ,eolete'a
351 2181 491 2250 adquam
511 2180 616 2233 reterri
635 2180 862 2233 voluntnomeu
882 2177 1044 2248 Chrysippi.
1082 2178 1173 2244 Quare
1200 2176 1295 2254 igitur
1312 2195 1361 2232 re·
1402 2217 1405 2224 ·

153 2251 156 2261 '
211 2249 351 2319 probetur
369 2250 457 2305 lectio
476 2247 534 2302 etr
552 2249 629 2316 aippt'
647 2251 868 2316 auotoritas,
894 2267 980 2321 quam
995 2247 1107 2302 ,babent
1131 2242 1202 2301 libri
1229 2248 1363 2318 complu-

212 2336 271 2380 res,
289 2320 321 2372 in
339 2317 387 2371 his
404 2319 512 2395 Regius
533 2266 621 2386 (nihil
639 2321 747 2373 certius
767 2336 852 2406 quam
870 2321 946 2373 mala
963 2320 1020 2373 fide
1037 2319 1112 2372 banc
1124 2335 1237 2390 quoque
1247 2321 1365 2374 tradere

212 2387 328 2441 Codicis
354 2388 436 2465 liegii
462 2390 619 2444 lectionem
644 2389 845 2452 Bouhiermm,
872 2399 906 2445 ut
936 2391 1030 2463 ipsius
1054 2390 1217 2445 sententiae
1247 2391 1364 2443 accedat

210 2459 305 2512 rnaior
327 2461 466 2530 quaedam
492 2461 663 2515 auotoritas:
689 2479 774 2532 quam
799 2459 946 2515 fallaciam
974 2477 1033 2514 nou
1053 2461 1144 2514 sernel
1174 2459 1364 2530 deprehendi-

211 2529 309 2595 musz]
328 2550 402 2584 unus
419 2531 500 2585 Leid.
521 2531 564 2584 ad.
584 2540 724 2585 mearet.
746 2531 829 2585 etde.
849 2532 917 2586 liob.
938 2530 1040 2603 steph.
1060 2532 1139 2586 etc.“
1156 2529 1288 2585 Bouhier.
1323 2530 1362 2583 Et

107 2664 118 2670 -
212 2603 365 2654 auotoritas
393 2609 422 2655 et
447 2601 522 2654 ratio
549 2601 755 2671 interpolatori
777 2602 928 2657 debentur.
973 2603 1104 2656 Priorem
1128 2617 1230 2656 vocem
1256 2599 1362 2654 habent

210 2668 267 2723 duo
286 2671 355 2726 (lxx.
375 2672 460 2725 Bere.
489 2671 550 2736 (hic
568 2673 685 2726 nonnisi
703 2674 734 2725 in
754 2690 846 2749 marg.
866 2674 900 2727 ab
920 2673 957 2726 al.
978 2673 1030 2735 m.)
1057 2673 1132 2749 Aug.
1153 2676 1228 2726 Mon.
1249 2676 1273 2726 l.
1299 2671 1362 2742 (qui
1411 2673 1414 2677 ’

209 2741 298 2795 babet
321 2742 414 2796 multa
438 2742 674 2814 interpolationis
699 2760 735 2797 ex
757 2743 831 2799 Edd.
859 2742 995 2817 vestigia)
1022 2742 1095 2796 Edd.
1117 2746 1146 2800 P.
1167 2744 1200 2795 A.
1225 2743 1257 2794 B.
1277 2741 1305 2798 S.
1324 2743 1359 2795 F..

210 2812 243 2866 G.
263 2813 332 2866 Ven.
352 2812 412 2867 alt.
432 2821 461 2866 et
480 2821 569 2866 nostr.
589 2814 653 2867 Asc.
675 2818 699 2870 1.
718 2816 745 2868 l.
766 2815 848 2870 Junt.
867 2814 989 2870 HWolf.
1014 2812 1125 2870 Sturm.
1162 2812 1292 2867 Eandem
1313 2829 1362 2866 vo·

209 2900 273 2936 cem
293 2884 407 2936 uncinis
427 2883 568 2936 inclusam
585 2883 692 2938 habent
711 2884 853 2940 FAWotr.
874 2886 904 2937 in
923 2884 976 2937 Ed.
1000 2890 1024 2939 l.
1051 2891 1080 2938 et
1098 2886 1168 2937 Bill.
1206 2884 1293 2937 Ratio
1319 2892 1361 2937 est

210 2955 241 3006 in
264 2953 337 3006 Edd.
363 2953 398 3003 Μ.
418 2954 449 3008 la.
477 2953 564 3008 Goth.
590 2954 683 3008 Boul.
701 2955 765 3008 Ate.
792 2956 856 3009 Gar.
884 2953 985 3024 Steph.
1023 2955 1143 3026 ¹Reliqui
1170 2955 1242 3008 libri
1262 2971 1361 3008 omnes

209 3031 348 3077 neutrum
367 3023 480 3078 habeut.
518 3024 620 3078 Statim
639 3026 695 3078 duo
715 3026 784 3082 Oxx.
804 3025 1011 3090 firmissimum
1029 3033 1076 3078 eet.
1092 3026 1206 3079 ‚Verba
1226 3026 1265 3078 od
1289 3025 1362 3077 eeti-

209 3103 294 3148 totem
312 3097 439 3165 explicat
457 3095 645 3162 FAWolfius,
664 3099 695 3148 in
715 3094 832 3159 scholis,
852 3096 948 3150 verbis
961 3113 1004 3150 ex
1018 3092 1189 3150 'nostrorum
1207 3095 1361 3150 hominum

164 3181 169 3186 ’
209 3183 265 3220 usu
283 3167 423 3236 sumptis:
444 3169 642 3230 inabstracta,
664 3168 700 3219 in
719 3167 782 3220 der
799 3165 966 3221 Theorie.
1009 3167 1066 3220 Mr.

152 3262 182 3268 ··
279 3238 319 3290 od
340 3244 447 3306 tempus
470 3237 670 3304 aegritudine,
695 3235 847 3304 difficilia]
887 3239 907 3294 i.
927 3255 951 3292 e.
983 3238 1015 3290 in
1042 3237 1105 3308 ipso
1133 3238 1274 3292 maeroris
1300 3253 1362 3290 me

208 3318 308 3362 mento
326 3316 356 3362 et
373 3307 456 3373 hora,
475 3311 526 3361 vix
544 3309 662 3361 curatio·
675 3308 835 3378 Chrysippi
858 3315 956 3377 potest
979 3306 1121 3374 adhiberi,
1153 3325 1220 3361 eum
1245 3308 1360 3361 anianus

208 3380 240 3431 in
260 3388 371 3431 tumore
398 3380 511 3432 recenti
529 3379 687 3432 collocatus
712 3379 784 3432 tales
802 3379 925 3432 medelas
952 3383 1132 3449 aspernetur.
1169 3379 1292 3432 Dicebat
1315 3380 1362 3431 nia

208 3450 318 3502 mirum
337 3449 522 3518 Chrysippus
541 3451 570 3502 in
591 3449 766 3502 consolando
785 3448 991 3502 detrahendam
1010 3467 1072 3503 esse
1084 3451 1227 3503 maerenti
1246 3450 1361 3520 opinio-

208 3537 276 3572 nem
301 3519 384 3572 illam
410 3520 533 3581 officiosi
559 3526 588 3573 et
612 3519 704 3572 debiti
722 3519 865 3572 doloris.“
890 3520 1025 3574 Beroald.
1063 3520 1119 3572 Pro
1138 3520 1270 3587 difficilia
1289 3518 1358 3573 coe.

208 3591 296 3644 Marb.
318 3591 475 3656 diffieilior,
496 3590 571 3661 quod
589 3588 710 3643 debetur
728 3592 852 3642 fortasse
870 3591 1040 3646 correctori.
1079 3591 1137 3643 Mr.

280 3662 416 3730 Magnum
440 3678 507 3730 opus
533 3661 585 3728 eat]
622 3661 790 3727 „Magnum
808 3677 894 3713 ouue
918 3668 969 3725 est,
989 3658 1127 3730 Grypb.“
1152 3661 1235 3712 Brut.
1273 3659 1361 3726 „Ex-

108 3761 112 3770 ·
187 3739 293 3800 ¹cepto
313 3731 506 3800 quintei’all.
526 3747 624 3784 omnes
642 3730 750 3802 reliqui
778 3739 911 3800 quatuor,
938 3732 1022 3785 Febr.
1041 3730 1133 3783 Vatie.
1159 3730 1274 3800 Grypb.
1302 3746 1363 3783 mo·

208 3817 294 3869 guum
312 3816 395 3854 ouue
412 3801 540 3856 eaesae
558 3801 641 3854 illud·
652 3807 744 3855 tuetur
763 3809 792 3856 et
810 3801 1119 3855 servatVictoriana.“
1138 3801 1220 3854 cett.
1243 3801 1364 3864 „Onus

209 3878 251 3925 eat
269 3871 353 3923 habet
373 3871 440 3924 God.
461 3872 529 3945 lieg.
560 3869 646 3936 [tacet
664 3873 782 3940 quidem
802 3880 829 3925 et
848 3871 877 3925 h.
897 3872 917 3923 l.
938 3873 1057 3926 collatio
1082 3880 1194 3925 nostra:
1228 3872 1279 3925 sed
1301 3888 1374 3927 nou.

155 3958 161 3962 ·
210 3940 405 4001 dubitandum,
431 3944 502 4011 quin
530 3943 628 4018 regius
656 3942 697 3993 ita
715 3941 880 4008 exhibeam]
916 3961 989 3995 uuus
1009 3941 1088 3995 beid.
1108 3942 1200 3996 omnia
1220 3973 1252 3983 -
1273 3941 1360 4005 Onus,

210 4011 286 4076 quod
311 4009 416 4063 habent
441 4012 539 4081 plures
563 4014 650 4066 etiam
674 4012 726 4064 alii
748 4010 837 4066 Oodd.
864 4020 893 4067 et
920 4030 984 4066 mea
1002 4012 1057 4064 Ed.
1075 4020 1150 4075 vet,
1179 4013 1362 4087 significaret

209 4098 272 4134 rem
293 4098 354 4133 esse
373 4082 524 4136 molestam
543 4083 584 4136 ita
602 4084 725 4153 probare
745 4101 806 4136 eam
826 4085 999 4149 sententiam
1012 4084 1162 4147 inserenti,
1184 4091 1216 4134 ut
1230 4099 1362 4135 maerere

183 4151 328 4211 ,desinat
365 4152 421 4204 Sed
448 4155 559 4207 serrari
578 4160 674 4223 potest
698 4153 850 4229 vulgata.“
871 4152 960 4208 Beub.
998 4154 1111 4206 Habent
1136 4169 1206 4205 oneo
1231 4154 1361 4222 quinque
1395 4162 1400 4167 ’

208 4223 280 4276 Oxx.
302 4219 384 4273 .Gud.
407 4226 430 4277 1.
450 4227 475 4280 2.
501 4224 563 4287 (bie
581 4222 678 4286 tostin)
706 4224 781 4298 Aug.
808 4223 907 4278 Duisb.
933 4226 1008 4276 Mon.
1042 4228 1065 4276 1.
1103 4221 1159 4275 Sed
1181 4223 1271 4276 facile
1297 4239 1362 4275 cor*

172 4333 190 4362 ,
206 4293 303 4364 rumpi
322 4300 435 4362 peterat
451 4313 470 4360 p
489 4296 520 4348 in
540 4312 567 4357 u,
586 4311 709 4364 quarum
728 4295 886 4351 litera-rum
902 4293 1066 4347 similitudo
1081 4293 1207 4414 'ffiuodam
1226 4302 1361 4363 tempore

204 4365 269 4416 tuit·
291 4381 335 4416 ma
361 4383 404 4418 na.-
439 4364 503 4417 Vid.
532 4364 649 4442 Baring.
677 4364 758 4418 clav.
785 4365 914 4434 Diplom.
940 4363 1009 4418 Tab.
1036 4362 1091 4432 Alp
1115 4364 1187 4416 abet.
1208 4364 1247 4417 11.
1270 4382 1296 4415 r.
1326 4395 1359 4405 -

204 4437 239 4489 lu
258 4434 326 4491 ced·
371 4434 430 4494 iud.
449 4439 476 4494 la
495 4435 635 4493 scribitur
652 4435 933 4512 denentiae-opus·
948 4434 1056 4501 eet-iu
1075 4448 1135 4488 uuo
1151 4433 1202 4489 Ox.
1228 4449 1365 4502 maguum,
1412 4479 1415 4486 .
