<?xml version="1.0" encoding="UTF-8"?>
<!DOCTYPE html PUBLIC "-//W3C//DTD XHTML 1.0 Transitional//EN"
    "http://www.w3.org/TR/xhtml1/DTD/xhtml1-transitional.dtd">
<html xmlns="http://www.w3.org/1999/xhtml" xml:lang="en" lang="en">
 <head>
  <title>
</title>
<meta http-equiv="Content-Type" content="text/html;charset=utf-8" />
  <meta name='ocr-system' content='tesseract 3.04.00' />
  <meta name='ocr-capabilities' content='ocr_page ocr_carea ocr_par ocr_line ocrx_word'/>
</head>
<body>
  <div class='ocr_page' id='page_1' title='image "./mtulliiciceroni00davigoog_0359.png"; bbox 0 0 2842 5070; ppageno 0'>
   <div class='ocr_carea' id='block_1_1' title="bbox 188 292 1138 400">
    <p class='ocr_par' dir='ltr' id='par_1_1' title="bbox 188 292 1138 400">
     <span class='ocr_line' id='line_1_1' title="bbox 188 292 1138 400; baseline 0.005 -30"><span class='ocrx_word' id='word_1_1' title='bbox 188 308 253 381; x_wconf 79' lang='lat' dir='ltr'><strong>oso</strong></span> <span class='ocrx_word' id='word_1_2' title='bbox 387 305 617 372; x_wconf 79' lang='lat' dir='ltr'><strong>meracius</strong></span> <span class='ocrx_word' id='word_1_3' title='bbox 637 305 884 373; x_wconf 71' lang='lat' dir='ltr'><strong>rusorum.</strong></span> <span class='ocrx_word' id='word_1_4' title='bbox 904 292 1138 400; x_wconf 72' lang='lat' dir='ltr'><strong>merum.</strong></span> 
     </span>
    </p>
   </div>
   <div class='ocr_carea' id='block_1_2' title="bbox 90 473 1400 996">
    <p class='ocr_par' dir='ltr' id='par_1_2' title="bbox 189 473 1353 556">
     <span class='ocr_line' id='line_1_2' title="bbox 189 473 1353 556; baseline 0 -17"><span class='ocrx_word' id='word_1_5' title='bbox 189 480 291 553; x_wconf 66' lang='lat' dir='ltr'><strong>dum,</strong></span> <span class='ocrx_word' id='word_1_6' title='bbox 322 481 396 536; x_wconf 90' lang='lat' dir='ltr'><strong>tum</strong></span> <span class='ocrx_word' id='word_1_7' title='bbox 427 481 687 556; x_wconf 78' lang='lat' dir='ltr'><strong>temperantem,</strong></span> <span class='ocrx_word' id='word_1_8' title='bbox 732 475 817 538; x_wconf 84' lang='lat' dir='ltr'><strong>elias</strong></span> <span class='ocrx_word' id='word_1_9' title='bbox 849 481 1073 548; x_wconf 83' lang='lat' dir='ltr'><strong>constantem,</strong></span> <span class='ocrx_word' id='word_1_10' title='bbox 1105 473 1353 538; x_wconf 83' lang='lat' dir='ltr'><strong>continentem·</strong></span> 
     </span>
    </p>

    <p class='ocr_par' dir='ltr' id='par_1_3' title="bbox 190 553 1351 640">
     <span class='ocr_line' id='line_1_3' title="bbox 190 553 1351 640; baseline 0.003 -22"><span class='ocrx_word' id='word_1_11' title='bbox 190 563 253 640; x_wconf 88' lang='lat' dir='ltr'><strong>que</strong></span> <span class='ocrx_word' id='word_1_12' title='bbox 280 553 440 621; x_wconf 76' lang='lat' dir='ltr'><strong>dicimusr</strong></span> <span class='ocrx_word' id='word_1_13' title='bbox 477 576 725 640; x_wconf 82' lang='lat' dir='ltr'><strong>nonnumquam</strong></span> <span class='ocrx_word' id='word_1_14' title='bbox 756 557 837 620; x_wconf 84' lang='lat' dir='ltr'><strong>haec</strong></span> <span class='ocrx_word' id='word_1_15' title='bbox 868 557 982 620; x_wconf 86' lang='lat' dir='ltr'><strong>eadem</strong></span> <span class='ocrx_word' id='word_1_16' title='bbox 1014 557 1176 619; x_wconf 86' lang='lat' dir='ltr'><strong>vocabula</strong></span> <span class='ocrx_word' id='word_1_17' title='bbox 1207 557 1253 620; x_wconf 88' lang='lat' dir='ltr'><strong>ad</strong></span> <span class='ocrx_word' id='word_1_18' title='bbox 1275 562 1351 621; x_wconf 84' lang='lat' dir='ltr'><strong>fru-</strong></span> 
     </span>
    </p>

    <p class='ocr_par' dir='ltr' id='par_1_4' title="bbox 233 639 1351 723">
     <span class='ocr_line' id='line_1_4' title="bbox 233 639 1351 723; baseline 0.004 -23"><span class='ocrx_word' id='word_1_19' title='bbox 233 639 339 700; x_wconf 89' lang='lat' dir='ltr'><strong>litatis</strong></span> <span class='ocrx_word' id='word_1_20' title='bbox 381 660 520 717; x_wconf 90' lang='lat' dir='ltr'><strong>nomen,</strong></span> <span class='ocrx_word' id='word_1_21' title='bbox 552 649 726 723; x_wconf 77' lang='lat' dir='ltr'><strong>‘tamqnam</strong></span> <span class='ocrx_word' id='word_1_22' title='bbox 766 640 811 703; x_wconf 83' lang='lat' dir='ltr'><strong>ad</strong></span> <span class='ocrx_word' id='word_1_23' title='bbox 849 649 970 722; x_wconf 86' lang='lat' dir='ltr'><strong>caput,</strong></span> <span class='ocrx_word' id='word_1_24' title='bbox 1006 643 1140 703; x_wconf 85' lang='lat' dir='ltr'><strong>reterre</strong></span> <span class='ocrx_word' id='word_1_25' title='bbox 1179 643 1351 707; x_wconf 86' lang='lat' dir='ltr'><strong>volumus.</strong></span> 
     </span>
    </p>

    <p class='ocr_par' dir='ltr' id='par_1_5' title="bbox 90 715 1400 892">
     <span class='ocr_line' id='line_1_5' title="bbox 90 715 1353 806; baseline 0.002 -21"><span class='ocrx_word' id='word_1_26' title='bbox 90 755 93 760; x_wconf 93' lang='lat'><em>·</em></span> <span class='ocrx_word' id='word_1_27' title='bbox 220 720 287 785; x_wconf 89' lang='lat' dir='ltr'><strong>uod</strong></span> <span class='ocrx_word' id='word_1_28' title='bbox 310 722 377 783; x_wconf 81' lang='lat' dir='ltr'><strong>nisi</strong></span> <span class='ocrx_word' id='word_1_29' title='bbox 396 741 436 784; x_wconf 88' lang='lat' dir='ltr'><strong>eo</strong></span> <span class='ocrx_word' id='word_1_30' title='bbox 466 715 599 785; x_wconf 78' lang='lat' dir='ltr'><strong>nomine</strong></span> <span class='ocrx_word' id='word_1_31' title='bbox 626 726 773 786; x_wconf 85' lang='lat' dir='ltr'><strong>virtutes</strong></span> <span class='ocrx_word' id='word_1_32' title='bbox 803 727 1070 800; x_wconf 78' lang='lat' dir='ltr'><strong>continerentur,</strong></span> <span class='ocrx_word' id='word_1_33' title='bbox 1098 728 1353 806; x_wconf 80' lang='lat' dir='ltr'><strong>uumquemita</strong></span> 
     </span>
     <span class='ocr_line' id='line_1_6' title="bbox 212 803 1400 892; baseline 0.005 -26"><span class='ocrx_word' id='word_1_34' title='bbox 212 803 425 892; x_wconf 80' lang='lat' dir='ltr'><strong>ervulgatum</strong></span> <span class='ocrx_word' id='word_1_35' title='bbox 453 805 536 868; x_wconf 87' lang='lat' dir='ltr'><strong>illud</strong></span> <span class='ocrx_word' id='word_1_36' title='bbox 557 814 644 867; x_wconf 86' lang='lat' dir='ltr'><strong>esset</strong></span> <span class='ocrx_word' id='word_1_37' title='bbox 671 814 709 867; x_wconf 91' lang='lat' dir='ltr'><strong>ut</strong></span> <span class='ocrx_word' id='word_1_38' title='bbox 737 809 802 867; x_wconf 89' lang='lat' dir='ltr'><strong>iam</strong></span> <span class='ocrx_word' id='word_1_39' title='bbox 826 807 1001 888; x_wconf 85' lang='lat' dir='ltr'><strong>proverbii</strong></span> <span class='ocrx_word' id='word_1_40' title='bbox 1023 807 1131 866; x_wconf 86' lang='lat' dir='ltr'><strong>locum</strong></span> <span class='ocrx_word' id='word_1_41' title='bbox 1165 807 1353 889; x_wconf 81' lang='lat' dir='ltr'><strong>obtineret,</strong></span> <span class='ocrx_word' id='word_1_42' title='bbox 1395 817 1400 825; x_wconf 84' lang='lat'>&#39;</span> 
     </span>
    </p>

    <p class='ocr_par' dir='ltr' id='par_1_6' title="bbox 106 887 1355 996">
     <span class='ocr_line' id='line_1_7' title="bbox 106 887 1355 996; baseline 0.002 -45"><span class='ocrx_word' id='word_1_43' title='bbox 106 887 182 996; x_wconf 50' lang='grc' dir='ltr'><strong>ΜΒ·</strong></span> <span class='ocrx_word' id='word_1_44' title='bbox 231 891 340 951; x_wconf 73' lang='lat' dir='ltr'><strong>utinen</strong></span> <span class='ocrx_word' id='word_1_45' title='bbox 353 887 457 971; x_wconf 73' lang='lat' dir='ltr'><strong>‘frugi</strong></span> <span class='ocrx_word' id='word_1_46' title='bbox 477 891 582 952; x_wconf 78' lang='lat' dir='ltr'><strong>omnio</strong></span> <span class='ocrx_word' id='word_1_47' title='bbox 610 897 692 950; x_wconf 84' lang='lat' dir='ltr'><strong>recte</strong></span> <span class='ocrx_word' id='word_1_48' title='bbox 710 889 843 968; x_wconf 73' lang='lat' dir='ltr'><strong>fecere.</strong></span> <span class='ocrx_word' id='word_1_49' title='bbox 887 889 985 970; x_wconf 79' lang='lat' dir='ltr'><strong>Quod</strong></span> <span class='ocrx_word' id='word_1_50' title='bbox 1006 887 1096 950; x_wconf 89' lang='lat' dir='ltr'><strong>idem</strong></span> <span class='ocrx_word' id='word_1_51' title='bbox 1117 909 1220 970; x_wconf 90' lang='lat' dir='ltr'><strong>quum</strong></span> <span class='ocrx_word' id='word_1_52' title='bbox 1241 889 1355 953; x_wconf 82' lang='lat' dir='ltr'><strong>Stoici</strong></span> 
     </span>
    </p>
   </div>
   <div class='ocr_carea' id='block_1_3' title="bbox 99 1073 1415 1358">
    <p class='ocr_par' dir='ltr' id='par_1_7' title="bbox 99 1073 1415 1303">
     <span class='ocr_line' id='line_1_8' title="bbox 99 1073 1415 1144; baseline -0.002 -17"><span class='ocrx_word' id='word_1_53' title='bbox 99 1112 107 1121; x_wconf 76' lang='lat'><strong><em>,</em></strong></span> <span class='ocrx_word' id='word_1_54' title='bbox 191 1074 265 1128; x_wconf 85' lang='lat' dir='ltr'><strong>baec</strong></span> <span class='ocrx_word' id='word_1_55' title='bbox 289 1075 376 1128; x_wconf 81' lang='lat' dir='ltr'><strong>verba</strong></span> <span class='ocrx_word' id='word_1_56' title='bbox 398 1074 457 1128; x_wconf 83' lang='lat' dir='ltr'><strong>vid.</strong></span> <span class='ocrx_word' id='word_1_57' title='bbox 487 1093 560 1144; x_wconf 89' lang='lat' dir='ltr'><strong>quae</strong></span> <span class='ocrx_word' id='word_1_58' title='bbox 586 1076 749 1128; x_wconf 89' lang='lat' dir='ltr'><strong>monuimus</strong></span> <span class='ocrx_word' id='word_1_59' title='bbox 768 1076 803 1128; x_wconf 84' lang='lat' dir='ltr'><strong>ad</strong></span> <span class='ocrx_word' id='word_1_60' title='bbox 820 1077 873 1129; x_wconf 90' lang='grc'><strong>111.</strong></span> <span class='ocrx_word' id='word_1_61' title='bbox 893 1077 918 1132; x_wconf 82' lang='grc'><strong>8.</strong></span> <span class='ocrx_word' id='word_1_62' title='bbox 940 1081 973 1132; x_wconf 87' lang='grc'><strong>16</strong></span> <span class='ocrx_word' id='word_1_63' title='bbox 990 1091 1032 1142; x_wconf 84' lang='lat' dir='ltr'><strong>sq.</strong></span> <span class='ocrx_word' id='word_1_64' title='bbox 1062 1074 1135 1135; x_wconf 82' lang='lat' dir='ltr'><strong>Gud.</strong></span> <span class='ocrx_word' id='word_1_65' title='bbox 1155 1076 1181 1130; x_wconf 77' lang='grc'><strong>2.</strong></span> <span class='ocrx_word' id='word_1_66' title='bbox 1206 1073 1295 1129; x_wconf 84' lang='lat' dir='ltr'><strong>habet</strong></span> <span class='ocrx_word' id='word_1_67' title='bbox 1314 1079 1354 1130; x_wconf 78' lang='lat' dir='ltr'><strong>ad</strong></span> <span class='ocrx_word' id='word_1_68' title='bbox 1409 1078 1415 1124; x_wconf 83' lang='grc'><strong>’.</strong></span> 
     </span>
     <span class='ocr_line' id='line_1_9' title="bbox 191 1145 1352 1219; baseline 0.003 -20"><span class='ocrx_word' id='word_1_69' title='bbox 191 1145 403 1214; x_wconf 67' lang='lat' dir='ltr'><strong>frugalitatem</strong></span> <span class='ocrx_word' id='word_1_70' title='bbox 421 1163 523 1199; x_wconf 71' lang='lat' dir='ltr'><strong>norrea.</strong></span> <span class='ocrx_word' id='word_1_71' title='bbox 561 1146 707 1200; x_wconf 83' lang='lat' dir='ltr'><strong>scribitur</strong></span> <span class='ocrx_word' id='word_1_72' title='bbox 734 1147 882 1211; x_wconf 70' lang='lat' dir='ltr'><strong>conferre</strong></span> <span class='ocrx_word' id='word_1_73' title='bbox 900 1147 932 1197; x_wconf 93' lang='lat' dir='ltr'><strong>in</strong></span> <span class='ocrx_word' id='word_1_74' title='bbox 953 1162 1012 1198; x_wconf 91' lang='lat' dir='ltr'><strong>uuo</strong></span> <span class='ocrx_word' id='word_1_75' title='bbox 1031 1147 1083 1210; x_wconf 88' lang='lat' dir='ltr'><strong>Ox.</strong></span> <span class='ocrx_word' id='word_1_76' title='bbox 1103 1147 1187 1198; x_wconf 81' lang='lat' dir='ltr'><strong>Vind.</strong></span> <span class='ocrx_word' id='word_1_77' title='bbox 1208 1150 1235 1214; x_wconf 87' lang='grc'><strong>2,</strong></span> <span class='ocrx_word' id='word_1_78' title='bbox 1261 1148 1352 1219; x_wconf 89' lang='lat' dir='ltr'><strong>idque</strong></span> 
     </span>
     <span class='ocr_line' id='line_1_10' title="bbox 191 1216 1033 1303; baseline -0.004 -32"><span class='ocrx_word' id='word_1_79' title='bbox 191 1217 272 1284; x_wconf 84' lang='lat' dir='ltr'><strong>alios,</strong></span> <span class='ocrx_word' id='word_1_80' title='bbox 291 1219 388 1270; x_wconf 88' lang='lat' dir='ltr'><strong>nescio</strong></span> <span class='ocrx_word' id='word_1_81' title='bbox 407 1235 486 1286; x_wconf 92' lang='lat' dir='ltr'><strong>quos,</strong></span> <span class='ocrx_word' id='word_1_82' title='bbox 505 1216 609 1270; x_wconf 88' lang='lat' dir='ltr'><strong>habere</strong></span> <span class='ocrx_word' id='word_1_83' title='bbox 628 1219 669 1271; x_wconf 88' lang='lat' dir='ltr'><strong>ait</strong></span> <span class='ocrx_word' id='word_1_84' title='bbox 687 1219 771 1270; x_wconf 84' lang='lat' dir='ltr'><strong>Verb.</strong></span> <span class='ocrx_word' id='word_1_85' title='bbox 793 1219 825 1268; x_wconf 89' lang='lat' dir='ltr'><strong>in</strong></span> <span class='ocrx_word' id='word_1_86' title='bbox 841 1235 933 1303; x_wconf 76' lang='lat' dir='ltr'><strong>marg.</strong></span> <span class='ocrx_word' id='word_1_87' title='bbox 971 1218 1033 1270; x_wconf 87' lang='lat' dir='ltr'><strong>Mr.</strong></span> 
     </span>
    </p>

    <p class='ocr_par' dir='ltr' id='par_1_8' title="bbox 263 1287 1351 1358">
     <span class='ocr_line' id='line_1_11' title="bbox 263 1287 1351 1358; baseline 0.003 -18"><span class='ocrx_word' id='word_1_88' title='bbox 263 1290 312 1341; x_wconf 80' lang='lat' dir='ltr'><strong>Ad</strong></span> <span class='ocrx_word' id='word_1_89' title='bbox 328 1289 509 1358; x_wconf 72' lang='lat' dir='ltr'><strong>frugalitatis</strong></span> <span class='ocrx_word' id='word_1_90' title='bbox 527 1288 633 1355; x_wconf 84' lang='lat' dir='ltr'><strong>nomen]</strong></span> <span class='ocrx_word' id='word_1_91' title='bbox 670 1288 742 1341; x_wconf 81' lang='lat' dir='ltr'><strong>Vide</strong></span> <span class='ocrx_word' id='word_1_92' title='bbox 762 1306 834 1358; x_wconf 85' lang='lat' dir='ltr'><strong>quae</strong></span> <span class='ocrx_word' id='word_1_93' title='bbox 852 1289 977 1342; x_wconf 80' lang='lat' dir='ltr'><strong>diximus</strong></span> <span class='ocrx_word' id='word_1_94' title='bbox 995 1288 1030 1340; x_wconf 87' lang='lat' dir='ltr'><strong>ad</strong></span> <span class='ocrx_word' id='word_1_95' title='bbox 1048 1287 1098 1340; x_wconf 91' lang='lat' dir='ltr'><strong>lib.</strong></span> <span class='ocrx_word' id='word_1_96' title='bbox 1118 1287 1171 1340; x_wconf 86' lang='lat'><strong>111.</strong></span> <span class='ocrx_word' id='word_1_97' title='bbox 1193 1293 1291 1358; x_wconf 87' lang='lat' dir='ltr'><strong>cap.8.</strong></span> <span class='ocrx_word' id='word_1_98' title='bbox 1312 1291 1351 1344; x_wconf 87' lang='lat' dir='ltr'><strong>D.</strong></span> 
     </span>
    </p>
   </div>
   <div class='ocr_carea' id='block_1_4' title="bbox 35 1376 1356 3933">
    <p class='ocr_par' dir='ltr' id='par_1_9' title="bbox 253 1376 1354 1445">
     <span class='ocr_line' id='line_1_12' title="bbox 253 1376 1354 1445; baseline -0.001 -11"><span class='ocrx_word' id='word_1_99' title='bbox 253 1379 347 1434; x_wconf 37' lang='lat' dir='ltr'><strong>‘Quod</strong></span> <span class='ocrx_word' id='word_1_100' title='bbox 364 1376 422 1431; x_wconf 74' lang='lat' dir='ltr'><strong>nisi</strong></span> <span class='ocrx_word' id='word_1_101' title='bbox 439 1395 471 1432; x_wconf 84' lang='lat' dir='ltr'><strong>eo</strong></span> <span class='ocrx_word' id='word_1_102' title='bbox 489 1377 598 1441; x_wconf 73' lang='lat' dir='ltr'><strong>nomine</strong></span> <span class='ocrx_word' id='word_1_103' title='bbox 616 1377 738 1431; x_wconf 78' lang='lat' dir='ltr'><strong>virtutes</strong></span> <span class='ocrx_word' id='word_1_104' title='bbox 764 1376 991 1444; x_wconf 82' lang='lat' dir='ltr'><strong>continerentur,]</strong></span> <span class='ocrx_word' id='word_1_105' title='bbox 1027 1377 1153 1442; x_wconf 68' lang='lat' dir='ltr'><strong>„Quod</strong></span> <span class='ocrx_word' id='word_1_106' title='bbox 1174 1378 1233 1433; x_wconf 80' lang='lat' dir='ltr'><strong>nisi</strong></span> <span class='ocrx_word' id='word_1_107' title='bbox 1258 1379 1354 1445; x_wconf 76' lang='lat' dir='ltr'><strong>[uteo-</strong></span> 
     </span>
    </p>

    <p class='ocr_par' dir='ltr' id='par_1_10' title="bbox 192 1449 1354 1519">
     <span class='ocr_line' id='line_1_13' title="bbox 192 1449 1354 1519; baseline 0.006 -20"><span class='ocrx_word' id='word_1_108' title='bbox 192 1449 339 1514; x_wconf 73' lang='grc' dir='ltr'><strong>ναστικῶς]</strong></span> <span class='ocrx_word' id='word_1_109' title='bbox 365 1450 473 1501; x_wconf 88' lang='lat' dir='ltr'><strong>dicitur</strong></span> <span class='ocrx_word' id='word_1_110' title='bbox 490 1459 523 1502; x_wconf 86' lang='lat' dir='ltr'><strong>ut</strong></span> <span class='ocrx_word' id='word_1_111' title='bbox 540 1450 611 1502; x_wconf 87' lang='lat' dir='ltr'><strong>alibi</strong></span> <span class='ocrx_word' id='word_1_112' title='bbox 629 1450 703 1519; x_wconf 83' lang='lat' dir='ltr'><strong>qood</strong></span> <span class='ocrx_word' id='word_1_113' title='bbox 721 1450 851 1518; x_wconf 77' lang='lat' dir='ltr'><strong>quoniam</strong></span> <span class='ocrx_word' id='word_1_114' title='bbox 869 1449 914 1512; x_wconf 90' lang='lat' dir='ltr'><strong>(de</strong></span> <span class='ocrx_word' id='word_1_115' title='bbox 932 1451 1045 1502; x_wconf 89' lang='lat' dir='ltr'><strong>luvent.</strong></span> <span class='ocrx_word' id='word_1_116' title='bbox 1066 1449 1103 1500; x_wconf 90' lang='grc'><strong>11.</strong></span> <span class='ocrx_word' id='word_1_117' title='bbox 1123 1451 1178 1514; x_wconf 72' lang='lat'><strong>2),</strong></span> <span class='ocrx_word' id='word_1_118' title='bbox 1206 1453 1281 1519; x_wconf 79' lang='lat' dir='ltr'><strong>qood</strong></span> <span class='ocrx_word' id='word_1_119' title='bbox 1295 1454 1354 1508; x_wconf 81' lang='lat' dir='ltr'><strong>uti·</strong></span> 
     </span>
    </p>

    <p class='ocr_par' dir='ltr' id='par_1_11' title="bbox 553 1521 1353 1552">
     <span class='ocr_line' id='line_1_14' title="bbox 553 1521 1353 1552; baseline 0 0"><span class='ocrx_word' id='word_1_120' title='bbox 553 1521 559 1533; x_wconf 85' lang='lat'>⁸</span> <span class='ocrx_word' id='word_1_121' title='bbox 682 1539 688 1552; x_wconf 83' lang='lat'><strong>·</strong></span> <span class='ocrx_word' id='word_1_122' title='bbox 859 1522 864 1532; x_wconf 81' lang='lat'>⁸</span> <span class='ocrx_word' id='word_1_123' title='bbox 1333 1523 1353 1552; x_wconf 71' lang='grc'><strong>44</strong></span> 
     </span>
    </p>

    <p class='ocr_par' dir='ltr' id='par_1_12' title="bbox 78 1519 1350 1662">
     <span class='ocr_line' id='line_1_15' title="bbox 78 1519 1350 1662; baseline -0.002 -11"><span class='ocrx_word' id='word_1_124' title='bbox 78 1643 83 1651; x_wconf 94' lang='grc'><strong>.</strong></span> <span class='ocrx_word' id='word_1_125' title='bbox 192 1535 279 1645; x_wconf 55' lang='lat' dir='ltr'><strong>didi.</strong></span> <span class='ocrx_word' id='word_1_126' title='bbox 293 1520 420 1646; x_wconf 50' lang='lat' dir='ltr'><strong>,qimi</strong></span> <span class='ocrx_word' id='word_1_127' title='bbox 436 1521 795 1645; x_wconf 56' lang='lat' dir='ltr'><strong>dff01i2¹l⁰iid⁹ioiuii</strong></span> <span class='ocrx_word' id='word_1_128' title='bbox 812 1519 1265 1662; x_wconf 39' lang='lat' dir='ltr'><strong>ffliismdierdinpssf’ro&#39;sil&#39;ei&#39;</strong></span> <span class='ocrx_word' id='word_1_129' title='bbox 1277 1527 1350 1648; x_wconf 63' lang='lat' dir='ltr'><strong>iii..</strong></span> 
     </span>
    </p>

    <p class='ocr_par' dir='ltr' id='par_1_13' title="bbox 191 1661 1353 1818">
     <span class='ocr_line' id='line_1_16' title="bbox 191 1661 1353 1734; baseline 0.003 -18"><span class='ocrx_word' id='word_1_130' title='bbox 191 1661 285 1716; x_wconf 81' lang='lat' dir='ltr'><strong>Beier.</strong></span> <span class='ocrx_word' id='word_1_131' title='bbox 312 1663 348 1715; x_wconf 86' lang='lat' dir='ltr'><strong>ad</strong></span> <span class='ocrx_word' id='word_1_132' title='bbox 371 1662 430 1715; x_wconf 84' lang='lat' dir='ltr'><strong>Cic.</strong></span> <span class='ocrx_word' id='word_1_133' title='bbox 457 1663 535 1714; x_wconf 73' lang='lat' dir='ltr'><strong>[nel.</strong></span> <span class='ocrx_word' id='word_1_134' title='bbox 557 1665 599 1727; x_wconf 84' lang='grc'><strong>16,</strong></span> <span class='ocrx_word' id='word_1_135' title='bbox 618 1665 661 1718; x_wconf 80' lang='grc'><strong>63.</strong></span> <span class='ocrx_word' id='word_1_136' title='bbox 689 1680 716 1734; x_wconf 85' lang='lat' dir='ltr'><strong>p.</strong></span> <span class='ocrx_word' id='word_1_137' title='bbox 737 1665 780 1718; x_wconf 86' lang='grc'><strong>83.</strong></span> <span class='ocrx_word' id='word_1_138' title='bbox 819 1661 852 1715; x_wconf 90' lang='grc' dir='ltr'><strong>Α.</strong></span> <span class='ocrx_word' id='word_1_139' title='bbox 878 1661 1016 1716; x_wconf 80' lang='lat' dir='ltr'><strong>Matthiae</strong></span> <span class='ocrx_word' id='word_1_140' title='bbox 1040 1662 1076 1714; x_wconf 87' lang='lat' dir='ltr'><strong>ad</strong></span> <span class='ocrx_word' id='word_1_141' title='bbox 1103 1662 1162 1716; x_wconf 83' lang='lat' dir='ltr'><strong>cic.</strong></span> <span class='ocrx_word' id='word_1_142' title='bbox 1187 1681 1241 1734; x_wconf 86' lang='lat' dir='ltr'><strong>pro</strong></span> <span class='ocrx_word' id='word_1_143' title='bbox 1270 1665 1353 1718; x_wconf 87' lang='lat' dir='ltr'><strong>Sulla</strong></span> 
     </span>
     <span class='ocr_line' id='line_1_17' title="bbox 194 1733 703 1818; baseline -0.002 -31"><span class='ocrx_word' id='word_1_144' title='bbox 194 1733 292 1787; x_wconf 81' lang='lat' dir='ltr'><strong>mv,</strong></span> <span class='ocrx_word' id='word_1_145' title='bbox 312 1735 356 1788; x_wconf 86' lang='grc'><strong>68.</strong></span> <span class='ocrx_word' id='word_1_146' title='bbox 376 1750 441 1806; x_wconf 78' lang='lat' dir='ltr'><strong>pag.</strong></span> <span class='ocrx_word' id='word_1_147' title='bbox 461 1736 505 1790; x_wconf 95' lang='grc'><strong>41.</strong></span> <span class='ocrx_word' id='word_1_148' title='bbox 541 1734 601 1789; x_wconf 88' lang='lat' dir='ltr'><strong>Mr.</strong></span> <span class='ocrx_word' id='word_1_149' title='bbox 696 1803 703 1818; x_wconf 93' lang='lat'><strong>.</strong></span> 
     </span>
    </p>

    <p class='ocr_par' dir='ltr' id='par_1_14' title="bbox 194 1803 1353 1947">
     <span class='ocr_line' id='line_1_18' title="bbox 194 1803 1353 1947; baseline 0.001 -16"><span class='ocrx_word' id='word_1_150' title='bbox 194 1878 219 1931; x_wconf 88' lang='lat'><strong>1.</strong></span> <span class='ocrx_word' id='word_1_151' title='bbox 239 1819 405 1932; x_wconf 57' lang='lat' dir='ltr'><strong>dtttt</strong></span> <span class='ocrx_word' id='word_1_152' title='bbox 417 1803 1353 1947; x_wconf 45' lang='lat' dir='ltr'><strong>‘tt‘tttttttttritt..itttttttttdttttt:</strong></span> 
     </span>
    </p>

    <p class='ocr_par' dir='ltr' id='par_1_15' title="bbox 193 1945 1355 2018">
     <span class='ocr_line' id='line_1_19' title="bbox 193 1945 1355 2018; baseline 0.003 -19"><span class='ocrx_word' id='word_1_153' title='bbox 193 1946 278 1999; x_wconf 72' lang='lat' dir='ltr'><strong>vind.</strong></span> <span class='ocrx_word' id='word_1_154' title='bbox 300 1950 324 2002; x_wconf 88' lang='lat'><strong>1.</strong></span> <span class='ocrx_word' id='word_1_155' title='bbox 343 1949 369 2002; x_wconf 85' lang='grc'><strong>2.</strong></span> <span class='ocrx_word' id='word_1_156' title='bbox 395 1949 472 2000; x_wconf 86' lang='grc' dir='ltr'><strong>Μοιι.</strong></span> <span class='ocrx_word' id='word_1_157' title='bbox 493 1950 517 2001; x_wconf 87' lang='grc'><strong>1.</strong></span> <span class='ocrx_word' id='word_1_158' title='bbox 544 1948 611 2011; x_wconf 85' lang='lat' dir='ltr'><strong>(nisi</strong></span> <span class='ocrx_word' id='word_1_159' title='bbox 630 1948 705 2016; x_wconf 89' lang='lat' dir='ltr'><strong>quod</strong></span> <span class='ocrx_word' id='word_1_160' title='bbox 730 1947 764 2001; x_wconf 82' lang='lat' dir='ltr'><strong>hi</strong></span> <span class='ocrx_word' id='word_1_161' title='bbox 781 1956 841 2000; x_wconf 87' lang='lat' dir='ltr'><strong>tres</strong></span> <span class='ocrx_word' id='word_1_162' title='bbox 864 1965 930 2000; x_wconf 89' lang='lat' dir='ltr'><strong>cum</strong></span> <span class='ocrx_word' id='word_1_163' title='bbox 948 1945 1037 2000; x_wconf 87' lang='lat' dir='ltr'><strong>Rehd.</strong></span> <span class='ocrx_word' id='word_1_164' title='bbox 1056 1947 1199 2014; x_wconf 63' lang='lat' dir='ltr'><strong>sacione)</strong></span> <span class='ocrx_word' id='word_1_165' title='bbox 1226 1959 1355 2018; x_wconf 80' lang='lat' dir='ltr'><strong>quatuor</strong></span> 
     </span>
    </p>

    <p class='ocr_par' dir='ltr' id='par_1_16' title="bbox 192 2016 1353 2092">
     <span class='ocr_line' id='line_1_20' title="bbox 192 2016 1353 2092; baseline 0.002 -22"><span class='ocrx_word' id='word_1_166' title='bbox 192 2016 264 2070; x_wconf 77' lang='lat' dir='ltr'><strong>Pan.</strong></span> <span class='ocrx_word' id='word_1_167' title='bbox 283 2019 405 2087; x_wconf 82' lang='lat' dir='ltr'><strong>priores,</strong></span> <span class='ocrx_word' id='word_1_168' title='bbox 423 2027 457 2070; x_wconf 93' lang='lat' dir='ltr'><strong>ut</strong></span> <span class='ocrx_word' id='word_1_169' title='bbox 474 2020 567 2070; x_wconf 80' lang='lat' dir='ltr'><strong>refert</strong></span> <span class='ocrx_word' id='word_1_170' title='bbox 586 2018 762 2084; x_wconf 82' lang='lat' dir='ltr'><strong>Gebhardus,</strong></span> <span class='ocrx_word' id='word_1_171' title='bbox 788 2019 839 2087; x_wconf 87' lang='lat' dir='ltr'><strong>qui</strong></span> <span class='ocrx_word' id='word_1_172' title='bbox 864 2017 955 2071; x_wconf 83' lang='lat' dir='ltr'><strong>addit:</strong></span> <span class='ocrx_word' id='word_1_173' title='bbox 981 2019 1140 2092; x_wconf 78' lang='lat' dir='ltr'><strong>elegantius</strong></span> <span class='ocrx_word' id='word_1_174' title='bbox 1164 2019 1252 2073; x_wconf 88' lang='lat' dir='ltr'><strong>etiam</strong></span> <span class='ocrx_word' id='word_1_175' title='bbox 1277 2022 1353 2084; x_wconf 61' lang='lat' dir='ltr'><strong>scri·⁸</strong></span> 
     </span>
    </p>

    <p class='ocr_par' dir='ltr' id='par_1_17' title="bbox 88 2087 1352 2158">
     <span class='ocr_line' id='line_1_21' title="bbox 88 2087 1352 2158; baseline -0.002 -14"><span class='ocrx_word' id='word_1_176' title='bbox 88 2139 92 2144; x_wconf 92' lang='lat'><strong>.</strong></span> <span class='ocrx_word' id='word_1_177' title='bbox 193 2087 262 2144; x_wconf 88' lang='lat' dir='ltr'><strong>bere</strong></span> <span class='ocrx_word' id='word_1_178' title='bbox 279 2089 456 2142; x_wconf 76' lang='lat' dir='ltr'><strong>victorium:</strong></span> <span class='ocrx_word' id='word_1_179' title='bbox 476 2104 617 2157; x_wconf 81' lang='lat' dir='ltr'><strong>nunquam</strong></span> <span class='ocrx_word' id='word_1_180' title='bbox 633 2093 676 2144; x_wconf 86' lang='lat' dir='ltr'><strong>ito</strong></span> <span class='ocrx_word' id='word_1_181' title='bbox 690 2106 745 2158; x_wconf 83' lang='lat' dir='ltr'><strong>per</strong></span> <span class='ocrx_word' id='word_1_182' title='bbox 760 2089 834 2142; x_wconf 78' lang='lat' dir='ltr'><strong>illud</strong></span> <span class='ocrx_word' id='word_1_183' title='bbox 850 2091 996 2157; x_wconf 77' lang='lat' dir='ltr'><strong>vulgatum</strong></span> <span class='ocrx_word' id='word_1_184' title='bbox 1013 2096 1095 2145; x_wconf 76' lang='lat' dir='ltr'><strong>esset.</strong></span> <span class='ocrx_word' id='word_1_185' title='bbox 1119 2087 1165 2142; x_wconf 77' lang='lat' dir='ltr'><strong>Aa</strong></span> <span class='ocrx_word' id='word_1_186' title='bbox 1181 2107 1253 2158; x_wconf 82' lang='lat' dir='ltr'><strong>qnae</strong></span> <span class='ocrx_word' id='word_1_187' title='bbox 1273 2091 1352 2143; x_wconf 89' lang='lat' dir='ltr'><strong>Gro-</strong></span> 
     </span>
    </p>

    <p class='ocr_par' dir='ltr' id='par_1_18' title="bbox 192 2159 1350 2230">
     <span class='ocr_line' id='line_1_22' title="bbox 192 2159 1350 2230; baseline -0.001 -16"><span class='ocrx_word' id='word_1_188' title='bbox 192 2162 315 2223; x_wconf 82' lang='lat' dir='ltr'><strong>novius:</strong></span> <span class='ocrx_word' id='word_1_189' title='bbox 336 2160 418 2226; x_wconf 89' lang='lat' dir='ltr'><strong>„Ubi</strong></span> <span class='ocrx_word' id='word_1_190' title='bbox 437 2169 534 2212; x_wconf 85' lang='lat' dir='ltr'><strong>manet</strong></span> <span class='ocrx_word' id='word_1_191' title='bbox 553 2161 663 2214; x_wconf 87' lang='lat' dir='ltr'><strong>mentio</strong></span> <span class='ocrx_word' id='word_1_192' title='bbox 680 2161 803 2212; x_wconf 89' lang='lat' dir='ltr'><strong>aliorum</strong></span> <span class='ocrx_word' id='word_1_193' title='bbox 822 2161 999 2230; x_wconf 84' lang='lat' dir='ltr'><strong>optimorum</strong></span> <span class='ocrx_word' id='word_1_194' title='bbox 1017 2159 1162 2213; x_wconf 79' lang='lat' dir='ltr'><strong>codicum?</strong></span> <span class='ocrx_word' id='word_1_195' title='bbox 1187 2161 1261 2211; x_wconf 85' lang='lat' dir='ltr'><strong>Nam</strong></span> <span class='ocrx_word' id='word_1_196' title='bbox 1279 2177 1350 2230; x_wconf 89' lang='lat' dir='ltr'><strong>pro-</strong></span> 
     </span>
    </p>

    <p class='ocr_par' dir='ltr' id='par_1_19' title="bbox 193 2229 1352 2300">
     <span class='ocr_line' id='line_1_23' title="bbox 193 2229 1352 2300; baseline 0.002 -18"><span class='ocrx_word' id='word_1_197' title='bbox 193 2231 272 2285; x_wconf 74' lang='lat' dir='ltr'><strong>fecto</strong></span> <span class='ocrx_word' id='word_1_198' title='bbox 289 2232 486 2284; x_wconf 85' lang='lat' dir='ltr'><strong>Victorianam</strong></span> <span class='ocrx_word' id='word_1_199' title='bbox 503 2231 662 2285; x_wconf 90' lang='lat' dir='ltr'><strong>lectionem</strong></span> <span class='ocrx_word' id='word_1_200' title='bbox 687 2231 773 2300; x_wconf 86' lang='lat' dir='ltr'><strong>plene</strong></span> <span class='ocrx_word' id='word_1_201' title='bbox 792 2232 909 2284; x_wconf 87' lang='lat' dir='ltr'><strong>exhibet</strong></span> <span class='ocrx_word' id='word_1_202' title='bbox 927 2231 1085 2294; x_wconf 81' lang='lat' dir='ltr'><strong>Vaticanus,</strong></span> <span class='ocrx_word' id='word_1_203' title='bbox 1109 2229 1273 2300; x_wconf 55' lang='lat' dir='ltr'><strong>andecam</strong></span> <span class='ocrx_word' id='word_1_204' title='bbox 1301 2248 1352 2284; x_wconf 90' lang='lat' dir='ltr'><strong>re·</strong></span> 
     </span>
    </p>

    <p class='ocr_par' dir='ltr' id='par_1_20' title="bbox 193 2298 1353 2372">
     <span class='ocr_line' id='line_1_24' title="bbox 193 2298 1353 2372; baseline -0.002 -16"><span class='ocrx_word' id='word_1_205' title='bbox 193 2318 302 2372; x_wconf 76' lang='lat' dir='ltr'><strong>ponere</strong></span> <span class='ocrx_word' id='word_1_206' title='bbox 319 2319 379 2355; x_wconf 89' lang='lat' dir='ltr'><strong>non</strong></span> <span class='ocrx_word' id='word_1_207' title='bbox 405 2302 544 2366; x_wconf 78' lang='lat' dir='ltr'><strong>dubitavi,</strong></span> <span class='ocrx_word' id='word_1_208' title='bbox 569 2319 658 2370; x_wconf 90' lang='lat' dir='ltr'><strong>quum</strong></span> <span class='ocrx_word' id='word_1_209' title='bbox 684 2301 848 2354; x_wconf 82' lang='lat' dir='ltr'><strong>existimem</strong></span> <span class='ocrx_word' id='word_1_210' title='bbox 872 2311 901 2356; x_wconf 91' lang='lat' dir='ltr'><strong>et</strong></span> <span class='ocrx_word' id='word_1_211' title='bbox 924 2302 956 2352; x_wconf 93' lang='lat' dir='ltr'><strong>in</strong></span> <span class='ocrx_word' id='word_1_212' title='bbox 983 2300 1048 2356; x_wconf 86' lang='lat' dir='ltr'><strong>aliis</strong></span> <span class='ocrx_word' id='word_1_213' title='bbox 1072 2298 1156 2353; x_wconf 84' lang='lat' dir='ltr'><strong>libris</strong></span> <span class='ocrx_word' id='word_1_214' title='bbox 1177 2301 1353 2354; x_wconf 87' lang='lat' dir='ltr'><strong>melioribus</strong></span> 
     </span>
    </p>

    <p class='ocr_par' dir='ltr' id='par_1_21' title="bbox 144 2371 1354 2443">
     <span class='ocr_line' id='line_1_25' title="bbox 144 2371 1354 2443; baseline -0.002 -16"><span class='ocrx_word' id='word_1_215' title='bbox 144 2434 147 2442; x_wconf 33' lang='grc' dir='ltr'>Ι</span> <span class='ocrx_word' id='word_1_216' title='bbox 193 2389 258 2427; x_wconf 79' lang='lat' dir='ltr'><strong>eam</strong></span> <span class='ocrx_word' id='word_1_217' title='bbox 280 2389 348 2438; x_wconf 85' lang='lat' dir='ltr'><strong>esse,</strong></span> <span class='ocrx_word' id='word_1_218' title='bbox 374 2380 403 2424; x_wconf 88' lang='lat' dir='ltr'><strong>et</strong></span> <span class='ocrx_word' id='word_1_219' title='bbox 427 2373 535 2425; x_wconf 85' lang='lat' dir='ltr'><strong>tmesin</strong></span> <span class='ocrx_word' id='word_1_220' title='bbox 556 2372 639 2424; x_wconf 88' lang='lat' dir='ltr'><strong>illam</strong></span> <span class='ocrx_word' id='word_1_221' title='bbox 661 2388 720 2424; x_wconf 88' lang='lat' dir='ltr'><strong>non</strong></span> <span class='ocrx_word' id='word_1_222' title='bbox 746 2388 827 2442; x_wconf 89' lang='lat' dir='ltr'><strong>posse</strong></span> <span class='ocrx_word' id='word_1_223' title='bbox 852 2373 945 2426; x_wconf 89' lang='lat' dir='ltr'><strong>abesse</strong></span> <span class='ocrx_word' id='word_1_224' title='bbox 968 2392 985 2426; x_wconf 85' lang='lat' dir='ltr'><strong>a</strong></span> <span class='ocrx_word' id='word_1_225' title='bbox 1008 2371 1156 2443; x_wconf 79' lang='lat' dir='ltr'><strong>Ciceronis</strong></span> <span class='ocrx_word' id='word_1_226' title='bbox 1179 2371 1354 2426; x_wconf 78' lang='lat' dir='ltr'><strong>suavitate.“</strong></span> 
     </span>
    </p>

    <p class='ocr_par' dir='ltr' id='par_1_22' title="bbox 193 2434 1354 2514">
     <span class='ocr_line' id='line_1_26' title="bbox 193 2434 1354 2514; baseline 0.002 -18"><span class='ocrx_word' id='word_1_227' title='bbox 193 2443 270 2496; x_wconf 80' lang='lat' dir='ltr'><strong>Cum</strong></span> <span class='ocrx_word' id='word_1_228' title='bbox 287 2442 373 2508; x_wconf 79' lang='lat' dir='ltr'><strong>vict,</strong></span> <span class='ocrx_word' id='word_1_229' title='bbox 392 2452 508 2513; x_wconf 85' lang='lat' dir='ltr'><strong>praeter</strong></span> <span class='ocrx_word' id='word_1_230' title='bbox 527 2443 720 2508; x_wconf 82' lang='lat' dir='ltr'><strong>Gronovium,</strong></span> <span class='ocrx_word' id='word_1_231' title='bbox 738 2444 852 2496; x_wconf 87' lang='lat' dir='ltr'><strong>faciunt</strong></span> <span class='ocrx_word' id='word_1_232' title='bbox 868 2445 937 2500; x_wconf 83' lang='lat' dir='ltr'><strong>Rob.</strong></span> <span class='ocrx_word' id='word_1_233' title='bbox 957 2440 1057 2513; x_wconf 80' lang='lat' dir='ltr'><strong>steph.</strong></span> <span class='ocrx_word' id='word_1_234' title='bbox 1070 2434 1212 2496; x_wconf 68' lang='lat' dir='ltr'><strong>Ermblt.</strong></span> <span class='ocrx_word' id='word_1_235' title='bbox 1232 2461 1354 2514; x_wconf 75' lang='lat' dir='ltr'><strong>euinque</strong></span> 
     </span>
    </p>

    <p class='ocr_par' dir='ltr' id='par_1_23' title="bbox 195 2512 1353 2585">
     <span class='ocr_line' id='line_1_27' title="bbox 195 2512 1353 2585; baseline 0 -19"><span class='ocrx_word' id='word_1_236' title='bbox 195 2513 353 2569; x_wconf 83' lang='lat' dir='ltr'><strong>lectionem</strong></span> <span class='ocrx_word' id='word_1_237' title='bbox 372 2514 503 2567; x_wconf 85' lang='lat' dir='ltr'><strong>defendit</strong></span> <span class='ocrx_word' id='word_1_238' title='bbox 521 2515 656 2568; x_wconf 87' lang='lat' dir='ltr'><strong>Garaton.</strong></span> <span class='ocrx_word' id='word_1_239' title='bbox 677 2514 711 2566; x_wconf 89' lang='lat' dir='ltr'><strong>ad</strong></span> <span class='ocrx_word' id='word_1_240' title='bbox 731 2515 778 2568; x_wconf 88' lang='lat' dir='ltr'><strong>Or.</strong></span> <span class='ocrx_word' id='word_1_241' title='bbox 798 2532 852 2584; x_wconf 89' lang='lat' dir='ltr'><strong>pro</strong></span> <span class='ocrx_word' id='word_1_242' title='bbox 870 2514 948 2569; x_wconf 84' lang='lat' dir='ltr'><strong>Sext.</strong></span> <span class='ocrx_word' id='word_1_243' title='bbox 966 2533 994 2585; x_wconf 90' lang='lat' dir='ltr'><strong>p.</strong></span> <span class='ocrx_word' id='word_1_244' title='bbox 1017 2516 1078 2570; x_wconf 87' lang='grc'><strong>129.</strong></span> <span class='ocrx_word' id='word_1_245' title='bbox 1116 2512 1208 2582; x_wconf 69' lang='lat' dir='ltr'><strong>„Sed</strong></span> <span class='ocrx_word' id='word_1_246' title='bbox 1233 2515 1274 2567; x_wconf 86' lang='lat' dir='ltr'><strong>ait</strong></span> <span class='ocrx_word' id='word_1_247' title='bbox 1294 2517 1353 2581; x_wconf 91' lang='lat' dir='ltr'><strong>Or.,</strong></span> 
     </span>
    </p>

    <p class='ocr_par' dir='ltr' id='par_1_24' title="bbox 194 2583 1354 2654">
     <span class='ocr_line' id='line_1_28' title="bbox 194 2583 1354 2654; baseline 0.002 -15"><span class='ocrx_word' id='word_1_248' title='bbox 194 2587 295 2641; x_wconf 81' lang='lat' dir='ltr'><strong>tmesis</strong></span> <span class='ocrx_word' id='word_1_249' title='bbox 318 2587 372 2638; x_wconf 87' lang='lat' dir='ltr'><strong>ista</strong></span> <span class='ocrx_word' id='word_1_250' title='bbox 389 2586 508 2637; x_wconf 79' lang='lat' dir='ltr'><strong>videtur</strong></span> <span class='ocrx_word' id='word_1_251' title='bbox 528 2586 633 2638; x_wconf 79' lang='lat' dir='ltr'><strong>hebere</strong></span> <span class='ocrx_word' id='word_1_252' title='bbox 658 2586 757 2638; x_wconf 90' lang='lat' dir='ltr'><strong>locum</strong></span> <span class='ocrx_word' id='word_1_253' title='bbox 775 2586 922 2638; x_wconf 87' lang='lat' dir='ltr'><strong>dumtaxat</strong></span> <span class='ocrx_word' id='word_1_254' title='bbox 940 2587 970 2636; x_wconf 93' lang='lat' dir='ltr'><strong>in</strong></span> <span class='ocrx_word' id='word_1_255' title='bbox 991 2584 1110 2638; x_wconf 80' lang='lat' dir='ltr'><strong>talibus:</strong></span> <span class='ocrx_word' id='word_1_256' title='bbox 1139 2602 1192 2654; x_wconf 86' lang='lat' dir='ltr'><strong>per</strong></span> <span class='ocrx_word' id='word_1_257' title='bbox 1208 2583 1280 2640; x_wconf 71' lang='lat' dir='ltr'><strong>ezidi</strong></span> <span class='ocrx_word' id='word_1_258' title='bbox 1297 2589 1354 2641; x_wconf 81' lang='lat' dir='ltr'><strong>aci-</strong></span> 
     </span>
    </p>

    <p class='ocr_par' dir='ltr' id='par_1_25' title="bbox 195 2655 1354 2728">
     <span class='ocr_line' id='line_1_29' title="bbox 195 2655 1354 2728; baseline 0.002 -19"><span class='ocrx_word' id='word_1_259' title='bbox 195 2661 254 2712; x_wconf 83' lang='lat' dir='ltr'><strong>tum</strong></span> <span class='ocrx_word' id='word_1_260' title='bbox 270 2657 387 2721; x_wconf 79' lang='lat' dir='ltr'><strong>videtur,</strong></span> <span class='ocrx_word' id='word_1_261' title='bbox 401 2671 453 2724; x_wconf 82' lang='lat' dir='ltr'><strong>per</strong></span> <span class='ocrx_word' id='word_1_262' title='bbox 470 2655 541 2711; x_wconf 73' lang='lat' dir='ltr'><strong>mite·</strong></span> <span class='ocrx_word' id='word_1_263' title='bbox 555 2663 673 2724; x_wconf 75' lang='lat' dir='ltr'><strong>gratam</strong></span> <span class='ocrx_word' id='word_1_264' title='bbox 691 2657 802 2721; x_wconf 83' lang='lat' dir='ltr'><strong>accidit,</strong></span> <span class='ocrx_word' id='word_1_265' title='bbox 828 2674 887 2710; x_wconf 90' lang='lat' dir='ltr'><strong>uon</strong></span> <span class='ocrx_word' id='word_1_266' title='bbox 905 2659 976 2708; x_wconf 89' lang='lat' dir='ltr'><strong>item</strong></span> <span class='ocrx_word' id='word_1_267' title='bbox 995 2657 1026 2707; x_wconf 93' lang='lat' dir='ltr'><strong>in</strong></span> <span class='ocrx_word' id='word_1_268' title='bbox 1049 2657 1213 2728; x_wconf 82' lang='lat' dir='ltr'><strong>participiis</strong></span> <span class='ocrx_word' id='word_1_269' title='bbox 1238 2673 1354 2728; x_wconf 89' lang='lat' dir='ltr'><strong>compo·</strong></span> 
     </span>
    </p>

    <p class='ocr_par' dir='ltr' id='par_1_26' title="bbox 194 2725 1353 2799">
     <span class='ocr_line' id='line_1_30' title="bbox 194 2725 1353 2799; baseline -0.001 -16"><span class='ocrx_word' id='word_1_270' title='bbox 194 2731 259 2783; x_wconf 86' lang='lat' dir='ltr'><strong>sitis</strong></span> <span class='ocrx_word' id='word_1_271' title='bbox 274 2729 469 2799; x_wconf 81' lang='lat' dir='ltr'><strong>pervulgatae,</strong></span> <span class='ocrx_word' id='word_1_272' title='bbox 487 2732 642 2796; x_wconf 80' lang='lat' dir='ltr'><strong>permotas,</strong></span> <span class='ocrx_word' id='word_1_273' title='bbox 659 2730 835 2796; x_wconf 71' lang='lat' dir='ltr'><strong>perscriptae</strong></span> <span class='ocrx_word' id='word_1_274' title='bbox 853 2728 931 2780; x_wconf 86' lang='lat' dir='ltr'><strong>cet.“</strong></span> <span class='ocrx_word' id='word_1_275' title='bbox 968 2725 1113 2780; x_wconf 82' lang='lat' dir='ltr'><strong>scribitur</strong></span> <span class='ocrx_word' id='word_1_276' title='bbox 1136 2728 1210 2783; x_wconf 80' lang='lat' dir='ltr'><strong>illud</strong></span> <span class='ocrx_word' id='word_1_277' title='bbox 1228 2730 1272 2781; x_wconf 84' lang='lat' dir='ltr'><strong>ita</strong></span> <span class='ocrx_word' id='word_1_278' title='bbox 1288 2745 1353 2796; x_wconf 85' lang='lat' dir='ltr'><strong>per·</strong></span> 
     </span>
    </p>

    <p class='ocr_par' dir='ltr' id='par_1_27' title="bbox 195 2797 1352 2869">
     <span class='ocr_line' id='line_1_31' title="bbox 195 2797 1352 2869; baseline 0.001 -15"><span class='ocrx_word' id='word_1_279' title='bbox 195 2802 338 2869; x_wconf 74' lang='lat' dir='ltr'><strong>volgatum</strong></span> <span class='ocrx_word' id='word_1_280' title='bbox 368 2800 399 2851; x_wconf 90' lang='lat' dir='ltr'><strong>in</strong></span> <span class='ocrx_word' id='word_1_281' title='bbox 422 2799 494 2850; x_wconf 87' lang='lat' dir='ltr'><strong>Edd.</strong></span> <span class='ocrx_word' id='word_1_282' title='bbox 521 2801 549 2850; x_wconf 89' lang='lat' dir='ltr'><strong>P.</strong></span> <span class='ocrx_word' id='word_1_283' title='bbox 574 2797 607 2850; x_wconf 83' lang='lat' dir='ltr'><strong>A.</strong></span> <span class='ocrx_word' id='word_1_284' title='bbox 633 2799 665 2850; x_wconf 86' lang='grc' dir='ltr'><strong>Β.</strong></span> <span class='ocrx_word' id='word_1_285' title='bbox 692 2798 723 2851; x_wconf 85' lang='lat' dir='ltr'><strong>C.</strong></span> <span class='ocrx_word' id='word_1_286' title='bbox 749 2801 785 2851; x_wconf 82' lang='lat' dir='ltr'><strong>M.</strong></span> <span class='ocrx_word' id='word_1_287' title='bbox 810 2800 842 2851; x_wconf 81' lang='grc' dir='ltr'><strong>Ι..</strong></span> <span class='ocrx_word' id='word_1_288' title='bbox 864 2800 962 2852; x_wconf 86' lang='lat' dir='ltr'><strong>Herw.</strong></span> <span class='ocrx_word' id='word_1_289' title='bbox 981 2800 1051 2851; x_wconf 81' lang='lat' dir='ltr'><strong>Ven.</strong></span> <span class='ocrx_word' id='word_1_290' title='bbox 1078 2808 1169 2855; x_wconf 87' lang='lat' dir='ltr'><strong>nostr.</strong></span> <span class='ocrx_word' id='word_1_291' title='bbox 1195 2799 1261 2852; x_wconf 87' lang='lat' dir='ltr'><strong>Asc.</strong></span> <span class='ocrx_word' id='word_1_292' title='bbox 1282 2803 1306 2855; x_wconf 92' lang='lat'><strong>1.</strong></span> <span class='ocrx_word' id='word_1_293' title='bbox 1326 2800 1352 2855; x_wconf 89' lang='grc'><strong>2.</strong></span> 
     </span>
    </p>

    <p class='ocr_par' dir='ltr' id='par_1_28' title="bbox 194 2868 1354 2945">
     <span class='ocr_line' id='line_1_32' title="bbox 194 2868 1354 2945; baseline -0.003 -19"><span class='ocrx_word' id='word_1_294' title='bbox 194 2873 278 2928; x_wconf 82' lang='lat' dir='ltr'><strong>Juut.</strong></span> <span class='ocrx_word' id='word_1_295' title='bbox 297 2873 360 2924; x_wconf 83' lang='lat' dir='ltr'><strong>Car.</strong></span> <span class='ocrx_word' id='word_1_296' title='bbox 382 2869 481 2938; x_wconf 86' lang='lat' dir='ltr'><strong>Stepb.</strong></span> <span class='ocrx_word' id='word_1_297' title='bbox 500 2869 582 2922; x_wconf 84' lang='lat' dir='ltr'><strong>Brut.</strong></span> <span class='ocrx_word' id='word_1_298' title='bbox 601 2870 682 2924; x_wconf 89' lang='lat' dir='ltr'><strong>Boul.</strong></span> <span class='ocrx_word' id='word_1_299' title='bbox 702 2868 768 2921; x_wconf 88' lang='lat' dir='ltr'><strong>Ald.</strong></span> <span class='ocrx_word' id='word_1_300' title='bbox 788 2870 911 2928; x_wconf 83' lang='lat' dir='ltr'><strong>HWolf.</strong></span> <span class='ocrx_word' id='word_1_301' title='bbox 945 2871 979 2922; x_wconf 88' lang='lat' dir='ltr'><strong>In</strong></span> <span class='ocrx_word' id='word_1_302' title='bbox 1005 2885 1063 2921; x_wconf 90' lang='lat' dir='ltr'><strong>uno</strong></span> <span class='ocrx_word' id='word_1_303' title='bbox 1082 2871 1133 2923; x_wconf 83' lang='lat' dir='ltr'><strong>Ox.</strong></span> <span class='ocrx_word' id='word_1_304' title='bbox 1164 2877 1194 2922; x_wconf 91' lang='lat' dir='ltr'><strong>et</strong></span> <span class='ocrx_word' id='word_1_305' title='bbox 1210 2869 1286 2945; x_wconf 77' lang='lat' dir='ltr'><strong>Aug.</strong></span> <span class='ocrx_word' id='word_1_306' title='bbox 1312 2878 1354 2923; x_wconf 91' lang='lat' dir='ltr'><strong>est</strong></span> 
     </span>
    </p>

    <p class='ocr_par' dir='ltr' id='par_1_29' title="bbox 231 2939 1352 3010">
     <span class='ocr_line' id='line_1_33' title="bbox 231 2939 1352 3010; baseline -0.003 -15"><span class='ocrx_word' id='word_1_307' title='bbox 231 2943 410 3010; x_wconf 78' lang='lat' dir='ltr'><strong>omotgatam.</strong></span> <span class='ocrx_word' id='word_1_308' title='bbox 449 2940 606 2993; x_wconf 87' lang='lat' dir='ltr'><strong>Nobiscum</strong></span> <span class='ocrx_word' id='word_1_309' title='bbox 632 2940 753 3004; x_wconf 85' lang='lat' dir='ltr'><strong>faciunt,</strong></span> <span class='ocrx_word' id='word_1_310' title='bbox 782 2950 898 3010; x_wconf 87' lang='lat' dir='ltr'><strong>praeter</strong></span> <span class='ocrx_word' id='word_1_311' title='bbox 923 2939 1009 2993; x_wconf 85' lang='lat' dir='ltr'><strong>Ocdd.</strong></span> <span class='ocrx_word' id='word_1_312' title='bbox 1035 2940 1144 3007; x_wconf 89' lang='lat' dir='ltr'><strong>laudd.,</strong></span> <span class='ocrx_word' id='word_1_313' title='bbox 1169 2941 1241 3010; x_wconf 76' lang='lat' dir='ltr'><strong>Edd.</strong></span> <span class='ocrx_word' id='word_1_314' title='bbox 1268 2941 1297 2995; x_wconf 90' lang='lat' dir='ltr'><strong>S.</strong></span> <span class='ocrx_word' id='word_1_315' title='bbox 1318 2941 1352 2994; x_wconf 85' lang='lat' dir='ltr'><strong>E.</strong></span> 
     </span>
    </p>

    <p class='ocr_par' dir='ltr' id='par_1_30' title="bbox 223 3010 1353 3083">
     <span class='ocr_line' id='line_1_34' title="bbox 223 3010 1353 3083; baseline 0 -18"><span class='ocrx_word' id='word_1_316' title='bbox 223 3052 234 3076; x_wconf 68' lang='grc'><strong>.,</strong></span> <span class='ocrx_word' id='word_1_317' title='bbox 250 3013 324 3066; x_wconf 81' lang='lat' dir='ltr'><strong>Lall.</strong></span> <span class='ocrx_word' id='word_1_318' title='bbox 345 3010 490 3067; x_wconf 74' lang='lat' dir='ltr'><strong>FAWolf.</strong></span> <span class='ocrx_word' id='word_1_319' title='bbox 510 3010 594 3067; x_wconf 86' lang='lat' dir='ltr'><strong>Schz.</strong></span> <span class='ocrx_word' id='word_1_320' title='bbox 616 3011 663 3068; x_wconf 87' lang='lat' dir='ltr'><strong>Or.</strong></span> <span class='ocrx_word' id='word_1_321' title='bbox 683 3011 773 3066; x_wconf 89' lang='lat' dir='ltr'><strong>Nobb.</strong></span> <span class='ocrx_word' id='word_1_322' title='bbox 792 3011 864 3063; x_wconf 88' lang='lat' dir='ltr'><strong>Tbn.</strong></span> <span class='ocrx_word' id='word_1_323' title='bbox 885 3012 1013 3080; x_wconf 86' lang='lat' dir='ltr'><strong>itemque</strong></span> <span class='ocrx_word' id='word_1_324' title='bbox 1040 3011 1125 3064; x_wconf 85' lang='lat' dir='ltr'><strong>Leod.</strong></span> <span class='ocrx_word' id='word_1_325' title='bbox 1154 3013 1217 3083; x_wconf 85' lang='lat' dir='ltr'><strong>Bip.</strong></span> <span class='ocrx_word' id='word_1_326' title='bbox 1237 3012 1353 3066; x_wconf 85' lang='lat' dir='ltr'><strong>Maunh.</strong></span> 
     </span>
    </p>

    <p class='ocr_par' dir='ltr' id='par_1_31' title="bbox 128 3081 1353 3156">
     <span class='ocr_line' id='line_1_35' title="bbox 128 3081 1353 3156; baseline -0.003 -17"><span class='ocrx_word' id='word_1_327' title='bbox 128 3118 135 3126; x_wconf 93' lang='lat'>·</span> <span class='ocrx_word' id='word_1_328' title='bbox 195 3084 373 3155; x_wconf 87' lang='lat' dir='ltr'><strong>Nuperrime</strong></span> <span class='ocrx_word' id='word_1_329' title='bbox 391 3083 426 3135; x_wconf 84' lang='lat' dir='ltr'><strong>E.</strong></span> <span class='ocrx_word' id='word_1_330' title='bbox 445 3084 477 3133; x_wconf 88' lang='lat' dir='ltr'><strong>V.</strong></span> <span class='ocrx_word' id='word_1_331' title='bbox 496 3083 532 3135; x_wconf 84' lang='lat' dir='ltr'><strong>E.</strong></span> <span class='ocrx_word' id='word_1_332' title='bbox 551 3081 652 3156; x_wconf 81' lang='lat' dir='ltr'><strong>Vogel.</strong></span> <span class='ocrx_word' id='word_1_333' title='bbox 682 3083 713 3134; x_wconf 90' lang='lat' dir='ltr'><strong>in</strong></span> <span class='ocrx_word' id='word_1_334' title='bbox 738 3082 903 3135; x_wconf 86' lang='lat' dir='ltr'><strong>Prolusione</strong></span> <span class='ocrx_word' id='word_1_335' title='bbox 930 3083 1084 3153; x_wconf 85' lang='lat' dir='ltr'><strong>Bipontina</strong></span> <span class='ocrx_word' id='word_1_336' title='bbox 1106 3085 1181 3138; x_wconf 83' lang='lat'><strong>1831.</strong></span> <span class='ocrx_word' id='word_1_337' title='bbox 1208 3103 1237 3154; x_wconf 88' lang='lat' dir='ltr'><strong>p.</strong></span> <span class='ocrx_word' id='word_1_338' title='bbox 1258 3086 1295 3138; x_wconf 86' lang='grc'><strong>27</strong></span> <span class='ocrx_word' id='word_1_339' title='bbox 1312 3101 1353 3154; x_wconf 87' lang='lat' dir='ltr'><strong>sq.</strong></span> 
     </span>
    </p>

    <p class='ocr_par' dir='ltr' id='par_1_32' title="bbox 196 3152 1355 3275">
     <span class='ocr_line' id='line_1_36' title="bbox 196 3152 1355 3275; baseline -0.002 -65"><span class='ocrx_word' id='word_1_340' title='bbox 196 3165 299 3210; x_wconf 89' lang='lat' dir='ltr'><strong>eontra</strong></span> <span class='ocrx_word' id='word_1_341' title='bbox 317 3152 458 3209; x_wconf 86' lang='lat' dir='ltr'><strong>Orellium</strong></span> <span class='ocrx_word' id='word_1_342' title='bbox 477 3154 512 3206; x_wconf 86' lang='lat' dir='ltr'><strong>ad</strong></span> <span class='ocrx_word' id='word_1_343' title='bbox 529 3154 588 3206; x_wconf 87' lang='lat' dir='ltr'><strong>Cic.</strong></span> <span class='ocrx_word' id='word_1_344' title='bbox 608 3170 662 3224; x_wconf 90' lang='lat' dir='ltr'><strong>pro</strong></span> <span class='ocrx_word' id='word_1_345' title='bbox 681 3155 757 3275; x_wconf 64' lang='lat' dir='ltr'><strong>Leqe</strong></span> <span class='ocrx_word' id='word_1_346' title='bbox 776 3156 848 3206; x_wconf 82' lang='lat' dir='ltr'><strong>Man.</strong></span> <span class='ocrx_word' id='word_1_347' title='bbox 871 3156 914 3209; x_wconf 89' lang='grc'><strong>14.</strong></span> <span class='ocrx_word' id='word_1_348' title='bbox 933 3157 976 3209; x_wconf 88' lang='grc'><strong>46.</strong></span> <span class='ocrx_word' id='word_1_349' title='bbox 995 3154 1067 3206; x_wconf 82' lang='lat' dir='ltr'><strong>haec</strong></span> <span class='ocrx_word' id='word_1_350' title='bbox 1085 3154 1212 3207; x_wconf 89' lang='lat' dir='ltr'><strong>monuit:</strong></span> <span class='ocrx_word' id='word_1_351' title='bbox 1234 3155 1355 3221; x_wconf 83' lang='lat' dir='ltr'><strong>„nolim</strong></span> 
     </span>
    </p>

    <p class='ocr_par' dir='ltr' id='par_1_33' title="bbox 194 3224 1355 3295">
     <span class='ocr_line' id='line_1_37' title="bbox 194 3224 1355 3295; baseline 0 -16"><span class='ocrx_word' id='word_1_352' title='bbox 194 3227 225 3284; x_wconf 86' lang='lat' dir='ltr'><strong>b.</strong></span> <span class='ocrx_word' id='word_1_353' title='bbox 244 3228 265 3279; x_wconf 91' lang='lat'><strong>1.</strong></span> <span class='ocrx_word' id='word_1_354' title='bbox 286 3224 353 3280; x_wconf 78' lang='lat' dir='ltr'><strong>aV.</strong></span> <span class='ocrx_word' id='word_1_355' title='bbox 372 3224 406 3277; x_wconf 88' lang='lat' dir='ltr'><strong>D.</strong></span> <span class='ocrx_word' id='word_1_356' title='bbox 426 3225 575 3295; x_wconf 87' lang='lat' dir='ltr'><strong>repudiata</strong></span> <span class='ocrx_word' id='word_1_357' title='bbox 595 3232 669 3283; x_wconf 77' lang='lat' dir='ltr'><strong>esset</strong></span> <span class='ocrx_word' id='word_1_358' title='bbox 691 3243 725 3294; x_wconf 85' lang='lat' dir='ltr'><strong>pa</strong></span> <span class='ocrx_word' id='word_1_359' title='bbox 740 3225 830 3276; x_wconf 87' lang='lat' dir='ltr'><strong>maria</strong></span> <span class='ocrx_word' id='word_1_360' title='bbox 849 3224 990 3278; x_wconf 87' lang='lat' dir='ltr'><strong>Gulelmii</strong></span> <span class='ocrx_word' id='word_1_361' title='bbox 1021 3226 1188 3278; x_wconf 87' lang='lat' dir='ltr'><strong>coniectura</strong></span> <span class='ocrx_word' id='word_1_362' title='bbox 1208 3243 1272 3294; x_wconf 83' lang='lat' dir='ltr'><strong>per</strong></span> <span class='ocrx_word' id='word_1_363' title='bbox 1295 3232 1355 3279; x_wconf 86' lang='lat' dir='ltr'><strong>erat</strong></span> 
     </span>
    </p>

    <p class='ocr_par' dir='ltr' id='par_1_34' title="bbox 35 3293 1355 3367">
     <span class='ocr_line' id='line_1_38' title="bbox 35 3293 1355 3367; baseline -0.004 -13"><span class='ocrx_word' id='word_1_364' title='bbox 35 3302 37 3306; x_wconf 35' lang='lat'>⁸</span> <span class='ocrx_word' id='word_1_365' title='bbox 123 3308 126 3312; x_wconf 86' lang='lat'>&#39;</span> <span class='ocrx_word' id='word_1_366' title='bbox 195 3299 353 3354; x_wconf 78' lang='lat' dir='ltr'><strong>ntoleetum</strong></span> <span class='ocrx_word' id='word_1_367' title='bbox 378 3293 458 3365; x_wconf 84' lang='lat' dir='ltr'><strong>(pro</strong></span> <span class='ocrx_word' id='word_1_368' title='bbox 471 3313 579 3365; x_wconf 81' lang='lat' dir='ltr'><strong>semper</strong></span> <span class='ocrx_word' id='word_1_369' title='bbox 602 3301 663 3349; x_wconf 84' lang='lat' dir='ltr'><strong>eret</strong></span> <span class='ocrx_word' id='word_1_370' title='bbox 686 3293 847 3358; x_wconf 79' lang='lat' dir='ltr'><strong>molestum).</strong></span> <span class='ocrx_word' id='word_1_371' title='bbox 887 3296 966 3362; x_wconf 87' lang='lat' dir='ltr'><strong>Quod</strong></span> <span class='ocrx_word' id='word_1_372' title='bbox 993 3312 1025 3348; x_wconf 88' lang='lat' dir='ltr'><strong>eo</strong></span> <span class='ocrx_word' id='word_1_373' title='bbox 1044 3296 1116 3349; x_wconf 86' lang='lat' dir='ltr'><strong>fecit</strong></span> <span class='ocrx_word' id='word_1_374' title='bbox 1142 3314 1253 3362; x_wconf 88' lang='lat' dir='ltr'><strong>errore,</strong></span> <span class='ocrx_word' id='word_1_375' title='bbox 1280 3297 1355 3367; x_wconf 90' lang='lat' dir='ltr'><strong>quod</strong></span> 
     </span>
    </p>

    <p class='ocr_par' dir='ltr' id='par_1_35' title="bbox 196 3366 1356 3438">
     <span class='ocr_line' id='line_1_39' title="bbox 196 3366 1356 3438; baseline -0.003 -14"><span class='ocrx_word' id='word_1_376' title='bbox 196 3379 230 3424; x_wconf 89' lang='lat' dir='ltr'><strong>ut</strong></span> <span class='ocrx_word' id='word_1_377' title='bbox 247 3370 277 3427; x_wconf 83' lang='lat' dir='ltr'><strong>h.</strong></span> <span class='ocrx_word' id='word_1_378' title='bbox 298 3369 330 3433; x_wconf 93' lang='lat' dir='ltr'><strong>l.,</strong></span> <span class='ocrx_word' id='word_1_379' title='bbox 350 3367 392 3420; x_wconf 88' lang='lat' dir='ltr'><strong>sic</strong></span> <span class='ocrx_word' id='word_1_380' title='bbox 410 3367 445 3419; x_wconf 91' lang='lat' dir='ltr'><strong>ad</strong></span> <span class='ocrx_word' id='word_1_381' title='bbox 462 3368 546 3420; x_wconf 90' lang='lat' dir='ltr'><strong>Tusc.</strong></span> <span class='ocrx_word' id='word_1_382' title='bbox 568 3368 615 3420; x_wconf 89' lang='lat' dir='ltr'><strong>IV.</strong></span> <span class='ocrx_word' id='word_1_383' title='bbox 637 3370 678 3422; x_wconf 82' lang='lat'><strong>16.</strong></span> <span class='ocrx_word' id='word_1_384' title='bbox 699 3371 742 3423; x_wconf 88' lang='grc'><strong>36.</strong></span> <span class='ocrx_word' id='word_1_385' title='bbox 763 3367 946 3432; x_wconf 82' lang='lat' dir='ltr'><strong>existimavit,</strong></span> <span class='ocrx_word' id='word_1_386' title='bbox 974 3366 1140 3419; x_wconf 89' lang='lat' dir='ltr'><strong>huiusmodi</strong></span> <span class='ocrx_word' id='word_1_387' title='bbox 1168 3372 1270 3438; x_wconf 77' lang='grc' dir='ltr'><strong>τμῆσιν</strong></span> <span class='ocrx_word' id='word_1_388' title='bbox 1294 3376 1356 3421; x_wconf 87' lang='lat' dir='ltr'><strong>tan·</strong></span> 
     </span>
    </p>

    <p class='ocr_par' dir='ltr' id='par_1_36' title="bbox 197 3433 1355 3508">
     <span class='ocr_line' id='line_1_40' title="bbox 197 3433 1355 3508; baseline -0.003 -13"><span class='ocrx_word' id='word_1_389' title='bbox 197 3440 346 3495; x_wconf 89' lang='lat' dir='ltr'><strong>tummodo</strong></span> <span class='ocrx_word' id='word_1_390' title='bbox 374 3447 440 3490; x_wconf 88' lang='lat' dir='ltr'><strong>ante</strong></span> <span class='ocrx_word' id='word_1_391' title='bbox 454 3433 628 3508; x_wconf 68' lang='lat' dir='ltr'><strong>&#39;pronomen</strong></span> <span class='ocrx_word' id='word_1_392' title='bbox 657 3438 752 3489; x_wconf 90' lang='lat' dir='ltr'><strong>locum</strong></span> <span class='ocrx_word' id='word_1_393' title='bbox 787 3436 902 3490; x_wconf 88' lang='lat' dir='ltr'><strong>habere.</strong></span> <span class='ocrx_word' id='word_1_394' title='bbox 949 3437 1004 3489; x_wconf 88' lang='lat' dir='ltr'><strong>Sed</strong></span> <span class='ocrx_word' id='word_1_395' title='bbox 1028 3437 1116 3489; x_wconf 86' lang='lat' dir='ltr'><strong>latius</strong></span> <span class='ocrx_word' id='word_1_396' title='bbox 1142 3440 1269 3508; x_wconf 86' lang='lat' dir='ltr'><strong>patuisse</strong></span> <span class='ocrx_word' id='word_1_397' title='bbox 1295 3439 1355 3492; x_wconf 87' lang='lat' dir='ltr'><strong>eius</strong></span> 
     </span>
    </p>

    <p class='ocr_par' dir='ltr' id='par_1_37' title="bbox 196 3505 1356 3579">
     <span class='ocr_line' id='line_1_41' title="bbox 196 3505 1356 3579; baseline -0.003 -13"><span class='ocrx_word' id='word_1_398' title='bbox 196 3529 280 3566; x_wconf 90' lang='lat' dir='ltr'><strong>usum</strong></span> <span class='ocrx_word' id='word_1_399' title='bbox 304 3511 500 3563; x_wconf 86' lang='lat' dir='ltr'><strong>demonstrant</strong></span> <span class='ocrx_word' id='word_1_400' title='bbox 527 3509 585 3562; x_wconf 91' lang='lat' dir='ltr'><strong>loci</strong></span> <span class='ocrx_word' id='word_1_401' title='bbox 608 3507 642 3560; x_wconf 84' lang='lat' dir='ltr'><strong>ad</strong></span> <span class='ocrx_word' id='word_1_402' title='bbox 669 3510 776 3562; x_wconf 79' lang='lat' dir='ltr'><strong>Famm.</strong></span> <span class='ocrx_word' id='word_1_403' title='bbox 802 3509 854 3561; x_wconf 88' lang='lat'><strong>111.</strong></span> <span class='ocrx_word' id='word_1_404' title='bbox 875 3512 904 3565; x_wconf 84' lang='lat'><strong>5:</strong></span> <span class='ocrx_word' id='word_1_405' title='bbox 932 3505 1010 3561; x_wconf 74' lang='lat' dir='ltr'><strong>Mitt</strong></span> <span class='ocrx_word' id='word_1_406' title='bbox 1033 3507 1156 3562; x_wconf 73' lang='lat' dir='ltr'><strong>Pioniae</strong></span> <span class='ocrx_word' id='word_1_407' title='bbox 1180 3509 1269 3576; x_wconf 81' lang='lat' dir='ltr'><strong>dixit,</strong></span> <span class='ocrx_word' id='word_1_408' title='bbox 1294 3527 1356 3579; x_wconf 85' lang='lat' dir='ltr'><strong>per</strong></span> 
     </span>
    </p>

    <p class='ocr_par' dir='ltr' id='par_1_38' title="bbox 196 3577 1354 3649">
     <span class='ocr_line' id='line_1_42' title="bbox 196 3577 1354 3649; baseline -0.005 -11"><span class='ocrx_word' id='word_1_409' title='bbox 196 3583 259 3649; x_wconf 67' lang='lat' dir='ltr'><strong>sore</strong></span> <span class='ocrx_word' id='word_1_410' title='bbox 278 3583 577 3636; x_wconf 85' lang='lat' dir='ltr'><strong>accommodatum</strong></span> <span class='ocrx_word' id='word_1_411' title='bbox 596 3577 657 3631; x_wconf 76' lang='lat' dir='ltr'><strong>titi.</strong></span> <span class='ocrx_word' id='word_1_412' title='bbox 684 3580 795 3631; x_wconf 85' lang='lat' dir='ltr'><strong>ad&#39;Att.</strong></span> <span class='ocrx_word' id='word_1_413' title='bbox 815 3579 848 3630; x_wconf 84' lang='lat' dir='ltr'><strong>X.</strong></span> <span class='ocrx_word' id='word_1_414' title='bbox 866 3585 894 3648; x_wconf 16' lang='lat' dir='ltr'><strong>pl.</strong></span> <span class='ocrx_word' id='word_1_415' title='bbox 913 3596 976 3648; x_wconf 76' lang='lat' dir='ltr'><strong>per</strong></span> <span class='ocrx_word' id='word_1_416' title='bbox 993 3579 1067 3631; x_wconf 84' lang='lat' dir='ltr'><strong>enim</strong></span> <span class='ocrx_word' id='word_1_417' title='bbox 1084 3582 1209 3647; x_wconf 80' lang='lat' dir='ltr'><strong>magni</strong></span> <span class='ocrx_word' id='word_1_418' title='bbox 1226 3584 1354 3635; x_wconf 73' lang='lat' dir='ltr'><strong>aestimo.</strong></span> 
     </span>
    </p>

    <p class='ocr_par' dir='ltr' id='par_1_39' title="bbox 197 3649 1356 3721">
     <span class='ocr_line' id='line_1_43' title="bbox 197 3649 1356 3721; baseline -0.005 -12"><span class='ocrx_word' id='word_1_419' title='bbox 197 3655 233 3709; x_wconf 85' lang='lat' dir='ltr'><strong>de</strong></span> <span class='ocrx_word' id='word_1_420' title='bbox 253 3657 328 3710; x_wconf 89' lang='lat' dir='ltr'><strong>Orat.</strong></span> <span class='ocrx_word' id='word_1_421' title='bbox 349 3655 372 3706; x_wconf 92' lang='lat'><strong>1.</strong></span> <span class='ocrx_word' id='word_1_422' title='bbox 392 3655 441 3708; x_wconf 78' lang='lat'><strong>47:</strong></span> <span class='ocrx_word' id='word_1_423' title='bbox 458 3659 599 3721; x_wconf 77' lang='lat' dir='ltr'><strong>pergrata</strong></span> <span class='ocrx_word' id='word_1_424' title='bbox 614 3665 732 3719; x_wconf 82' lang='lat' dir='ltr'><strong>perque</strong></span> <span class='ocrx_word' id='word_1_425' title='bbox 749 3649 933 3704; x_wconf 78' lang='lat' dir='ltr'><strong>iocundn.“</strong></span> <span class='ocrx_word' id='word_1_426' title='bbox 968 3651 1030 3702; x_wconf 88' lang='lat' dir='ltr'><strong>Hoc</strong></span> <span class='ocrx_word' id='word_1_427' title='bbox 1049 3651 1167 3720; x_wconf 91' lang='lat' dir='ltr'><strong>quidem</strong></span> <span class='ocrx_word' id='word_1_428' title='bbox 1189 3670 1262 3705; x_wconf 86' lang='lat' dir='ltr'><strong>vere</strong></span> <span class='ocrx_word' id='word_1_429' title='bbox 1287 3669 1356 3706; x_wconf 88' lang='lat' dir='ltr'><strong>con·</strong></span> 
     </span>
    </p>

    <p class='ocr_par' dir='ltr' id='par_1_40' title="bbox 197 3721 1355 3797">
     <span class='ocr_line' id='line_1_44' title="bbox 197 3721 1355 3797; baseline -0.004 -18"><span class='ocrx_word' id='word_1_430' title='bbox 197 3733 244 3779; x_wconf 84' lang='lat' dir='ltr'><strong>tra</strong></span> <span class='ocrx_word' id='word_1_431' title='bbox 266 3728 314 3779; x_wconf 90' lang='lat' dir='ltr'><strong>Or.</strong></span> <span class='ocrx_word' id='word_1_432' title='bbox 339 3724 554 3777; x_wconf 86' lang='lat' dir='ltr'><strong>annotationem</strong></span> <span class='ocrx_word' id='word_1_433' title='bbox 585 3723 619 3774; x_wconf 92' lang='lat' dir='ltr'><strong>ad</strong></span> <span class='ocrx_word' id='word_1_434' title='bbox 645 3721 789 3779; x_wconf 85' lang='lat' dir='ltr'><strong>Orationis</strong></span> <span class='ocrx_word' id='word_1_435' title='bbox 815 3738 870 3790; x_wconf 87' lang='lat' dir='ltr'><strong>pro</strong></span> <span class='ocrx_word' id='word_1_436' title='bbox 895 3723 971 3797; x_wconf 78' lang='lat' dir='ltr'><strong>Lege</strong></span> <span class='ocrx_word' id='word_1_437' title='bbox 1000 3724 1072 3773; x_wconf 84' lang='lat' dir='ltr'><strong>Man.</strong></span> <span class='ocrx_word' id='word_1_438' title='bbox 1100 3722 1199 3774; x_wconf 89' lang='lat' dir='ltr'><strong>locum</strong></span> <span class='ocrx_word' id='word_1_439' title='bbox 1228 3723 1355 3776; x_wconf 90' lang='lat' dir='ltr'><strong>monuit.</strong></span> 
     </span>
    </p>

    <p class='ocr_par' dir='ltr' id='par_1_41' title="bbox 197 3791 1356 3865">
     <span class='ocr_line' id='line_1_45' title="bbox 197 3791 1356 3865; baseline -0.003 -15"><span class='ocrx_word' id='word_1_440' title='bbox 197 3797 305 3851; x_wconf 81' lang='lat' dir='ltr'><strong>Nostro</strong></span> <span class='ocrx_word' id='word_1_441' title='bbox 327 3812 397 3848; x_wconf 86' lang='lat' dir='ltr'><strong>vero</strong></span> <span class='ocrx_word' id='word_1_442' title='bbox 420 3795 485 3847; x_wconf 87' lang='lat' dir='ltr'><strong>loco</strong></span> <span class='ocrx_word' id='word_1_443' title='bbox 512 3792 616 3865; x_wconf 85' lang='lat' dir='ltr'><strong>optimi</strong></span> <span class='ocrx_word' id='word_1_444' title='bbox 643 3791 714 3844; x_wconf 87' lang='lat' dir='ltr'><strong>libri</strong></span> <span class='ocrx_word' id='word_1_445' title='bbox 739 3792 931 3854; x_wconf 84' lang='lat' dir='ltr'><strong>consentiunt,</strong></span> <span class='ocrx_word' id='word_1_446' title='bbox 968 3792 1054 3845; x_wconf 89' lang='lat' dir='ltr'><strong>Ferri</strong></span> <span class='ocrx_word' id='word_1_447' title='bbox 1077 3792 1128 3845; x_wconf 80' lang='lat' dir='ltr'><strong>vix</strong></span> <span class='ocrx_word' id='word_1_448' title='bbox 1154 3801 1263 3863; x_wconf 84' lang='lat' dir='ltr'><strong>posset:</strong></span> <span class='ocrx_word' id='word_1_449' title='bbox 1290 3808 1356 3865; x_wconf 82' lang='lat' dir='ltr'><strong>per</strong></span> 
     </span>
    </p>

    <p class='ocr_par' dir='ltr' id='par_1_42' title="bbox 198 3865 673 3933">
     <span class='ocr_line' id='line_1_46' title="bbox 198 3865 673 3933; baseline -0.017 -11"><span class='ocrx_word' id='word_1_450' title='bbox 198 3868 273 3923; x_wconf 80' lang='lat' dir='ltr'><strong>illud</strong></span> <span class='ocrx_word' id='word_1_451' title='bbox 290 3866 438 3933; x_wconf 59' lang='lat' dir='ltr'><strong>volgare</strong></span> <span class='ocrx_word' id='word_1_452' title='bbox 456 3871 535 3919; x_wconf 84' lang='lat' dir='ltr'><strong>esset.</strong></span> <span class='ocrx_word' id='word_1_453' title='bbox 572 3865 634 3916; x_wconf 82' lang='lat' dir='ltr'><strong>Mr.</strong></span> <span class='ocrx_word' id='word_1_454' title='bbox 665 3889 673 3894; x_wconf 89' lang='lat'><strong>·</strong></span> 
     </span>
    </p>
   </div>
   <div class='ocr_carea' id='block_1_5' title="bbox 108 3949 1360 4524">
    <p class='ocr_par' dir='ltr' id='par_1_43' title="bbox 267 3949 1358 4020">
     <span class='ocr_line' id='line_1_47' title="bbox 267 3949 1358 4020; baseline -0.002 -10"><span class='ocrx_word' id='word_1_455' title='bbox 267 3953 404 4014; x_wconf 70' lang='lat' dir='ltr'><strong>destinent</strong></span> <span class='ocrx_word' id='word_1_456' title='bbox 421 3952 504 4020; x_wconf 76' lang='lat' dir='ltr'><strong>frugi</strong></span> <span class='ocrx_word' id='word_1_457' title='bbox 521 3949 614 4004; x_wconf 81' lang='lat' dir='ltr'><strong>omnia</strong></span> <span class='ocrx_word' id='word_1_458' title='bbox 632 3955 711 4013; x_wconf 75' lang='lat' dir='ltr'><strong>recta</strong></span> <span class='ocrx_word' id='word_1_459' title='bbox 733 3951 840 4019; x_wconf 77' lang='lat' dir='ltr'><strong>fecere]</strong></span> <span class='ocrx_word' id='word_1_460' title='bbox 877 3952 966 4019; x_wconf 79' lang='lat' dir='ltr'><strong>„Vid</strong></span> <span class='ocrx_word' id='word_1_461' title='bbox 986 3953 1138 4005; x_wconf 87' lang='lat' dir='ltr'><strong>Erasmum</strong></span> <span class='ocrx_word' id='word_1_462' title='bbox 1162 3952 1193 4004; x_wconf 90' lang='lat' dir='ltr'><strong>in</strong></span> <span class='ocrx_word' id='word_1_463' title='bbox 1213 3953 1358 4009; x_wconf 86' lang='lat' dir='ltr'><strong>Chiliadi·</strong></span> 
     </span>
    </p>

    <p class='ocr_par' dir='ltr' id='par_1_44' title="bbox 196 4021 1358 4170">
     <span class='ocr_line' id='line_1_48' title="bbox 196 4021 1358 4096; baseline 0.001 -16"><span class='ocrx_word' id='word_1_464' title='bbox 196 4024 256 4081; x_wconf 89' lang='lat' dir='ltr'><strong>bus.</strong></span> <span class='ocrx_word' id='word_1_465' title='bbox 294 4031 366 4094; x_wconf 84' lang='lat' dir='ltr'><strong>Iam&#39;,</strong></span> <span class='ocrx_word' id='word_1_466' title='bbox 392 4036 426 4079; x_wconf 88' lang='lat' dir='ltr'><strong>ut</strong></span> <span class='ocrx_word' id='word_1_467' title='bbox 448 4025 490 4077; x_wconf 93' lang='lat' dir='ltr'><strong>ait</strong></span> <span class='ocrx_word' id='word_1_468' title='bbox 512 4021 654 4096; x_wconf 80' lang='lat' dir='ltr'><strong>Diogenes</strong></span> <span class='ocrx_word' id='word_1_469' title='bbox 679 4024 809 4076; x_wconf 70' lang='lat' dir='ltr'><strong>Laertius</strong></span> <span class='ocrx_word' id='word_1_470' title='bbox 834 4024 865 4076; x_wconf 89' lang='lat' dir='ltr'><strong>in</strong></span> <span class='ocrx_word' id='word_1_471' title='bbox 890 4024 1106 4091; x_wconf 66' lang='lat' dir='ltr'><strong>vitezenouis,</strong></span> <span class='ocrx_word' id='word_1_472' title='bbox 1132 4024 1225 4078; x_wconf 89' lang='lat' dir='ltr'><strong>Stoici</strong></span> <span class='ocrx_word' id='word_1_473' title='bbox 1253 4026 1358 4080; x_wconf 83' lang='lat' dir='ltr'><strong>dicunt</strong></span> 
     </span>
     <span class='ocr_line' id='line_1_49' title="bbox 197 4094 1357 4170; baseline 0 -19"><span class='ocrx_word' id='word_1_474' title='bbox 197 4100 357 4170; x_wconf 83' lang='lat' dir='ltr'><strong>eapientem</strong></span> <span class='ocrx_word' id='word_1_475' title='bbox 381 4096 478 4150; x_wconf 88' lang='lat' dir='ltr'><strong>omnia</strong></span> <span class='ocrx_word' id='word_1_476' title='bbox 501 4100 581 4145; x_wconf 86' lang='lat' dir='ltr'><strong>recte</strong></span> <span class='ocrx_word' id='word_1_477' title='bbox 607 4094 725 4168; x_wconf 76' lang='lat' dir='ltr'><strong>egere.“</strong></span> <span class='ocrx_word' id='word_1_478' title='bbox 753 4095 856 4149; x_wconf 83' lang='lat' dir='ltr'><strong>Gomm.</strong></span> <span class='ocrx_word' id='word_1_479' title='bbox 881 4095 971 4148; x_wconf 77' lang='lat' dir='ltr'><strong>Aaou.</strong></span> <span class='ocrx_word' id='word_1_480' title='bbox 998 4113 1042 4166; x_wconf 84' lang='lat' dir='ltr'><strong>ap.</strong></span> <span class='ocrx_word' id='word_1_481' title='bbox 1065 4098 1097 4148; x_wconf 71' lang='grc' dir='ltr'><strong>Ι..</strong></span> <span class='ocrx_word' id='word_1_482' title='bbox 1123 4115 1137 4149; x_wconf 93' lang='lat' dir='ltr'><strong>a</strong></span> <span class='ocrx_word' id='word_1_483' title='bbox 1162 4095 1213 4161; x_wconf 84' lang='lat' dir='ltr'><strong>Qu.</strong></span> <span class='ocrx_word' id='word_1_484' title='bbox 1248 4124 1282 4136; x_wconf 90' lang='lat'>-</span> <span class='ocrx_word' id='word_1_485' title='bbox 1322 4100 1357 4151; x_wconf 84' lang='lat' dir='ltr'><strong>V.</strong></span> 
     </span>
    </p>

    <p class='ocr_par' dir='ltr' id='par_1_45' title="bbox 108 4164 1360 4439">
     <span class='ocr_line' id='line_1_50' title="bbox 108 4164 1357 4243; baseline 0.001 -20"><span class='ocrx_word' id='word_1_486' title='bbox 108 4210 112 4215; x_wconf 86' lang='lat'><strong>.</strong></span> <span class='ocrx_word' id='word_1_487' title='bbox 197 4169 312 4224; x_wconf 77' lang='lat' dir='ltr'><strong>Erasini</strong></span> <span class='ocrx_word' id='word_1_488' title='bbox 336 4169 412 4223; x_wconf 88' lang='lat' dir='ltr'><strong>Obil.</strong></span> <span class='ocrx_word' id='word_1_489' title='bbox 438 4164 584 4240; x_wconf 81' lang='lat' dir='ltr'><strong>Adag.11.</strong></span> <span class='ocrx_word' id='word_1_490' title='bbox 609 4167 634 4220; x_wconf 80' lang='grc'><strong>2.</strong></span> <span class='ocrx_word' id='word_1_491' title='bbox 654 4169 698 4222; x_wconf 89' lang='grc'><strong>62.</strong></span> <span class='ocrx_word' id='word_1_492' title='bbox 718 4167 750 4218; x_wconf 89' lang='lat' dir='ltr'><strong>in</strong></span> <span class='ocrx_word' id='word_1_493' title='bbox 767 4168 821 4220; x_wconf 84' lang='lat' dir='ltr'><strong>Ed.</strong></span> <span class='ocrx_word' id='word_1_494' title='bbox 847 4167 983 4223; x_wconf 84' lang='lat' dir='ltr'><strong>Weehel.</strong></span> <span class='ocrx_word' id='word_1_495' title='bbox 1009 4186 1037 4236; x_wconf 91' lang='lat' dir='ltr'><strong>p.</strong></span> <span class='ocrx_word' id='word_1_496' title='bbox 1059 4170 1118 4224; x_wconf 83' lang='grc'><strong>766.</strong></span> <span class='ocrx_word' id='word_1_497' title='bbox 1145 4167 1231 4243; x_wconf 74' lang='lat' dir='ltr'><strong>Diog.</strong></span> <span class='ocrx_word' id='word_1_498' title='bbox 1259 4172 1357 4224; x_wconf 76' lang='lat' dir='ltr'><strong>baert.</strong></span> 
     </span>
     <span class='ocr_line' id='line_1_51' title="bbox 197 4231 1357 4311; baseline 0.002 -19"><span class='ocrx_word' id='word_1_499' title='bbox 197 4242 262 4296; x_wconf 79' lang='lat' dir='ltr'><strong>vll.</strong></span> <span class='ocrx_word' id='word_1_500' title='bbox 288 4243 352 4298; x_wconf 74' lang='lat'>128:</span> <span class='ocrx_word' id='word_1_501' title='bbox 382 4231 500 4290; x_wconf 78' lang='grc' dir='ltr'><em>πάντοτε</em></span> <span class='ocrx_word' id='word_1_502' title='bbox 524 4240 558 4304; x_wconf 76' lang='grc' dir='ltr'><strong>τῇ</strong></span> <span class='ocrx_word' id='word_1_503' title='bbox 581 4238 661 4311; x_wconf 80' lang='grc' dir='ltr'><strong><em>ψυχῇ</em></strong></span> <span class='ocrx_word' id='word_1_504' title='bbox 684 4240 785 4308; x_wconf 73' lang='grc' dir='ltr'><strong>χρῆται</strong></span> <span class='ocrx_word' id='word_1_505' title='bbox 802 4233 870 4308; x_wconf 73' lang='grc' dir='ltr'>οὔσῃ</span> <span class='ocrx_word' id='word_1_506' title='bbox 895 4241 981 4306; x_wconf 79' lang='grc' dir='ltr'><em>τελείᾳ</em></span> <span class='ocrx_word' id='word_1_507' title='bbox 1001 4239 1016 4290; x_wconf 82' lang='grc' dir='ltr'>ὁ</span> <span class='ocrx_word' id='word_1_508' title='bbox 1040 4239 1200 4299; x_wconf 80' lang='grc' dir='ltr'><strong>σπουδαῖος.</strong></span> <span class='ocrx_word' id='word_1_509' title='bbox 1240 4241 1286 4294; x_wconf 85' lang='lat' dir='ltr'><strong>cf.</strong></span> <span class='ocrx_word' id='word_1_510' title='bbox 1307 4242 1357 4294; x_wconf 89' lang='lat' dir='ltr'><strong>VI.</strong></span> 
     </span>
     <span class='ocr_line' id='line_1_52' title="bbox 201 4302 1358 4386; baseline -0.003 -17"><span class='ocrx_word' id='word_1_511' title='bbox 201 4315 265 4369; x_wconf 79' lang='lat'>105:</span> <span class='ocrx_word' id='word_1_512' title='bbox 285 4311 374 4382; x_wconf 83' lang='grc' dir='ltr'><em>σοφὸς</em></span> <span class='ocrx_word' id='word_1_513' title='bbox 392 4302 590 4378; x_wconf 74' lang='grc' dir='ltr'><strong>ἀναμάρτητος.</strong></span> <span class='ocrx_word' id='word_1_514' title='bbox 627 4312 751 4384; x_wconf 80' lang='lat' dir='ltr'><strong>Legitur</strong></span> <span class='ocrx_word' id='word_1_515' title='bbox 774 4319 870 4363; x_wconf 86' lang='lat' dir='ltr'><strong>autem</strong></span> <span class='ocrx_word' id='word_1_516' title='bbox 886 4316 981 4362; x_wconf 65' lang='lat' dir='ltr'><strong>recto</strong></span> <span class='ocrx_word' id='word_1_517' title='bbox 1004 4311 1035 4361; x_wconf 91' lang='lat' dir='ltr'><strong>in</strong></span> <span class='ocrx_word' id='word_1_518' title='bbox 1058 4311 1144 4363; x_wconf 86' lang='lat' dir='ltr'><strong>Codd.</strong></span> <span class='ocrx_word' id='word_1_519' title='bbox 1169 4313 1239 4386; x_wconf 83' lang='lat' dir='ltr'><strong>Reg.</strong></span> <span class='ocrx_word' id='word_1_520' title='bbox 1266 4311 1358 4365; x_wconf 85' lang='lat' dir='ltr'><strong>Rehd.</strong></span> 
     </span>
     <span class='ocr_line' id='line_1_53' title="bbox 198 4380 1360 4439; baseline 0.003 -4"><span class='ocrx_word' id='word_1_521' title='bbox 198 4383 275 4438; x_wconf 76' lang='lat' dir='ltr'><strong>cut.</strong></span> <span class='ocrx_word' id='word_1_522' title='bbox 297 4387 321 4439; x_wconf 91' lang='lat' dir='ltr'><strong>l.</strong></span> <span class='ocrx_word' id='word_1_523' title='bbox 341 4380 440 4434; x_wconf 88' lang='lat' dir='ltr'><strong>Duisb.</strong></span> <span class='ocrx_word' id='word_1_524' title='bbox 459 4381 543 4432; x_wconf 78' lang='lat' dir='ltr'><strong>vind.</strong></span> <span class='ocrx_word' id='word_1_525' title='bbox 564 4382 590 4434; x_wconf 91' lang='grc'><strong>2.</strong></span> <span class='ocrx_word' id='word_1_526' title='bbox 610 4380 717 4434; x_wconf 87' lang='lat' dir='ltr'><strong>duobus</strong></span> <span class='ocrx_word' id='word_1_527' title='bbox 737 4383 807 4435; x_wconf 82' lang='lat' dir='ltr'><strong>Oxx.</strong></span> <span class='ocrx_word' id='word_1_528' title='bbox 844 4384 878 4434; x_wconf 91' lang='lat' dir='ltr'><strong>In</strong></span> <span class='ocrx_word' id='word_1_529' title='bbox 896 4381 1128 4435; x_wconf 86' lang='lat' dir='ltr'><strong>antecedentibus</strong></span> <span class='ocrx_word' id='word_1_530' title='bbox 1153 4382 1227 4435; x_wconf 86' lang='lat' dir='ltr'><strong>Gud.</strong></span> <span class='ocrx_word' id='word_1_531' title='bbox 1249 4386 1276 4438; x_wconf 77' lang='lat'><strong>2.</strong></span> <span class='ocrx_word' id='word_1_532' title='bbox 1305 4384 1360 4438; x_wconf 82' lang='lat' dir='ltr'><strong>ha·</strong></span> 
     </span>
    </p>

    <p class='ocr_par' dir='ltr' id='par_1_46' title="bbox 199 4452 1358 4524">
     <span class='ocr_line' id='line_1_54' title="bbox 199 4452 1358 4524; baseline -0.001 -15"><span class='ocrx_word' id='word_1_533' title='bbox 199 4453 248 4509; x_wconf 80' lang='lat' dir='ltr'><strong>bet</strong></span> <span class='ocrx_word' id='word_1_534' title='bbox 266 4452 358 4510; x_wconf 73' lang='lat' dir='ltr'><strong>etiam</strong></span> <span class='ocrx_word' id='word_1_535' title='bbox 376 4453 464 4523; x_wconf 65' lang='lat' dir='ltr'><strong>locam</strong></span> <span class='ocrx_word' id='word_1_536' title='bbox 480 4453 628 4511; x_wconf 63' lang='lat' dir='ltr'><strong>obtinerem</strong></span> <span class='ocrx_word' id='word_1_537' title='bbox 647 4452 751 4506; x_wconf 83' lang='lat' dir='ltr'><strong>omissa</strong></span> <span class='ocrx_word' id='word_1_538' title='bbox 768 4461 839 4508; x_wconf 82' lang='lat' dir='ltr'><strong>voce</strong></span> <span class='ocrx_word' id='word_1_539' title='bbox 855 4453 1019 4524; x_wconf 70' lang='lat' dir='ltr'><strong>proverbii.</strong></span> <span class='ocrx_word' id='word_1_540' title='bbox 1044 4455 1109 4507; x_wconf 85' lang='lat' dir='ltr'><strong>Post</strong></span> <span class='ocrx_word' id='word_1_541' title='bbox 1126 4453 1206 4510; x_wconf 77' lang='lat' dir='ltr'><strong>Quod</strong></span> <span class='ocrx_word' id='word_1_542' title='bbox 1222 4455 1311 4514; x_wconf 88' lang='lat' dir='ltr'><strong>Viud.</strong></span> <span class='ocrx_word' id='word_1_543' title='bbox 1332 4458 1358 4512; x_wconf 77' lang='grc'><strong>2.</strong></span> 
     </span>
    </p>
   </div>
   <div class='ocr_carea' id='block_1_6' title="bbox 0 0 1434 5070">
    <p class='ocr_par' dir='ltr' id='par_1_47' title="bbox 0 0 1434 5070">
     <span class='ocr_line' id='line_1_55' title="bbox 0 0 1434 5070; baseline 0 0"><span class='ocrx_word' id='word_1_544' title='bbox 0 0 1434 5070; x_wconf 95' lang='lat' dir='ltr'><strong> </strong></span> 
     </span>
    </p>
   </div>
  </div>
 </body>
</html>
