2842 5070
521 348 544 365 -.
566 293 698 365 LIBER
716 294 778 376 111,
796 295 848 361 tt.
883 366 886 370 ,
1055 320 1058 325 ·
1212 293 1273 365 188

118 460 405 558 totins-,hominia
434 460 633 543 appellatam
654 469 760 543 putat.
808 461 901 527 Quae
920 467 993 521 tota
1013 462 1141 541 poterit
1160 460 1274 539 evelli,

121 544 298 624 explicata,
325 550 365 604 nt
392 545 558 624 principio
581 541 661 618 dixi,
691 563 790 605 causa
820 541 1053 628 aegritudinis.
1101 543 1160 603 Est
1184 545 1275 604 enim

123 627 216 689 nulla
236 627 311 698 alla,
333 628 401 687 nisi
426 628 541 706 opinio
572 633 605 686 et
632 623 806 687 indiciam·
824 627 937 723 magni
967 627 1153 707 praesentis
1177 632 1274 706 atque

123 708 276 792 urgentis
297 708 392 769 mali.
437 708 552 790 ltaque
572 715 607 768 et
626 706 724 769 dolor
751 726 915 788 corporis,
947 708 1045 769 cuius
1073 716 1124 769 est
1143 726 1275 768 morsus

123 792 324 862 acerrimus,
346 792 518 870 perfertur
538 808 598 871 spe
618 791 792 871 proposita
813 790 909 852 boni:
939 797 973 855 et
999 790 1073 851 a'ota
1101 788 1299 851 aetashor

122 879 219 935 neste
239 891 279 935 ao
299 870 470 952 splendide
491 880 618 941 tantam
636 875 739 935 affort
758 872 1040 948 consolationem
1068 879 1108 933 ut
1129 890 1198 949 eos,
1221 873 1278 953 qni

124 1066 167 1110 est
184 1056 261 1126 lypis
279 1089 311 1103 -
330 1057 411 1129 lysia.
449 1060 485 1112 ln
503 1059 561 1111 line
579 1059 693 1130 periodi
712 1063 787 1113 Mon.
807 1063 833 1115 2.
848 1058 939 1143 ⁸hetbet
963 1058 1149 1127 appellatque,
1177 1058 1275 1111 Dnisb.

122 1128 1089 1275 ttttltlptttttextilis“tft0tt¹¹irtffstt¹³⁸2tttt·
1115 1131 1207 1253 itt?
1222 1131 1278 1269 ln

125 1266 250 1324 dominia
267 1269 354 1325 habet
371 1271 515 1340 corporis:
534 1270 608 1323 alius
626 1270 751 1341 deniqne
769 1278 831 1325 ealn
849 1287 951 1324 vocem
967 1270 1052 1340 plane
1071 1271 1190 1327 omittit.
1214 1272 1277 1324 Mr.

114 1382 118 1389 .
194 1340 271 1396 Quae
288 1347 351 1394 lota
365 1341 487 1411 poteri
494 1348 506 1395 t
523 1340 618 1407 evelle]
655 1342 699 1395 lta
717 1351 746 1395 et
764 1340 898 1412 plerique
924 1347 955 1395 ot
980 1341 1085 1411 optimi
1107 1339 1186 1410 libri.
1223 1342 1279 1395 Est

120 1419 220 1471 tamen
239 1417 354 1481 poterat
378 1414 409 1465 in
438 1412 532 1465 tribus
557 1414 628 1467 Oxx.
654 1412 729 1467 Mon.
756 1417 780 1468 1.
807 1415 834 1468 ²·
864 1410 939 1467 Gnd.
961 1413 988 1467 2.
1013 1410 1084 1464 Edd.
1110 1420 1183 1465 vett.
1210 1420 1279 1465 ante

124 1480 227 1548 Geth,
246 1484 375 1553 exceptis
392 1483 469 1536 Vict.
487 1482 556 1537 Rob-
574 1481 675 1553 Stepln
695 1486 767 1536 lllan.
791 1490 880 1553 postr.
900 1480 988 1534 Leod.
1012 1485 1079 1535 Mox
1096 1482 1182 1537 Godd.
1202 1481 1277 1558 Aug.

123 1561 153 1606 et
170 1554 246 1606 Mon.
264 1556 291 1609 2.
318 1559 350 1607 at
377 1552 390 1606 i
397 1571 416 1608 a
440 1551 593 1637 principio.
631 1553 731 1608 Solere
757 1563 853 1606 autem
871 1552 1041 1608 Ciceronem
1064 1552 1105 1604 ita
1128 1553 1221 1623 loquI,
1244 1561 1279 1605 at

121 1622 332 1692 hiesoriptum
356 1634 407 1690 est,
435 1634 465 1678 et
490 1624 544 1679 alii
569 1624 628 1678 looi
656 1624 759 1678 docent
783 1632 827 1677 sat
850 1620 939 1695 multi
958 1631 987 1676 et
1013 1622 1106 1675 nostri
1124 1625 1220 1695 operis
1237 1623 1276 1677 11.

123 1697 174 1749 2οι
202 1692 344 1762 principio
361 1694 436 1747 enim
453 1691 555 1750 dixisti
562 1715 571 1746 ε
595 1695 647 1765 qni
685 1696 751 1749 lane
768 1712 836 1748 oum
860 1701 958 1747 nostro
977 1692 1122 1747 convenit.
1161 1694 1279 1746 Omitti-

124 1772 174 1817 tnr
191 1764 224 1815 in
240 1781 292 1833 seq
314 1764 401 1817 .alia
420 1766 452 1817 in
469 1781 526 1817 uno
547 1764 598 1822 Ox.
618 1765 666 1819 Gn
714 1768 739 1820 2.
760 1761 1280 1833 etMerb.Tu1nDuisb.praeeealis
1345 1766 1353 1785 ⁹

123 1832 234 1902 magni,
261 1835 286 1887 R
325 1836 352 1887 d.
371 1841 398 1888 et
415 1851 469 1906 pro
488 1841 578 1904 algae.
614 1834 689 1887 Male
705 1836 777 1889 Ern.
796 1843 863 1905 post
878 1835 1038 1903 praesentis
1056 1835 1204 1888 distinxit:
1228 1853 1280 1907 pe·
1340 1845 1344 1853 “

71 1972 73 1979 7
124 1903 169 1957 ins
188 1905 275 1959 etiam
301 1905 494 1980 distingueres
507 1912 581 1977 -post
603 1904 712 1973 magei,
736 1914 771 1959 ut
796 1905 854 1958 tria
877 1904 959 1972 qnasi
981 1905 1123 1958 adiectiva
1145 1906 1195 1958 vel
1217 1907 1280 1976 epi-

124 1975 206 2029 theta
222 1974 345 2030 heberet
361 1979 475 2047 malane,
493 1984 527 2029 ut
545 1974 585 2028 sit
602 1985 631 2029 et
648 1990 786 2099 mefinnm
804 1984 834 2028 et
851 1991 985 2046 praesens
1003 1984 1034 2028 et
1056 1993 1173 2049 urgens.
1209 1975 1280 2029 Sen-

123 2046 215 2099 tentia
233 2055 288 2100 est:
308 2047 406 2118 opinio
424 2047 523 2121 magni
541 2046 619 2113 mali,
639 2063 695 2116 quo
733 2047 771 2099 sit
794 2056 927 2116 praesens
953 2055 1038 2115 atque
1061 2055 1177 2120 urgens.
1214 2048 1281 2099 Post

122 2117 218 2185 itaque
235 2118 315 2172 abest
331 2126 366 2171 et
380 2119 415 2170 ab
434 2135 491 2171 uno
509 2119 560 2172 Ox.
581 2125 611 2170 et
632 2121 707 2170 Mon.
729 2123 753 2174 l.
785 2119 852 2169 Mox
869 2114 944 2191 Aug.
963 2115 1032 2169 citi
1038 2132 1078 2170 ae
1097 2121 1139 2169 eet
1156 2129 1277 2169 morsus.

123 2188 198 2258 Grai.
218 2190 245 2245 2.
263 2188 386 2315 {thud
406 2184 547 2249 omittant
565 2192 617 2241 est.
635 2186 724 2245 lllarb.
743 2186 830 2241 hahet
847 2200 958 2240 morsus
976 2193 1038 2252 ἰοῖς
1063 2204 1138 2240 unus
1157 2187 1206 2240 01.
1238 2192 1280 2241 eet

123 2274 236 2313 more:
299 2270 324 2312 r.
641 2273 643 2278 ·

191 2330 343 2385 Pertertur
360 2344 408 2398 rpe
423 2326 572 2399 proposita
590 2328 665 2398 sona
701 2329 750 2384 Sic
767 2328 882 2397 Balliol.
903 2336 933 2382 et
950 2328 1066 2382 Erasmi
1091 2326 1201 2382 editio.¹
1225 2326 1291 2380 tte*

123 2406 184 2451 etet
209 2410 281 2524 nerltp
304 2416 437 2472 praesens
464 2408 578 2473 teinpus
592 2401 633 2455 'in
658 2399 843 2470 sequentibus
867 2398 1028 2469 adhihetar.
1065 2399 1160 2475 Vulgo
1182 2401 1278 2468 perfe-

128 2475 216 2523 retar.
282 2509 289 2522 .
1313 2496 1316 2502 ·

190 2544 341 2609 perfertur
361 2542 409 2610 epe'
429 2539 577 2610 proposita
602 2539 681 2608 loni]
719 2540 792 2594 Male
816 2540 911 2592 refert
934 2537 1025 2594 Βοιὼ.
1046 2538 1196 2593 Davisium
1220 2538 1280 2594 edi·

123 2609 199 2664 disse
215 2612 432 2680 praeferrer
451 2611 537 2682 idque
558 2627 616 2665 esse
630 2612 667 2665 'in
685 2610 752 2664 God.
771 2612 842 2685 Reg.
872 2618 901 2664 et
926 2609 1033 2664 duobus
1052 2610 1132 2664 Leid.
1169 2610 1211 2663 De
1228 2626 1291 2681 pn·-

123 2681 291 2749 sterioribus
308 2692 407 2741 autern
424 2699 482 2737 non
500 2699 612 2760 pugno:
642 2700 709 2736 nam
727 2682 767 2734 ile
786 2680 855 2735 cod.
874 2681 920 2735 An
942 2720 948 2732 .
980 2688 1010 2734 et
1035 2699 1109 2734 nnus
1127 2681 1194 2748 0x.;
1237 2696 1282 2734 er-
1308 2678 1310 2683 ’

124 2755 233 2820 teretur
259 2758 356 2808 ¹enitens
381 2770 440 2806 non
465 2755 548 2808 modo
574 2751 683 2808 habent
705 2751 796 2807 Gebh.
818 2751 892 2807 Olir.
937 2752 987 2805 all.
1005 2752 1102 2817 Verb,
1129 2751 1179 2804 sed
1231 2750 1279 2804 nd.

125 2826 150 2879 1.
170 2827 196 2880 2.
215 2825 282 2890 duo,
301 2833 336 2882 nt
353 2825 479 2892 videtur,
499 2824 585 2878 Codd.
605 2824 675 2878 Oxx.
695 2826 770 2877 lllon.
789 2825 815 2877 2.
834 2823 906 2876 Edd.
927 2825 1008 2876 Junt.
1035 2822 1098 2875 Asc.
1117 2821 1144 2873 2.
1169 2820 1279 2875 sturm.
1334 2872 1341 2886 ,

124 2894 248 2950 Hwolr.
272 2895 341 2949 nob.
360 2892 463 2966 steph.
491 2902 538 2962 et,
555 2894 616 2947 sine
643 2895 729 2947 dubio
754 2894 842 2948 etiam
859 2895 893 2950 V.
919 2901 950 2946 et
967 2895 1003 2947 Ε.
1021 2895 1174 2947 Erasmum
1202 2893 1282 2946 enim

124 2965 211 3018 tacite
246 2965 403 3035 'lerumque
423 2982 451 3017 se
473 2965 504 3016 ui
523 2965 770 3031 soletllWoliins,
789 2963 876 3016 illum
893 2963 963 3017 nob.
976 2963 1075 3034 steph.
1088 2980 1156 3016 enm
1169 2962 1279 3017 Sturrn.

126 3043 157 3088 et
179 2983 270 3087 Gelda.
306 3033 374 3087 illox'
397 2983 482 3090 vind.
507 3038 532 3090 1.
559 3035 752 3105 praeposita.
790 3035 873 3089 Inter
894 3034 924 3086 ll.
942 3052 971 3086 v.
998 3042 1028 3088 et
1054 3034 1119 3087 doni
1143 3036 1175 3086 in
1191 3032 1280 3087 Godd.
1331 3060 1338 3071 -·

124 3100 214 3158 Mart.
235 3103 309 3161 Gud.
328 3106 354 3158 2.
375 3112 405 3156 et
422 3121 479 3157 uno
498 3104 548 3157 Ox.
569 3105 798 3176 interponuntur
821 3105 909 3157 verba
934 3120 969 3157 ea
986 3121 1037 3172 pao
1064 3106 1157 3172 ipsam
1182 3103 1282 3171 aegri·

127 3173 263 3243 tudinem,
283 3192 319 3228 ex
337 3174 422 3227 initio
440 3174 526 3227 huius
544 3174 567 3240 5.
586 3190 623 3244 pe
662 3190 749 3239 eram,
777 3175 926 3227 aberrante
945 3172 1060 3227 librarii
1078 3174 1173 3238 oculo,
1198 3190 1283 3295 repe-

121 3246 188 3298 tita.
225 3244 351 3299 Eaedem
371 3260 455 3298 voces
473 3253 538 3316 p'ost
555 3244 620 3299 doni
643 3252 813 3298 mseruntur
836 3244 868 3294 in
886 3242 953 3296 (lod.
977 3244 1051 3296 Gnd.
1089 3245 1165 3297 Tum
1188 3244 1229 3296 Re
1252 3241 1279 3297 d.

113 3323 154 3372 ,et
165 3322 236 3388 ¹aeta
252 3316 530 3372 ioneete'aetas.
552 3316 626 3369 Gud.
647 3323 677 3368 et
694 3318 769 3371 Mon.
787 3316 814 3369 2.
836 3319 870 3367 et
888 3312 1043 3382 splendide.
1078 3314 1140 3369 Mr.

148 3431 151 3437 ·
194 3411 302 3459 tantam
319 3407 402 3472 affert
421 3392 660 3475 consolationem,]
696 3402 842 3463 scribitur
860 3402 918 3470 {erl
946 3402 978 3454 in
995 3402 1068 3457 Edd.
1094 3402 1124 3455 P.
1144 3403 1179 3457 A.
1198 3402 1230 3461 B.
1250 3402 1279 3457 S.

124 3476 160 3529 Ε.
180 3475 211 3528 C.
229 3479 299 3530 Von.
320 3484 409 3530 nostr.
429 3468 491 3528 Asc.
513 3480 537 3531 l.
557 3478 583 3531 2.
603 3478 684 3530 lunt.
721 3475 803 3528 Unus
822 3474 872 3528 Ox.
891 3476 1035 3540 afferre
1059 3476 1158 3528 solet
1184 3489 1288 3528 coneo·

124 3545 292 3673 latinaemM
303 3550 370 3602 Mox
396 3549 471 3600 Mon.
496 3549 525 3603 2.
553 3547 599 3600 ita
625 3545 660 3599 vi
695 3544 826 3601 vixerint.
865 3543 944 3597 liud,
968 3547 994 3601 2.
1020 3543 1095 3620 Aug.
1114 3544 1171 3615 ¹ita
1201 3543 1280 3599 vixe-

125 3625 216 3671 runt.
288 3635 314 3673 r.
718 3663 724 3673 .
1022 3672 1026 3677 .

197 3695 317 3742 aalma
335 3694 464 3757 tangat
481 3686 645 3757 aegritudo]
675 3685 840 3758 „Attingat
857 3686 889 3739 in
905 3683 1007 3738 multis
1023 3684 1143 3762 legitur.
1167 3683 1281 3755 Tangat

126 3757 284 3812 Cratander
301 3774 415 3828 quoque
436 3759 556 3814 edidit·“
593 3760 641 3813 Fr.
660 3759 746 3813 Febr.
874 3810 879 3821 ,

195 3828 257 3881 Aut
274 3845 330 3883 noa
347 3827 482 3897 adtingat
499 3826 628 3897 omnino]
664 3830 752 3886 Codd.
772 3828 879 3884 hebent
897 3833 946 3883 aat
964 3844 1019 3883 aon
1037 3826 1169 3895 adtingat
1186 3825 1283 3903 aegri-

125 3899 204 3952 tudo.
242 3898 299 3952 Sed
315 3898 420 3951 ultima
436 3918 494 3954 vox
518 3900 604 3972 plene
622 3911 717 3957 vacat:
754 3902 817 3955 ideo
861 3901 942 3955 evel
960 3900 992 3952 in
1017 3898 1128 3953 omnino
1146 3898 1282 3951 mutanda

127 3977 179 4036 est,
199 3968 275 4039 quod
293 3968 336 4022 cl.
354 3968 501 4023 Bentleius
519 3972 635 4038 statuit,
659 3973 709 4026 vel
726 3972 751 4025 si
768 3990 868 4037 maris,
886 3988 1004 4042 prorsus
1022 3969 1151 4026 delenda.
1189 3968 1225 4023 D.

196 4062 247 4111 aat
267 4073 323 4116 aaa
342 4064 444 4124 tangat
462 4059 676 4126 aegritudo]
712 4059 933 4127 „Offenduntur
948 4059 1043 4113 Bentl.
1068 4068 1097 4114 et
1114 4059 1185 4112 Dar.
1208 4073 1280 4112 vocs

123 4128 288 4197 aegritudo,
304 4145 380 4196 quse
397 4127 475 4180 nihil
491 4129 572 4182 alind
588 4131 744 4213 signifieat,
770 4148 857 4199 qnam
875 4131 951 4200 quod
966 4128 1059 4182 anina
1083 4130 1176 4183 dolor:
1203 4129 1281 4182 ideo-

126 4219 184 4271 que
202 4218 265 4254 eam
284 4205 425 4253 mutatam
441 4199 598 4253 voluerunt
617 4218 648 4251 ιιι
670 4199 790 4254 ormino.
831 4201 892 4254 Sed
909 4201 1010 4255 Cicero
1028 4217 1087 4253 non
1105 4200 1145 4253 ita
1163 4198 1217 4252 sibi
1235 4216 1281 4250 ea-

125 4281 177 4325 vet
195 4288 231 4325 ne
249 4270 323 4341 quid
339 4269 427 4335 dicat,
444 4269 522 4338 qnod
538 4284 598 4322 non
615 4270 655 4322 sit
672 4271 758 4340 plane
776 4271 976 4325 neeessariam.
996 4269 1088 4331 Aures
1106 4267 1280 4334 consulebat,

128 4359 183 4395 neo
209 4359 267 4396 sem
288 4358 321 4394 er
348 4341 419 4394 tales
442 4339 561 4393 delicias
589 4340 752 4411 (reptabat.“
767 4339 861 4395 Bonis.
907 4340 1013 4408 „MSS.
1036 4340 1122 4394 habet
1139 4338 1280 4406 attingat,

129 4413 210 4466 bene.
275 4410 412 4481 egritudo
430 4426 497 4467 sane
514 4409 619 4486 friget:
641 4426 711 4465 nam
734 4412 859 4488 attinget
884 4413 1016 4467 retertur
1033 4411 1069 4467 sd
1086 4409 1174 4466 asini
1192 4409 1281 4474 dolor,
