2842 5070
113 279 117 290 '
201 298 243 377 st
411 297 644 388 emenonis
665 297 911 378 nuscanum
935 297 1163 362 ntsrurlr.

200 486 299 530 sanos
320 468 481 549 appellari
498 485 633 528 necesse
648 474 709 530 est.
755 466 871 547 ltaque
893 465 977 526 nihil
999 448 1129 540 melius,
1152 482 1249 546 qnam
1267 463 1356 546 quod

202 558 254 613 est
273 552 309 611 in
331 549 570 612 consuetudine
593 551 757 610 sermonis
777 549 912 622 Latini;
935 569 1034 626 quum
1064 550 1167 610 exisse
1195 566 1235 608 ex
1260 556 1353 626 potes

90 707 93 712 ψ
200 641 288 695 stole
316 631 456 693 dicimus
484 650 553 708 cos,
582 634 640 713 qui
672 633 826 693 effrenati
859 633 1016 704 teruntur
1044 638 1103 690 aut
1131 628 1268 692 libidine
1295 638 1355 691 aut

200 713 383 777 iracundia.
427 714 632 795 Quamquam
655 716 727 795 ipsa
748 711 1080 774 iracundialrbrdmis
1102 721 1152 774 cst
1165 732 1252 793 pars.
1296 711 1355 773 Sic

199 799 288 859 enim
309 795 488 893 definitur:
511 797 697 873 Iracundia,
719 796 893 859 ulciscendi
915 794 1026 858 libido.
1071 795 1136 859 Qui
1166 797 1274 880 igitur
1301 814 1353 856 exa

197 1018 267 1052 vum
285 1001 360 1052 illud
378 1000 456 1053 nulla
484 1006 526 1052 est
549 999 635 1052 etiam
662 1001 692 1051 in
711 1000 797 1053 Codd.
818 1000 891 1052 Gud.
914 1005 949 1065 1.‚
984 1000 1060 1069 quod
1077 999 1203 1064 mireris,
1230 1008 1259 1051 et
1277 999 1350 1074 Aug.

197 1072 344 1125 Posterior
360 1070 446 1125 habet
464 1070 502 1123 sit
520 1070 609 1136 orella,
630 1071 713 1122 Vind.
735 1076 759 1125 l.
788 1070 828 1124 sit
847 1071 937 1123 nullo:
968 1088 1054 1140 quem
1079 1071 1209 1122 ordinem
1232 1072 1354 1122 fortasse

198 1142 313 1211 aliquis,
332 1151 366 1194 ut
384 1143 602 1217 elegantiorem,
621 1143 775 1211 praeferat.
814 1143 848 1194 ln
866 1159 944 1211 seqq.
965 1141 1103 1193 scribitur
1127 1140 1184 1193 siat
1210 1157 1263 1210 pro
1290 1145 1355 1194 sunt

198 1214 230 1264 in
249 1213 334 1266 Codd.
355 1214 428 1266 Gud.
451 1217 475 1267 l.
496 1216 522 1268 2.
542 1212 629 1264 lllarb.
650 1215 724 1265 lllon.
745 1215 770 1266 2.
791 1212 888 1280 quales
907 1213 1111 1265 Coniunctivos
1129 1212 1287 1282 permultos
1305 1212 1354 1264 vel

197 1284 260 1336 sine
282 1283 367 1335 librls
395 1283 527 1336 Ciceroni
552 1282 675 1336 obtrusit
698 1283 846 1335 Ernestus.
892 1283 927 1335 In
949 1283 1023 1358 Aug.
1053 1283 1164 1358 legitur
1197 1281 1246 1351 qui
1271 1298 1353 1335 uero

201 1359 301 1408 contra
321 1353 449 1421 effecti
467 1360 540 1407 sant.
578 1357 631 1407 Pro
650 1352 769 1406 insanos
788 1353 854 1409 Cod.
875 1353 948 1406 Gud.
969 1359 993 1408 l.
1015 1372 1093 1423 apr.
1113 1371 1151 1404 m.
1171 1352 1274 1405 insani.
1305 1353 1354 1406 Se-

199 1427 302 1496 quitur
327 1425 359 1476 in
385 1425 491 1477 duobus
510 1426 580 1478 Oxx.
605 1424 758 1492 appellare.
796 1427 863 1477 Mox
881 1425 948 1478 Cod.
972 1423 1061 1478 Rehd.
1081 1423 1180 1476 Latini
1205 1424 1352 1477 sermonis.

197 1500 273 1549 Mon.
300 1499 326 1552 2.
355 1496 467 1548 omittit
494 1494 599 1548 Latini.
642 1495 699 1549 Sed
724 1494 787 1547 noli
816 1494 884 1548 inde
911 1496 981 1548 huic
1012 1496 1149 1549 vocabulo
1178 1495 1264 1548 litem
1293 1511 1353 1548 mo-

196 1584 274 1620 vere.
312 1567 372 1618 Mr.

268 1640 360 1692 exisse
378 1654 411 1690 ex
426 1636 570 1707 potestate]
595 1637 790 1699 »Ἐξίστασθαι
808 1635 925 1702 ἑαυτῶν,
943 1637 1072 1706 depascis
1091 1633 1216 1694 adsuef‘
1240 1635 1352 1691 Lambb.

198 1718 227 1761 et
246 1707 324 1762 Goth.
345 1709 377 1758 in
394 1725 486 1783 marg.
516 1707 661 1761 Scribitur
680 1709 713 1762 de
730 1725 784 1832 ppo
802 1727 836 1762 ea
854 1711 886 1760 in
904 1707 971 1761 Cod.
990 1709 1098 1773 Duisb.,
1117 1726 1132 1761 e
1150 1709 1181 1759 in
1197 1707 1268 1760 Edd.
1279 1709 1351 1761 Ven.

197 1788 286 1904 postr.
307 1778 416 1904 Asc-Mi:
437 1781 462 1833 2.
482 1781 563 1833 Junt.
584 1779 668 1831 Vind.
689 1782 715 1836 2.
757 1779 821 1833 abet
839 1781 958 1834 dicimus
974 1785 1106 1849 potestate
1123 1795 1178 1832 eos.
1198 1779 1287 1832 Rehd.
1307 1797 1353 1834 eos

219 1853 324 1905 inmas.
416 1888 422 1900 .
1306 1873 1309 1879 ·

268 1922 370 1976 Exisse
387 1936 421 1972 ea
436 1921 580 1988 potestate]
608 1921 694 1973 Hadr.
716 1921 834 1990 quidem
851 1920 985 1973 Turnebo
1004 1921 1104 1973 lubens
1122 1920 1275 1987 adsentior,
1300 1922 1353 1991 qui

197 1991 248 2043 lib.
270 1993 307 2044 11.
327 1991 446 2044 Advers.
466 2009 526 2062 cap.
546 1993 596 2044 xl.
624 1991 699 2043 hanc
721 1992 901 2044 locutionem
926 2008 961 2043 ex
984 2007 1017 2043 eo
1040 1999 1135 2043 natam
1154 2001 1246 2062 putat,
1276 1993 1354 2062 quod

198 2063 302 2114 furiosi
320 2078 378 2115 non
397 2063 428 2112 in
453 2080 511 2128 sua,
539 2063 588 2114 sed
612 2063 643 2114 in
670 2071 839 2147 agnatorum
859 2071 888 2114 et
914 2062 1071 2137 gentilium
1095 2071 1177 2115 erant
1201 2070 1350 2133 potestate.

197 2133 271 2186 Dein
289 2149 360 2186 vero
377 2151 444 2184 usus
462 2133 596 2199 invaluit,
629 2141 663 2185 ut
688 2135 710 2184 1i
736 2148 769 2186 er
793 2139 926 2200 potestate
949 2135 1047 2198 existe,
1075 2141 1133 2198 aut,
1164 2141 1198 2184 ut
1220 2133 1353 2203 loquitur

199 2203 344 2274 Sulpicius
369 2202 492 2256 Severus
514 2203 589 2255 Dial.
609 2205 662 2256 ΙΙΙ.
691 2221 751 2274 cap.
774 2207 816 2258 16.
840 2206 870 2256 in
893 2219 943 2255 sua
965 2219 995 2255 se
1018 2220 1071 2255 non
1096 2202 1195 2257 babere
1217 2211 1353 2272 potestate

96 2286 99 2290 '
143 2306 154 2329 .
198 2275 375 2336 dicerentur,
395 2289 465 2343 quos
482 2275 638 2327 vehemens
650 2275 746 2343 aliqua
764 2274 943 2344 perturbatio
963 2275 1090 2327 tenebat:
1112 2275 1246 2343 quoniam
1261 2272 1354 2335 οὐδεὶς

198 2345 341 2413 ἐλεύθερος
359 2340 459 2396 ἑαυτοῦ
475 2341 514 2412 μὴ
533 2349 650 2415 κρατῶν,
681 2355 714 2396 ut
737 2347 778 2396 ait
795 2343 982 2416 Demophilus
1002 2345 1033 2396 in
1052 2344 1182 2398 Sentent.
1202 2363 1268 2421 pag.
1288 2348 1350 2402 623.

197 2415 313 2469 Tullius
330 2414 408 2466 haud
426 2415 465 2466 ita
483 2416 576 2468 multo
594 2422 671 2486 post:
705 2417 760 2471 Qut
783 2418 875 2484 igitur
898 2417 988 2469 exisse
1006 2432 1040 2468 ea
1061 2423 1194 2485 potestate
1212 2419 1351 2482 dicuntur,

197 2487 305 2540 idcirco
325 2487 462 2552 dicantur,
481 2489 546 2556 quia
562 2504 614 2540 oon
633 2492 694 2538 suot
711 2489 741 2540 in
758 2493 894 2554 potestate
910 2487 1019 2540 mentis.
1049 2486 1091 2539 Ac
1110 2488 1217 2539 iterum
1235 2487 1286 2539 lib.
1302 2488 1350 2542 IV.

197 2557 281 2608 Tusa.
302 2574 362 2627 cap.
382 2560 426 2612 36.
462 2558 559 2611 iratos
575 2560 690 2626 proprie
713 2558 832 2610 dicimus
850 2557 940 2610 exisse
960 2557 994 2609 de
1012 2566 1162 2627 potestate,
1189 2559 1222 2612 id
1240 2563 1291 2625 est,
1316 2559 1352 2611 de

198 2631 326 2692 coasilio,
346 2629 379 2694 de
397 2627 514 2693 ratione,
534 2629 682 2681 demente.
721 2627 881 2684 Seneca-de
900 2628 947 2680 lra
965 2627 1015 2680 lib.
1033 2630 1056 2680 1.
1077 2645 1138 2698 cap.
1153 2631 1194 2684 12.
1218 2629 1352 2699 Venitqse

196 2701 227 2753 in
240 2701 367 2754 'alienam
380 2705 556 2766 potestatem,
575 2700 639 2752 dom
656 2701 687 2752 in
705 2714 758 2752 sua
775 2714 829 2751 aaa
847 2705 899 2752 est.
917 2718 921 2725 ·
936 2699 1008 2750 Vide
1027 2707 1056 2751 et
1073 2700 1123 2751 lib.
1143 2701 1195 2768 ΠΙ.
1225 2716 1285 2770 cap.
1308 2696 1350 2755 12.

196 2784 229 2823 ac
247 2771 418 2850 Ciceronem
436 2770 562 2840 Philipp.
582 2773 630 2824 Vl.
652 2787 712 2841 cap.
733 2773 758 2825 2.
797 2769 833 2822 D.
860 2808 866 2812 -

200 2919 203 2925 ¹
268 2861 315 2926 qui
333 2858 515 2925 effrettatt'
543 2858 682 2925 feruntur]
719 2857 883 2924 „Effrettate
909 2858 1055 2914 FAWolf.
1084 2859 1257 2912 coniectura.
1296 2858 1353 2912 Sed

197 2936 278 2980 recte
297 2928 406 2980 dicitur
422 2932 556 2984 incitatus
574 2931 674 2996 fertur,
691 2945 804 2996 pronas,
821 2945 953 2997 praeceps
970 2930 1068 2994 fatur.
1107 2931 1212 2996 Quidni
1230 2931 1352 2995 effrena·

137 3012 140 3016 ·
197 3004 243 3051 tus
260 2998 400 3066 fertur?“
419 2998 506 3053 Orell.
545 2999 649 3052 Secuti'
659 3008 756 3052 tamen
775 3009 841 3051 sunt
859 3001 1003 3054 Wolfium
1022 3000 1102 3054 Koel.
1123 3009 1152 3053 et
1168 3000 1236 3052 Bill.
1263 3000 1352 3053 Simi-

196 3069 233 3121 lis
249 3078 363 3124 nostrae
381 3077 527 3123 structura
546 3078 588 3123 est
600 3071 653 3123 Or.
673 3087 726 3141 pro
746 3070 858 3123 Cluent.
872 3074 913 3130 70.
931 3074 997 3128 190:
1017 3087 1098 3142 quam
1117 3087 1224 3124 caecam
1235 3070 1352 3137 -ferri
1373 3134 1375 3138 v

141 3159 144 3163 ·
196 3141 310 3196 uidetis.
348 3142 434 3216 Legit
451 3151 548 3194 tamen
568 3142 623 3192 iam
641 3141 773 3193 Nizolius
791 3142 940 3207 effrenata
958 3143 1055 3195 nescio
1072 3142 1157 3194 unde.
1187 3143 1264 3206 Nam
1280 3142 1351 3195 libri

196 3228 255 3265 non
274 3213 417 3267 addicunt.
446 3215 526 3267 Unus
537 3213 586 3265 Ox.
605 3212 691 3264 habet
706 3214 875 3279 effraenati
892 3219 983 3266 sunt.
1008 3215 1074 3266 Non
1095 3231 1153 3266 esse
1172 3212 1352 3266 scribendam

131 3335 133 3338 .
165 3344 168 3355 ‚
196 3301 259 3336 eam
276 3301 377 3338 vocem
394 3301 449 3353 per
467 3299 499 3337 ae
517 3283 599 3336 docet
617 3283 734 3335 Nolten.
756 3283 834 3347 (Lex.
855 3283 1003 3336 Antibarb.
1022 3303 1051 3354 p.
1066 3284 1121 3348 65.)
1141 3284 1299 3348 chreooti‚
1318 3292 1351 3336 ut

125 3401 128 3408 a
196 3355 277 3419 Dav,
305 3356 365 3408 sine
393 3354 478 3407 dubio
504 3372 539 3407 ex
565 3354 632 3407 Cod.
656 3354 737 3429 Reg,
763 3355 889 3425 scripsit,
922 3355 1008 3408 habet
1034 3356 1120 3407 etiam
1139 3354 1212 3406 Gud.
1234 3359 1258 3409 1.
1296 3357 1351 3408 Pro

195 3424 326 3488 feruntur
350 3425 423 3498 Aug.
450 3426 587 3478 dicuntur.
625 3425 784 3495 Perperam.
811 3426 899 3477 llllarb.
923 3424 1009 3479 habet
1036 3427 1169 3491 strenati:
1201 3425 1352 3478 incudem

196 3496 298 3548 desunt
315 3496 401 3548 verba
420 3511 582 3564 quamquam
599 3494 663 3564 ipsa
681 3494 838 3561 iracundia,
858 3496 986 3566 itemque
1005 3496 1035 3549 in
1053 3513 1112 3550 uno
1130 3498 1180 3550 Ox.
1198 3496 1263 3550 Cod.
1275 3496 1349 3549 Gud.

195 3565 282 3620 habet
301 3582 391 3635 quam.
409 3565 499 3622 Rehd.
519 3564 668 3620 iracundia
686 3569 759 3634 ipsa.
789 3568 871 3620 Conf.
891 3567 974 3619 adh.
993 3567 1014 3619 1.
1033 3569 1126 3622 Kritz.
1147 3567 1181 3619 ad
1199 3566 1348 3630 saltuem.

195 3642 220 3693 3.
241 3656 270 3709 p.
292 3641 333 3693 19.
353 3655 394 3707 sq.
432 3638 493 3689 Mr.

266 3725 316 3779 Sic
334 3729 407 3780 enim
428 3725 575 3791 definitor.-
599 3727 775 3793 Iracundia,
790 3728 946 3783 ulciscendi
963 3727 1087 3796 cupida]
1122 3726 1230 3792 Vertit,
1257 3727 1351 3796 Henr,

196 3795 341 3868 Stephano
361 3795 467 3862 iudice,
486 3796 517 3848 in
536 3798 724 3852 Ciceroniana
742 3800 848 3851 Lexico
875 3819 904 3871 p.
924 3801 996 3863 185,
1021 3799 1136 3850 Tullius
1154 3795 1230 3850 hanc
1248 3795 1350 3852 defini·

195 3869 307 3921 tionem
326 3885 361 3920 ex
380 3866 500 3922 Graeca:
521 3869 603 3937 ὀργή·
624 3873 752 3941 τιμωρίας
770 3868 912 3940 ἐπιθυμία.
932 3870 1027 3921 Aliam
1045 3866 1131 3922 habes
1150 3869 1351 3922 definitionem

195 3940 228 3993 iu
240 3939 329 4008 Ὅροις
347 3938 453 3992 incerti
472 3940 630 4010 scriptoris,
662 3943 697 3994 ad
724 3941 831 3992 calcem
859 3958 980 4010 operum
997 3941 1212 3992 Platonicorum
1238 3957 1266 4010 p.
1286 3942 1349 3996 573.

195 4009 304 4064 netu:
323 4011 414 4079 Ὀργὴ,
434 4012 598 4078 παράκλησις
616 4016 665 4064 τοῦ
682 4015 801 4074 samson
819 4012 858 4072 εἰς
875 4007 904 4065 τὸ
923 4016 1111 4082 τιμωρεῖσθαι.
1148 4012 1213 4063 Post
1238 4010 1351 4065 iracun-

197 4080 247 4135 dia
265 4077 382 4134 additur
399 4088 438 4134 est
457 4082 491 4134 in
507 4082 594 4136 codd.
613 4081 698 4136 vind
720 4086 744 4137 l.
766 4089 796 4134 et
812 4082 885 4157 Aug.
921 4084 955 4136 In
974 4101 1052 4153 seqq.
1071 4080 1167 4134 Duisb.
1189 4082 1299 4134 iterum
1316 4082 1350 4135 de

196 4169 248 4222 pro
268 4169 311 4206 ea.
348 4152 474 4205 Verbum
492 4152 622 4207 dicuntur
640 4152 720 4204 deest
737 4153 769 4204 in
788 4152 872 4206 Oodd.
892 4154 976 4206 Vind.
997 4157 1020 4209 2.
1045 4153 1119 4206 Gud.
1140 4155 1164 4207 2.
1204 4153 1242 4205 ln
1260 4152 1348 4206 Illarb.

196 4223 299 4278 desunt
321 4221 376 4276 duo
407 4225 556 4293 sequentia
586 4226 689 4279 iccirco
719 4223 859 4278 dicuntur.
896 4227 934 4280 In
958 4227 1033 4278 llllon.
1053 4227 1079 4279 2.
1111 4232 1154 4276 est
1177 4222 1211 4276 s'd
1236 4223 1349 4288 iccirco,

197 4312 295 4349 errore
319 4313 354 4348 ex
372 4295 484 4366 duplici
507 4296 663 4365 scriptione
687 4294 795 4349 idcirco
819 4304 849 4350 et
872 4295 977 4351 iccirco
996 4304 1076 4348 orto:
1106 4295 1138 4345 in
1155 4293 1254 4346 Duisb.
1272 4293 1350 4359 ideo,

198 4366 274 4435 quod
291 4367 339 4419 vel
362 4366 530 4441 glossatoris
549 4374 600 4429 est,
626 4365 674 4417 vel
698 4383 734 4417 ex
756 4367 934 4437 compendio,
959 4365 1033 4431 idc'o,
1061 4374 1167 4418 ortum.
1204 4364 1352 4418 Scribitur

197 4453 250 4491 noo
275 4435 352 4492 siat
376 4439 407 4490 in
431 4435 516 4493 codd.
542 4435 635 4492 tribus
662 4435 731 4490 Oxx.
766 4437 900 4514 (quorum
929 4437 984 4492 duo
1010 4454 1064 4508 pro
1095 4435 1189 4506 igitar
1213 4436 1350 4491 exhibent
