2842 5070
332 325 335 330 ’
397 335 437 395 ·.
499 306 628 368 mern
650 307 712 386 ιν,
735 309 783 371 17.
1018 350 1023 361 .
1166 293 1260 366 aar·

67 473 139 553 quis
162 473 229 535 erit
252 472 385 535 taudem
408 468 525 533 modos
540 469 623 561 irtel
645 490 840 560 quaeramus
856 467 1094 531 enim'modum
1115 466 1225 564 aegri·
1243 463 1287 517 ¹1⁰·

65 553 210 631 tudinis3
243 559 279 615 iu
308 574 370 636 qua
399 573 521 635 operae
550 554 732 636 plurimum
760 553 907 635 ponitur.
965 551 1075 634 Aegre
1095 549 1225 611 tullisse

65 635 101 696 Ρ.
116 637 287 719 Rupilium
312 639 425 698 fratris
442 636 607 718 repulsam
625 635 834 707 consulatus,
857 635 1020 716 scriptum
1043 629 1131 713 apud
1142 631 1225 690 Fan-

77 762 310 773 ——-·-—-—-·-—-

65 821 175 870 factum
202 826 252 889 est,
278 829 310 871 ut
337 820 506 894 glossatores
532 818 668 872 Ciceroni
697 835 797 869 manus
821 817 1008 870 admoverent
1035 816 1223 886 opitulantes:
1247 813 1249 818 ⁴

65 890 105 940 ita
123 888 220 940 Duisb.
239 888 324 942 habet
343 889 495 956 sapientie
513 890 663 942 animum
681 906 714 941 ne
739 887 862 954 attinget
887 887 1009 956 quidem,
1033 888 1147 953 (omisso
1165 901 1224 939 om·
1303 902 1305 909 ’

66 958 156 1021 niuo):
177 960 251 1011 Mon.
274 965 296 1014 l.
316 960 473 1028 sapientis
491 960 685 1012 erimusne
703 959 824 1027 attingat
843 962 902 1026 qui
908 960 927 1011 d
945 959 1068 1012 omuino.
1106 957 1168 1010 Mr.

135 1031 173 1082 lit
191 1030 263 1082 euim
282 1031 415 1099 pulsarit
433 1031 546 1083 taudem
563 1031 661 1083 modus
682 1030 770 1094 ittet]
807 1030 849 1083 De
867 1048 894 1081 v.
915 1028 1020 1082 etenim
1039 1028 1158 1097 eiusque
1173 1043 1226 1078 usu
1261 1070 1265 1080 .
1303 1094 1305 1100 Ι

64 1101 121 1153 vid.
142 1101 464 1153 Handii'Tursellinum
481 1101 515 1152 T·
535 1102 572 1154 ll.
597 1119 625 1170 p.
646 1102 818 1166 sau-5453
850 1099 884 1152 de
909 1108 1009 1152 nostro
1037 1106 1135 1150 autem
1159 1097 1226 1150 loco
1309 1097 1313 1100 ’

63 1190 94 1241 p·
113 1174 178 1226 543:
206 1170 256 1230 ubi
285 1173 463 1241 explicatur:
492 1180 521 1222 et
540 1189 630 1240 quum
649 1173 689 1223 ita
708 1189 753 1223 res
771 1173 818 1235 sit,
847 1187 953 1240 quaero
973 1179 1026 1222 eto.
1052 1169 1225 1238 additurque

64 1241 133 1313 falli
149 1258 204 1305 eos,
229 1242 280 1311 qui
304 1260 417 1312 semper
442 1242 539 1301 omitti
566 1250 671 1312 putent
696 1243 867 1294 sententiam
892 1241 1109 1303 adversativam,
1144 1239 1226 1291 ouius

62 1313 137 1364 ratio
154 1311 210 1364 hoo
228 1313 472 1367 modo‘reddatur.
510 1315 563 1365 Pro
582 1314 645 1381 quis
664 1322 705 1366 est
724 1313 771 1380 qui
789 1314 821 1363 in
840 1311 908 1366 (lod.
928 1310 1017 1364 Rehd.
1039 1311 1075 1363 In
1095 1311 1175 1362 Mon.
1198 1313 1223 1363 1.

61 1382 174 1456 legitur
192 1383 245 1434 iste
264 1385 376 1436 taudem
390 1384 498 1436 modu.
538 1383 598 1437 Mr.
1072 1383 1074 1388 ’

134 1469 298 1522 quaeramus
316 1453 408 1507 enim
426 1454 537 1507 modum
555 1452 782 1521 aegritudinum]
820 1451 938 1516 „Habet
963 1471 1037 1503 unus
1055 1450 1122 1504 Cod.
1142 1449 1224 1507 Leid.

63 1541 232 1592 quaeramus
249 1524 262 1576 i
268 1524 393 1591 gitur,
407 1524 483 1594 quod
501 1523 610 1594 placet:
631 1525 758 1577 evitatur
776 1541 809 1575 ea
827 1523 986 1592 scriptione
1006 1524 1119 1644 ingrrata
1137 1538 1225 1591 repe-

62 1595 129 1646 titio
147 1595 226 1646 vocis
245 1595 329 1659 euim,
350 1613 416 1647 cum
434 1595 517 1646 modo
535 1595 724 1662 praecesserit
743 1600 769 1646 et
787 1592 892 1646 euim.“
912 1590 1001 1644 Boul.
1066 1610 1085 1644 u
1103 1591 1169 1643 vide
1188 1592 1223 1643 de

63 1665 238 1732 repetitione
256 1665 342 1732 huius
358 1667 447 1730 vocis,
467 1683 523 1733 qua
541 1680 603 1717 uon'
617 1664 835 1718 offendebantur
852 1663 961 1728 Latini,
981 1663 1112 1715 ninnium
1130 1663 1224 1715 instar

63 1735 207 1786 Handium
226 1736 257 1786 in
280 1736 445 1788 Tursellino
465 1737 552 1805 ll.,p.
572 1735 873 1805 396sqssupra111.
895 1738 938 1789 11.
963 1734 1007 1788 25.
1038 1742 1094 1799 ter,
1125 1732 1223 1802 paucis

63 1805 235 1870 interiectis,
260 1807 385 1874 ponitur.
428 1806 546 1858 Praeter
570 1807 657 1857 illum
684 1806 775 1870 heia,
801 1805 856 1858 duo
881 1821 995 1874 quoque
1019 1803 1090 1872 Oxii.
1115 1803 1223 1855 habent
1291 1815 1294 1828 ¹

10 1936 17 1946 .
62 1876 155 1942 igitur
172 1892 225 1946 pro
244 1875 335 1928 euim:
360 1893 483 1946 quorum
507 1876 783 1929 item'correctores
802 1876 926 1926 nimium
955 1883 1037 1926 erant
1056 1874 1223 1926 misericor·
1307 1925 1310 1936 ,

63 1947 111 1999 des
131 1964 200 2020 erga
223 1947 426 2009 dormitantem
448 1947 562 1999 scilicet
587 1947 765 2000 Ciceronem.
802 1948 856 1998 Pro
884 1945 1075 2013 aegritudiuis
1098 1944 1167 1996 Dav.
1192 1944 1223 1995 in
1267 2007 1271 2010 μ

62 2018 117 2070 Ed.
137 2019 162 2071 2.
182 2017 261 2069 dedit
280 2018 470 2085 aegritudini:
490 2018 552 2071 sine
571 2018 655 2071 dubio
675 2017 792 2070 iubente
810 2017 951 2082 Bentlei0,
977 2015 1026 2068 sed
1047 2015 1133 2084 pullo
1151 2014 1220 2067 cod.

50 2088 221 2140 addicente.
259 2087 320 2140 Mr.
446 2128 450 2136 .
796 2109 799 2116 ’
946 2091 948 2096 “
1111 2143 1115 2149 ,

106 2168 110 2175 ·
132 2159 166 2211 Iu
193 2175 247 2228 qua
262 2175 373 2226 ¹operae
396 2157 566 2228 plurimum]
604 2158 712 2212 Forsan
730 2158 762 2214 iu
780 2176 843 2230 quo,
862 2159 939 2212 sicut
957 2155 1093 2212 exhibent
1110 2157 1221 2210 Eliens.

63 2236 92 2281 et
109 2231 235 2284 Petrens.
254 2247 309 2281 nec
332 2231 420 2282 aliter
436 2231 571 2282 Erasmus
591 2230 690 2283 edidit.
727 2230 764 2284 D.
818 2260 823 2273 ·
874 2288 876 2292 Α
1052 2231 1054 2234 ’

133 2301 163 2354 iu
183 2314 250 2370 que
269 2316 369 2368 operae
386 2302 553 2368 plurimum
563 2301 706 2369 ponitur]
743 2302 840 2354 Placet
864 2300 1004 2355 Kiihnero
1023 2298 1133 2352 Davisii
1156 2294 1225 2350 ‘cor-

63 2371 166 2435 rectio,
186 2371 266 2423 cuius
285 2373 457 2424 sententiam
476 2371 551 2423 hanc
571 2389 642 2424 esse:
667 2372 873 2442 Peripateticos
899 2374 929 2426 iu
946 2370 999 2425 illo
1017 2372 1100 2423 modo
1127 2367 1225 2444 aegri-

63 2440 173 2495 tudinis
201 2443 346 2495 statuendo
373 2457 475 2512 operae
498 2442 660 2511 plurimum
686 2459 803 2511 ponere.
836 2442 883 2494 Or.
903 2450 1005 2495 contra
1024 2450 1103 2494 recte
1122 2446 1222 2492 monet

64 2512 288 2587 intelligendum
313 2530 385 2566 esse:
420 2515 449 2566 iu
473 2528 539 2581 qua
567 2511 747 2580 aegritudine
763 2513 892 2580 pellenae
911 2528 930 2565 a
948 2512 1147 2579 Peripateticis
1166 2519 1222 2562 etc.

67 2610 97 2620 -
119 2582 198 2647 Quod
214 2600 284 2635 vero
304 2584 335 2634 in
354 2583 503 2635 nonnullis
523 2583 608 2636 Oodd.
630 2585 770 2655 scriptum
789 2585 939 2653 reperitur
962 2585 992 2639 in
1010 2584 1091 2650 prio,
1120 2580 1225 2645 (veluti
1286 2637 1288 2642 ,

21 2693 26 2699 .
65 2661 139 2718 octo,
164 2662 198 2713 ut
223 2654 348 2720 videtur,
379 2655 449 2706 Oxx.
476 2656 561 2707 Bern.
587 2654 683 2707 Duisb.
710 2654 830 2708 Gnaei.
857 2654 931 2715 (lud.
956 2653 1030 2728 Aug.
1052 2652 1168 2717 scarb.)
1195 2649 1227 2703 id

65 2724 131 2776 inde
150 2724 261 2777 factum
280 2735 331 2790 est,
351 2726 428 2794 quod
445 2726 560 2798 librarii
578 2742 739 2795 pronomen
757 2726 814 2776 scri
835 2725 910 2778 tioni
927 2742 1030 2794 pravae
1059 2739 1153 2791 opere
1178 2738 1225 2774 ac·

66 2797 245 2848 commodare
265 2796 400 2860 solebant,
428 2815 515 2866 quam
534 2798 695 2865 reperimus
717 2798 749 2848 in
768 2743 853 2848 Codpd.
874 2796 961 2848 Marb.
981 2793 1054 2870 Aug.
1076 2803 1105 2846 et
1131 2791 1226 2863 pluri·

65 2866 116 2917 bus
135 2868 195 2919 sine
214 2867 309 2931 dubio,
338 2867 493 2935 exquibus
512 2866 588 2919 nihil
615 2876 761 2920 enotatum
786 2875 836 2919 est.
874 2868 1033 2936 Receptum
1058 2874 1155 2917 tamen
1183 2871 1225 2916 est

65 2937 97 2989 iu
116 2953 177 3003 quo
197 2938 228 2988 in
246 2937 317 2989 Edd.
338 2940 366 2989 P.
385 2938 416 2992 Β.
437 2936 466 2989 S.
485 2939 520 2990 E.
542 2938 573 2990 (l.
593 2937 656 2990 Asc.
677 2941 703 2992 2.
723 2939 803 2990 lunt.
823 2937 897 2990 Lali.
927 2939 998 2989 Ern.
1027 2936 1111 2989 seha.
1131 2935 1221 2987 Nobb.

66 3008 138 3059 Tbn.
156 3009 287 3075 itemque
307 3008 381 3061 oliv.
401 3007 463 3077 Bip.
484 3007 598 3060 Mannh.
636 3009 696 3061 Mr.
917 3056 920 3058 .
1046 3011 1048 3014 ⁴
1084 3015 1086 3021 ’
1112 3017 1114 3020 ’

137 3077 169 3130 Ρ.
189 3077 339 3142 Rutilium]
376 3078 531 3140 „Historia
549 3080 676 3148 postulat
694 3077 848 3146 Rupilium,
877 3079 928 3147 qui
953 3077 1053 3130 consul
1071 3075 1130 3128 fuit
1148 3091 1222 3128 anno

65 3148 146 3200 urbis
162 3147 286 3202 DCXXI.
307 3157 340 3200 ut
358 3157 437 3216 patet
464 3166 498 3200 ex
516 3149 609 3201 Fastis
628 3149 807 3220 Capitolinis.
845 3148 1019 3200 Tollendum
1044 3148 1120 3199 idem
1144 3163 1225 3197 men·
1276 3179 1282 3185 -
1353 3147 1355 3155 ’

67 3219 136 3270 dum
155 3237 191 3271 ex
209 3219 302 3270 Plinio
322 3218 371 3270 lib.
393 3221 417 3272 7.
439 3235 464 3270 c.
483 3221 526 3273 36.
556 3221 653 3290 Ipsum
672 3221 759 3272 etiam
777 3218 948 3271 Ciceronem
966 3219 998 3268 in
1015 3217 1114 3270 Laelio
1133 3216 1225 3267 tribus

66 3290 138 3342 locis
162 3290 194 3341 in
221 3291 319 3342 eodem
341 3290 458 3342 nomine
482 3292 668 3342 correximus.
707 3290 786 3355 Quod
808 3289 833 3340 si
867 3289 931 3358 quis
963 3287 1111 3341 mendosos
1137 3287 1225 3338 etiam

67 3370 150 3434 putat
169 3360 343 3431 Capitolinos
362 3361 458 3426 fastos,
478 3378 532 3436 ego
550 3361 684 3414 adversus
701 3359 790 3425 hunc,
818 3369 953 3430 tanquam
971 3365 1125 3434 negantem
1143 3357 1226 3427 prin·

68 3433 152 3502 cipia‚
171 3450 230 3485 non
248 3430 429 3502 disputabo.“
464 3431 496 3484 P.
516 3433 678 3486 Manutius.
939 3470 942 3481 .
1186 3484 1192 3508 ,
1223 3476 1249 3488 ..

138 3502 169 3555 P.
189 3502 340 3570 Rutilium]
377 3503 417 3556 lis
436 3521 506 3572 quae
525 3504 595 3556 Dav.
623 3504 656 3559 in
674 3501 945 3571 ann..seq.posuit,
973 3500 1004 3552 in
1027 3500 1080 3552 Ed.
1103 3505 1126 3556 l·
1154 3497 1225 3552 haec

69 3573 228 3626 addiderat:
262 3575 328 3639 „At
351 3575 427 3627 unde
445 3584 556 3628 constat
580 3577 609 3627 P.
629 3573 735 3644 Popilii
753 3570 886 3624 Laenatis
905 3572 1047 3646 collegam
1070 3570 1121 3623 hic
1139 3570 1227 3641 intel-

66 3646 144 3719 ligi?
180 3645 281 3696 Omnes
307 3646 403 3701 Mssti
423 3647 571 3723 vulgatam
598 3646 754 3698 lectionem
784 3643 927 3708 retinent,
966 3651 995 3696 et
1024 3660 1086 3701 eam
1109 3658 1226 3693 movere

69 3716 258 3769 temerarium
275 3716 408 3784 videtum
433 3718 607 3788 praesertim
625 3734 697 3770 cum·
709 3713 815 3767 Rutilii
838 3715 984 3784 repulsam
1009 3721 1152 3765 memoret
1178 3711 1226 3765 Gi*

70 3801 137 3838 cero
165 3786 200 3838 de
219 3785 267 3837 Or.
289 3787 326 3838 ll.
353 3791 396 3843 69.
422 3796 451 3843 et
476 3788 508 3840 in
525 3789 614 3840 Bruto
639 3806 702 3861 pag.
723 3787 784 3841 272.
810 3785 1010 3838 librariorum
1037 3793 1133 3837 tamen
1152 3783 1226 3835 vitio

70 3858 114 3920 fit,
134 3864 167 3907 ut
184 3864 307 3923 uterque
325 3860 418 3911 frater
435 3859 551 3911 Publius
575 3856 773 3912 nominetur.“
811 3857 871 3913 Mr.
983 3876 985 3887 ¹
1068 3858 1090 3887 Ψ
1158 3917 1160 3926 ,

142 3926 237 3992 Aegre
255 3927 354 3981 tulisse
372 3929 403 3982 Ρ.
424 3930 563 3982 Rutilium
581 3927 688 3997 fratria
706 3929 846 3996 repulsam
863 3925 1037 3993 consulatus]
1062 3925 1227 3979 Audiendus

70 4014 131 4050 non
149 4006 192 4049 est
210 3999 365 4062 Danaeius,
385 4001 436 4068 qui
453 4000 566 4068 Rupilii
583 4018 687 4053 nomen
705 3999 842 4065 inculcat,
872 3998 906 4051 ut
923 3990 1091 4072 designetur
1113 3999 1147 4062 is,
1175 3996 1226 4066 qui

72 4069 180 4121 Consul
203 4069 261 4119 fuit
283 4067 316 4120 A.
337 4067 372 4123 U.
393 4069 425 4123 C.
451 4069 574 4123 DCXXI.
611 4071 740 4123 Eandem
761 4069 915 4122 historiam
937 4078 1035 4123 narrat
1059 4069 1170 4120 Plinius
1188 4070 1225 4122 H.

72 4142 108 4193 N.
134 4139 184 4191 lib.
204 4141 268 4203 Vll,
293 4141 337 4195 36.
375 4140 406 4193 Ρ.
432 4140 560 4193 Rutilius
584 4142 679 4203 morbo
704 4141 759 4202 leui
784 4141 946 4206 impeditus,
972 4138 1101 4193 nuntiata
1124 4143 1228 4207 fratria

71 4212 182 4280 repulsa
200 4213 230 4265 iu
249 4212 408 4264 consulatue
426 4210 570 4280 petitione,
594 4211 672 4264 illico
692 4213 857 4278 respirauit.
894 4212 965 4263 Eius
991 4211 1078 4263 fratri
1106 4225 1228 4279 praeno-

74 4299 141 4334 men
159 4283 218 4334 fuit
235 4283 336 4346 Lucio,
357 4284 434 4354 quod
452 4283 587 4335 discimus
606 4299 642 4335 ex
659 4282 728 4334 libri
748 4282 781 4334 de
800 4282 893 4338 Amic.
913 4299 974 4352 cap.
992 4284 1052 4334 XX.
1090 4282 1127 4334 D.

144 4352 175 4408 P.
194 4352 342 4418 Rutilium]
379 4354 555 4420 „Immerito
580 4352 768 4424 reprehendit
784 4355 854 4407 Dar.
875 4354 1036 4422 Manutium
1060 4353 1137 4420 quod
1165 4364 1228 4401 cor·
1315 4408 1317 4413 ¹

75 4425 183 4478 rexerit
208 4424 239 4483 P.
259 4421 407 4496 Rupilium
431 4436 460 4479 et
482 4425 512 4483 h.
532 4424 552 4484 1.
578 4431 608 4479 et
630 4424 665 4480 de
689 4425 780 4480 Amic.
805 4427 848 4482 2⁰.
874 4428 1020 4480 Posterior
1047 4425 1123 4478 enim
1147 4423 1227 4476 locus
