2842 5070
212 327 274 392 tm
413 300 1165 418 o1omomsrusoonan.n1sromr.

151 468 156 475 ⁵
211 510 287 553 men
307 488 337 550 s'i
358 489 431 569 quis
452 505 553 548 error
578 484 713 548 aliunde
741 485 881 562 exstitit,
911 486 940 547 si
961 480 1142 568 paupertas
1168 466 1365 564 momordit,

211 577 241 633 si
261 571 446 658 ignominia
466 571 620 653 pupugit,
653 572 682 629 si
704 567 787 648 quid
816 569 1033 629 tenebrarum
1055 565 1176 629 offudit
1197 569 1366 646 exsilium,

163 668 190 721 b.
210 662 269 717 aut
290 672 419 731 eorum,
441 671 523 733 quae
544 649 645 723 niodo
666 649 746 728 diri,
768 653 797 711 si
815 650 892 733 quid
907 652 1046 725 asstitit,
1069 658 1103 722 et
1116 652 1145 714 si
1157 651 1365 738 singularum

210 840 312 895 dum.“
336 836 485 903 FAWolfr
513 838 546 889 in
575 835 690 889 scholis.
727 836 959 903 „Anaeoluthon
986 838 1044 890 iam
1069 838 1213 906 Manutius
1247 836 1292 902 (ad
1315 839 1365 894 Or.

210 913 369 967 Sestianam
393 910 415 974 i.
435 910 486 965 st:
503 932 506 937 ·
523 908 583 960 Rex
607 906 781 960 Ptolemaeus
801 939 834 949 -
855 941 904 975 -,
933 909 967 962 de
994 907 1045 962 hoc
1067 915 1109 961 est
1132 911 1275 976 rogatum)
1305 926 1366 963 esse

121 995 124 1000 '
210 983 240 1036 h.
261 984 282 1035 l.
303 983 425 1034 censuit.
462 979 564 1032 Melius
590 994 703 1032 mecum
727 979 818 1031 distin
841 995 891 1031 ues
910 988 977 1050 post
994 981 1045 1044 sic,
1073 988 1106 1031 ut
1125 982 1295 1054 iungamus:
1321 980 1366 1033 sie

210 1054 388 1120 singularum
407 1067 501 1104 rerum
518 1056 579 1102 sunl
594 1051 728 1117 propriae
746 997 960 1116 consrhationee,
986 1057 1019 1102 ut
1038 1048 1213 1119 philosophia
1238 1053 1277 1103 sit
1300 1050 1367 1105 sub-

210 1126 320 1178 iectum
336 1123 591 1191 verborurn·quum
606 1121 729 1184 ,smlulit
766 1119 923 1175 Commode
942 1123 1029 1174 etiam
1050 1120 1118 1173 cod.
1137 1121 1227 1174 Rehd.
1254 1122 1366 1193 ornittit

209 1193 313 1262 (solus,
333 1193 409 1264 quod
427 1193 527 1256 sciam)
556 1197 582 1243 el
601 1206 646 1243 se:
673 1192 771 1243 minus
796 1182 901 1259 placet,
928 1191 1005 1262 quod
1025 1191 1130 1245 ibidem
1156 1194 1259 1253 desunt
1276 1193 1365 1246 verba

210 1282 281 1319 vere
307 1263 495 1318 Ciceroniana
521 1262 696 1329 singularam
720 1275 831 1326 rerum,
859 1264 991 1332 quamvis
1013 1269 1043 1314 ct
1067 1262 1115 1316 his
1139 1264 1283 1317 sententia
1302 1263 1365 1334 ipsa

114 1384 117 1389 .
212 1332 315 1390 carere
329 1333 457 1405 posset.“
484 1331 544 1384 Or.
1220 1366 1224 1378 ,
1293 1335 1294 1338 ’

186 1437 189 1442 ,
283 1422 363 1476 ptum
380 1405 540 1457 uniuersam
558 1401 766 1470 aegritudinem
784 1401 915 1468 sustulit]
936 1404 1022 1459 Quum
1041 1405 1120 1458 abest
1138 1423 1154 1456 a
1165 1404 1232 1458 (lod.
1253 1404 1362 1461 Gadi.

212 1475 360 1530 Scribitur
377 1474 555 1527 sustulerit
583 1474 614 1526 in
634 1473 703 1527 (lod.
724 1475 798 1525 Mon.
821 1478 852 1529 1.Υ
871 1472 931 1537 (hic
949 1489 1003 1542 pro
1022 1491 1101 1542 quum
1125 1475 1212 1529 habet
1238 1476 1363 1551 glossam

210 1544 403 1607 mrimil'Edd.
424 1546 506 1597 lunt.
527 1544 556 1598 P.
576 1547 608 1598 Α.
629 1545 660 1595 Β.
680 1542 708 1597 S.
728 1544 763 1596 E.
783 1543 816 1596 C.
835 1545 905 1597 Van.
925 1553 1017 1597 nostr.
1039 1555 1068 1598 et
1086 1547 1191 1612 Alteri,
1210 1546 1276 1599 Asc.
1299 1551 1321 1602 1.
1336 1549 1368 1603 Φ

210 1618 350 1672 etwas·
371 1617 406 1668 ln
422 1617 507 1668 'Mon
533 1617 567 1669 2·
590 1622 634 1669 est
661 1612 877 1683 philosophiam
909 1630 978 1666 cum.
1016 1614 1163 1669 Scribitur
1192 1618 1306 1670 sustulit
1333 1618 1362 1668 in
1411 1662 1415 1675 ,

210 1688 311 1742 eodem
333 1693 362 1741 et
380 1685 464 1737 vind.
486 1691 510 1740 1.
544 1686 589 1738 Ad
605 1703 632 1738 v.
653 1685 679 1736 si
696 1686 774 1755 quis
791 1701 878 1737 erran
896 1684 1056 1761 cogitabam
1086 1687 1122 1741 de
1141 1687 1315 1774 corrigendo
1328 1687 1365 1740 ⁴si

133 1795 137 1801 1
169 1752 171 1759 '
212 1759 270 1828 qui
288 1774 386 1811 error:
414 1756 495 1821 lib'ri,
519 1763 658 1824 quantum
678 1757 796 1818 selinus,
827 1771 927 1808 omnes
951 1754 1156 1828 habent‘quie.
1193 1759 1256 1810 vat.
1278 1757 1363 1812 daea

208 1836 245 1882 're
264 1829 457 1899 disputantem
481 1826 616 1880 Beierum
642 1825 678 1879 ad
697 1826 756 1880 oio.
786 1825 820 1879 de
839 1825 891 1879 off.
913 1826 935 1877 1.
956 1830 980 1880 7.
999 1830 1042 1884 21.
1063 1828 1085 1879 l.
1107 1833 1149 1884 16.
1169 1829 1214 1884 52.
1252 1830 1311 1882 Nos
1330 1828 1365 1881 ad

212 1899 274 1953 cic.
295 1899 330 1952 de
347 1900 437 1985 legg}
449 1897 495 1950 ll.
516 1899 557 1953 19.
576 1914 605 1966 p·
625 1899 686 1952 tto.
723 1897 853 1950 Benecke
873 1896 904 1948 in
924 1896 983 1952 (lic.
1005 1899 1065 1951 Cat.
1086 1898 1133 1954 IV.
1153 1901 1179 1955 6.
1202 1899 1242 1954 12
1261 1900 1362 1970 puto.

169 2021 185 2034 N
212 1970 292 2037 Quod
311 1971 437 2022 coniecit
454 1966 526 2020 Ern.
547 1965 675 2020 alicunde
694 1983 748 2036 pro
767 1969 889 2032 aliunde,
917 1965 1020 2020 Cicero
1039 1968 1153 2038 aliquot
1175 1969 1247 2022 locis
1265 1971 1365 2038 posuit

211 2041 277 2112 (pro
297 2038 412 2096 Caecin.
433 2042 475 2094 lli.
494 2038 531 2092 de
547 2039 634 2091 Finn.
655 2039 689 2088 V.
712 2042 754 2092 ll.
774 2039 812 2090 ad
831 2036 887 2091 Att.
907 2036 939 2087 X.
961 2037 1012 2105 1,):
1041 2040 1089 2092 sed
1117 2046 1216 2093 nostro
1244 2039 1363 2108 quidem

211 2112 276 2165 loco
294 2111 487 2164 necessarium
507 2124 564 2160 non
585 2117 638 2160 est.
660 2109 724 2159 Mox
744 2107 832 2160 Godd.
851 2105 935 2162 Vind.
959 2113 981 2162 1.
1004 2116 1034 2161 et
1051 2108 1142 2163 liehd.
1164 2108 1271 2180 babent
1286 2125 1362 2177 pun-

209 2184 267 2250 git,
288 2188 389 2235 errore
407 2197 443 2232 ex
462 2179 622 2248 scriptione
639 2180 737 2230 PVorr
757 2187 829 2232 orto.
866 2179 909 2233 Da
929 2194 971 2244 eo,
991 2181 1042 2248 qui
1061 2180 1110 2244 hicj
1136 2179 1255 2245 obtinet,
1280 2180 1363 2232 vocis

210 2252 387 2305 tenebrarum
406 2268 460 2302 usu
477 2250 536 2302 vid.
556 2248 675 2301 Ernesti
694 2249 774 2302 Clas.
794 2249 854 2305 (iic.
873 2249 903 2300 b.
925 2266 953 2300 v.
974 2250 1043 2303 Cod.
1059 2249 1150 2305 ‘Itebd¹
1169 2251 1363 2319 eum-Monl.

211 2321 349 2402 habetlsi
371 2319 468 2402 pund.
502 2318 643 2402 Marmei
667 2318 806 2387 quidem
828 2326 847 2372 t.
877 2321 1055 2405 chiantim
1082 2321 1137 2407 duo
1165 2321 1237 2405 Oxx3
1260 2329 1290 2374 et
1309 2320 1364 2407 Ag.

114 2448 120 2459 ’
210 2393 341 2514 {illl
357 2389 1365 2531 litllrtllllllitlattiniani&lt·litteriis
1410 2459 1413 2463 ’

214 2531 321 2587 Cellar.
349 2531 486 2652 Orthaga
507 2532 576 2582 liat.
606 2549 634 2601 p.
655 2533 716 2586 231.
747 2531 788 2584 ed.
837 2532 890 2584 arl.
927 2532 992 2585 Post
1010 2548 1106 2586 eorum
1134 2534 1364 2603 sequiturquae-

213 2619 273 2672 que
290 2603 371 2654 modo
391 2603 422 2653 in
466 2600 529 2655 odd.
550 2602 622 2653 Gud.
646 2607 668 2656 1.
689 2602 777 2655 Marb·
795 2601 870 2678 Aug.
897 2611 1006 2657 ct‘uno
1025 2601 1075 2656 Ox.
1095 2603 1179 2657 Alius
1201 2603 1251 2656 Ox.
1278 2602 1365 2658 babet

214 2687 466 2744 quaequumque
483 2671 576 2723 ruodo.
615 2672 675 2724 Mr.
1074 2684 1076 2690 ·
1279 2711 1282 2717 f
1331 2680 1336 2694 ‘

285 2751 311 2795 et
337 2745 364 2797 si
386 2741 573 2808 singularum]
612 2744 731 2806 „Verba
752 2744 849 2796 minus
877 2752 943 2815 apte
961 2745 1101 2799 videntur
1119 2742 1291 2799 cohaerere(
1316 2742 1364 2815 'Et

215 2815 349 2884 suspicor
368 2814 542 2881 scripturam
565 2811 698 2866 essehoc
717 2814 781 2867 loco
800 2815 995 2884 depravatam,
1013 2833 1046 2868 ac
1065 2819 1190 2870 fortasse
1207 2814 1364 2891 legendum
1413 2845 1415 2854 ‹

215 2892 248 2936 et
266 2884 443 2950 singularum
460 2898 563 2946 rerum,
581 2883 630 2934 ml
649 2886 753 2937 etiam
771 2886 949 2953 singularum
967 2886 1096 2940 rerum.“
1120 2886 1263 2953 Gamerae,
1301 2887 1371 2951 „st

215 2956 243 3008 si
259 2954 413 3006 Lambinus
438 2953 534 3006 tollit:
561 2953 614 3005 alii
639 2957 778 3019 retinent,
802 2956 929 3026 pendere
962 2959 1122 3010 orationem
1144 2958 1178 3010 ab
1206 2958 1244 3009 iis
1268 2956 1365 3019 verbis

215 3021 417 3078 existimantes
436 3023 569 3088 minimae
587 3025 671 3076 etiam
686 3026 777 3094 parti,
805 3029 833 3080 si
849 3027 1001 3092 condoluit,
1020 3029 1172 3081 utedentur.
1211 3029 1287 3097 Ante
1306 3027 1365 3080 etsi

117 3151 119 3154 Α
214 3113 285 3149 vero
303 3096 390 3148 unico
408 3104 527 3164 puncto,
546 3111 618 3164 quae
638 3105 679 3148 est
698 3091 872 3170 significatio
892 3097 1023 3167 expletae
1041 3106 1126 3168 atque
1151 3096 1297 3151 absolutae
1315 3099 1365 3167 pe'-

214 3168 302 3234 riodi,
321 3160 480 3219 orationem
500 3165 734 3238 distinguendam
751 3167 886 3236 putant.“
904 3169 1019 3220 Brutus.
1057 3169 1101 3221 lta
1119 3167 1178 3223 erit
1200 3169 1265 3222 Etsi
1284 3166 1365 3238 posi·

213 3246 289 3303 tum,
315 3244 348 3288 nt
372 3252 534 3306 quamquam
561 3236 728 3308 saepissime
752 3239 873 3308 ponitur
895 3239 959 3291 sine
983 3237 1109 3307 apodosi‚
1134 3239 1169 3291 ad
1191 3247 1259 3292 ante
1286 3238 1365 3291 dicta

213 3309 389 3378 respiciens:
417 3327 445 3361 v.
466 3323 490 3362 c.
510 3309 584 3377 Epp.
604 3307 637 3359 ad
657 3306 768 3360 Famm.
787 3309 836 3360 Vl.
856 3311 899 3363 41.
927 3309 961 3361 ad
979 3307 1120 3365 Att.·v11.
1139 3312 1166 3366 3.
1184 3313 1211 3365 3.
1248 3310 1310 3363 Mr:

283 3377 324 3429 Et
349 3380 372 3430 si
395 3376 581 3444 singularum]
618 3376 762 3430 Turbatus
787 3386 832 3431 est
854 3377 945 3444 locus,
972 3395 1059 3449 quem
1087 3379 1245 3450 restituere
1275 3378 1364 3432 multi

214 3455 282 3500 sunt
299 3450 404 3500 conati.
440 3449 527 3500 Hadr.
548 3447 699 3513 Turnebus
716 3447 838 3501 Advers.
857 3448 931 3514 XlX,
949 3451 975 3504 Β.
1002 3467 1035 3503 ac
1053 3448 1152 3507 Joaeh.
1182 3449 1365 3503 Camerarius

214 3527 360 3588 reponunt
385 3518 468 3571 eliam
491 3519 677 3586 singularum.
719 3517 883 3580 violentior
915 3527 959 3573 est
985 3518 1020 3572 D.
1045 3519 1179 3572 Lambini
1206 3514 1364 3584 medicina,

235 3605 268 3640 ro
295 3604 350 3655 qua
373 3588 444 3642 dtiae
468 3590 581 3659 priores
604 3588 722 3653 poculae
746 3588 915 3642 resecandae
944 3598 1019 3642 sunt.
1065 3590 1222 3656 bisancius,
1250 3597 1365 3643 servata

213 3605 341 3713 lectione
360 3659 490 3781 vulpam,
510 3659 699 3712 transuersus
717 3659 855 3733 agnoseit.
892 3655 1038 3729 Equidem
1053 3660 1273 3715 rescribendum
1297 3676 1365 3733 conf

215 3745 271 3794 seo,
292 3731 319 3782 ei
337 3729 420 3794 singu
434 3746 517 3782 arum
534 3746 629 3782 rerum
647 3735 711 3782 sunt
728 3731 865 3798 propriae,
881 3732 1090 3785 consolationes.
1117 3730 1280 3784 Lenissima
1299 3730 1364 3801 qui·

214 3798 280 3850 dem
295 3803 341 3852 'est
358 3798 430 3851 haec
448 3800 569 3852 curandi
588 3799 670 3852 ratio.
690 3799 725 3855 st
744 3801 821 3853 enim
841 3802 974 3871 repetitis
991 3802 1097 3871 primis
1114 3802 1264 3872 proximae
1282 3799 1382 3855 vocis.
1402 3843 1405 3848 .

213 3867 324 3921 litteris
343 3876 440 3920 ortum
459 3867 567 3922 debuit.
589 3870 623 3922 D.
663 3868 747 3935 [Cum
766 3871 796 3921 in
815 3871 872 3924 Ms.
891 3871 1008 3936 Nervic.
1029 3873 1067 3924 sit
1085 3877 1113 3924 et
1129 3874 1171 3926 sic
1189 3872 1276 3939 sing,
1297 3887 1365 3924 cou-

214 3938 322 3990 iecerat
340 3937 410 3989 Dar.
431 3940 461 3990 in
480 3939 533 3992 Ed.
556 3943 580 3994 1.
600 3947 625 3992 et
642 3937 734 3993 huic·
747 3941 925 4010 singularum
949 3941 1066 3996 addens.-
1091 3958 1147 4011 qua
1168 3938 1364 3996 hariolatione

213 4015 330 4077 recepta
349 4008 448 4061 ornnis
462 4008 539 4062 belle
558 4027 588 4063 se
605 4009 771 4077 habebunt]
1351 4015 1355 4022 ’

283 4079 321 4130 El
345 4080 372 4131 si
395 4079 581 4148 singularum]
618 4079 806 4153 „Corruptus
830 4091 872 4137 est
894 4084 985 4148 locus,
1010 4084 1120 4152 optime
1145 4083 1186 4135 ita‘
1204 4084 1364 4146 restituen-

185 4165 189 4171 ’
213 4146 275 4211 dus,
295 4157 328 4199 ut
347 4150 453 4205 scribas
471 4157 499 4203 et
517 4155 559 4221 sis
575 4169 629 4224 pro
648 4152 732 4206 eliam
750 4153 804 4206 sic:
831 4151 908 4223 quod
931 4169 990 4207 non
1008 4148 1114 4206 vidisse
1139 4153 1257 4206 unireris
1277 4151 1364 4207 Davi·

142 4239 149 4248 ·
212 4219 298 4285 sium,
318 4221 530 4292 quamvis'ipse
548 4223 579 4274 in
598 4239 655 4276 uuo
675 4223 744 4277 Cod.
763 4224 938 4293 repererit&
955 4220 1097 4278 Boutta.-
1109 4225 1183 4288 ,st
1200 4222 1267 4275 huic
1285 4225 1362 4299 legi-

211 4306 277 4342 mus
303 4306 340 4342 ex
361 4292 527 4345 coniectura
549 4291 669 4349 Davisii.
706 4292 791 4370 Regii
810 4293 898 4348 (lodd.
919 4312 984 4347 cum
1003 4294 1151 4364 plerisque
1170 4294 1237 4348 aliis
1255 4293 1364 4348 babent

210 4361 268 4412 elsi
285 4363 335 4434 rel
353 4368 381 4414 et
397 4364 440 4415 eie
457 4363 649 4431 singularum,
673 4366 753 4419 unde
770 4363 849 4418 nibil
872 4366 965 4435 possis
988 4364 1128 4417 elicere.“
1153 4363 1362 4418 Iallemannus.

209 4430 350 4496 „Come
368 4434 490 4510 vulgata
507 4432 635 4490 lectione
651 4434 731 4491 nibil
748 4451 863 4506 possem
882 4434 999 4502 elicere,
1010 4432 1212 4492 ,Buberianam
1234 4436 1267 4488 in
1291 4447 1363 4491 stein⁴
