<?xml version="1.0" encoding="UTF-8"?>
<!DOCTYPE html PUBLIC "-//W3C//DTD XHTML 1.0 Transitional//EN"
    "http://www.w3.org/TR/xhtml1/DTD/xhtml1-transitional.dtd">
<html xmlns="http://www.w3.org/1999/xhtml" xml:lang="en" lang="en">
 <head>
  <title>
</title>
<meta http-equiv="Content-Type" content="text/html;charset=utf-8" />
  <meta name='ocr-system' content='tesseract 3.04.00' />
  <meta name='ocr-capabilities' content='ocr_page ocr_carea ocr_par ocr_line ocrx_word'/>
</head>
<body>
  <div class='ocr_page' id='page_1' title='image "./mtulliiciceroni00davigoog_0118.png"; bbox 0 0 2842 5070; ppageno 0'>
   <div class='ocr_carea' id='block_1_1' title="bbox 485 310 1214 394">
    <p class='ocr_par' dir='ltr' id='par_1_1' title="bbox 485 310 1214 394">
     <span class='ocr_line' id='line_1_1' title="bbox 485 310 1214 394; baseline 0.007 -18"><span class='ocrx_word' id='word_1_1' title='bbox 485 310 624 377; x_wconf 82' lang='lat' dir='ltr'>mssa</span> <span class='ocrx_word' id='word_1_2' title='bbox 647 312 706 394; x_wconf 88' lang='lat'>111,</span> <span class='ocrx_word' id='word_1_3' title='bbox 735 314 783 378; x_wconf 79' lang='lat' dir='ltr'>ra.</span> <span class='ocrx_word' id='word_1_4' title='bbox 911 334 913 339; x_wconf 95' lang='lat'><em>·</em></span> <span class='ocrx_word' id='word_1_5' title='bbox 1154 317 1214 381; x_wconf 83' lang='lat' dir='ltr'>ras</span> 
     </span>
    </p>
   </div>
   <div class='ocr_carea' id='block_1_2' title="bbox 65 477 1280 971">
    <p class='ocr_par' dir='ltr' id='par_1_2' title="bbox 65 477 1280 971">
     <span class='ocr_line' id='line_1_2' title="bbox 65 477 1280 561; baseline 0.002 -21"><span class='ocrx_word' id='word_1_6' title='bbox 65 481 129 542; x_wconf 91' lang='lat' dir='ltr'>hoc</span> <span class='ocrx_word' id='word_1_7' title='bbox 150 483 258 559; x_wconf 82' lang='lat' dir='ltr'>affert,</span> <span class='ocrx_word' id='word_1_8' title='bbox 279 488 320 541; x_wconf 88' lang='lat' dir='ltr'>ut</span> <span class='ocrx_word' id='word_1_9' title='bbox 340 497 471 560; x_wconf 80' lang='lat' dir='ltr'>semper</span> <span class='ocrx_word' id='word_1_10' title='bbox 491 490 706 555; x_wconf 72' lang='lat' dir='ltr'><strong>mereamus,</strong></span> <span class='ocrx_word' id='word_1_11' title='bbox 728 477 793 540; x_wconf 90' lang='lat' dir='ltr'>sed</span> <span class='ocrx_word' id='word_1_12' title='bbox 806 487 845 539; x_wconf 89' lang='lat' dir='ltr'>ut</span> <span class='ocrx_word' id='word_1_13' title='bbox 866 496 1052 560; x_wconf 79' lang='lat' dir='ltr'><strong>numquam.</strong></span> <span class='ocrx_word' id='word_1_14' title='bbox 1098 480 1216 561; x_wconf 88' lang='lat' dir='ltr'>Neque</span> <span class='ocrx_word' id='word_1_15' title='bbox 1277 480 1280 485; x_wconf 85' lang='grc'><strong>’</strong></span> 
     </span>
     <span class='ocr_line' id='line_1_3' title="bbox 66 561 1214 644; baseline 0.001 -21"><span class='ocrx_word' id='word_1_16' title='bbox 66 567 155 624; x_wconf 90' lang='lat' dir='ltr'>enim</span> <span class='ocrx_word' id='word_1_17' title='bbox 178 565 233 644; x_wconf 93' lang='lat' dir='ltr'>qui</span> <span class='ocrx_word' id='word_1_18' title='bbox 255 581 370 622; x_wconf 90' lang='lat' dir='ltr'>rerum</span> <span class='ocrx_word' id='word_1_19' title='bbox 402 570 564 637; x_wconf 88' lang='lat' dir='ltr'>naturam,</span> <span class='ocrx_word' id='word_1_20' title='bbox 594 564 654 642; x_wconf 90' lang='lat' dir='ltr'>qui</span> <span class='ocrx_word' id='word_1_21' title='bbox 676 563 765 624; x_wconf 83' lang='lat' dir='ltr'>vitae</span> <span class='ocrx_word' id='word_1_22' title='bbox 787 561 994 638; x_wconf 88' lang='lat' dir='ltr'>varietatem,</span> <span class='ocrx_word' id='word_1_23' title='bbox 1023 563 1080 640; x_wconf 89' lang='lat' dir='ltr'>qui</span> <span class='ocrx_word' id='word_1_24' title='bbox 1112 564 1214 624; x_wconf 92' lang='lat' dir='ltr'>imbe-</span> 
     </span>
     <span class='ocr_line' id='line_1_4' title="bbox 66 643 1215 729; baseline 0 -25"><span class='ocrx_word' id='word_1_25' title='bbox 66 646 244 706; x_wconf 89' lang='lat' dir='ltr'>cillitatem</span> <span class='ocrx_word' id='word_1_26' title='bbox 266 645 397 729; x_wconf 76' lang='lat' dir='ltr'>generis</span> <span class='ocrx_word' id='word_1_27' title='bbox 418 643 553 703; x_wconf 91' lang='lat' dir='ltr'>humani</span> <span class='ocrx_word' id='word_1_28' title='bbox 574 646 708 729; x_wconf 79' lang='lat' dir='ltr'>cogitat,</span> <span class='ocrx_word' id='word_1_29' title='bbox 735 652 872 715; x_wconf 88' lang='lat' dir='ltr'>maeret,</span> <span class='ocrx_word' id='word_1_30' title='bbox 885 665 888 668; x_wconf 87' lang='lat'>·</span> <span class='ocrx_word' id='word_1_31' title='bbox 902 662 1003 724; x_wconf 89' lang='lat' dir='ltr'>quum</span> <span class='ocrx_word' id='word_1_32' title='bbox 1024 643 1104 704; x_wconf 84' lang='lat' dir='ltr'>haec</span> <span class='ocrx_word' id='word_1_33' title='bbox 1125 647 1215 728; x_wconf 81' lang='lat' dir='ltr'>cogi-</span> 
     </span>
     <span class='ocr_line' id='line_1_5' title="bbox 65 724 1218 810; baseline -0.001 -24"><span class='ocrx_word' id='word_1_34' title='bbox 65 735 132 787; x_wconf 86' lang='lat' dir='ltr'>tat:</span> <span class='ocrx_word' id='word_1_35' title='bbox 156 726 213 786; x_wconf 92' lang='lat' dir='ltr'>sed</span> <span class='ocrx_word' id='word_1_36' title='bbox 235 735 307 786; x_wconf 89' lang='lat' dir='ltr'>tum</span> <span class='ocrx_word' id='word_1_37' title='bbox 323 726 375 787; x_wconf 91' lang='lat' dir='ltr'>vel</span> <span class='ocrx_word' id='word_1_38' title='bbox 387 728 527 786; x_wconf 84' lang='lat' dir='ltr'><strong>maxime</strong></span> <span class='ocrx_word' id='word_1_39' title='bbox 543 727 724 804; x_wconf 79' lang='lat' dir='ltr'>sapientiae</span> <span class='ocrx_word' id='word_1_40' title='bbox 736 727 888 810; x_wconf 75' lang='lat' dir='ltr'>fungitur</span> <span class='ocrx_word' id='word_1_41' title='bbox 909 744 1056 786; x_wconf 89' lang='lat' dir='ltr'>munere.</span> <span class='ocrx_word' id='word_1_42' title='bbox 1080 724 1218 785; x_wconf 87' lang='lat' dir='ltr'>Utrum·</span> 
     </span>
     <span class='ocr_line' id='line_1_6' title="bbox 66 806 1215 890; baseline 0.001 -22"><span class='ocrx_word' id='word_1_43' title='bbox 66 827 130 890; x_wconf 88' lang='lat' dir='ltr'>que</span> <span class='ocrx_word' id='word_1_44' title='bbox 152 810 240 870; x_wconf 89' lang='lat' dir='ltr'>enim</span> <span class='ocrx_word' id='word_1_45' title='bbox 262 809 483 888; x_wconf 83' lang='lat' dir='ltr'><strong>consequitur,</strong></span> <span class='ocrx_word' id='word_1_46' title='bbox 506 815 544 866; x_wconf 89' lang='lat' dir='ltr'>ut</span> <span class='ocrx_word' id='word_1_47' title='bbox 555 816 588 868; x_wconf 87' lang='lat' dir='ltr'>et</span> <span class='ocrx_word' id='word_1_48' title='bbox 604 806 853 868; x_wconf 86' lang='lat' dir='ltr'>considerandis</span> <span class='ocrx_word' id='word_1_49' title='bbox 862 808 961 869; x_wconf 93' lang='lat' dir='ltr'>rebus</span> <span class='ocrx_word' id='word_1_50' title='bbox 974 807 1126 868; x_wconf 88' lang='lat' dir='ltr'>humanis</span> <span class='ocrx_word' id='word_1_51' title='bbox 1137 827 1215 888; x_wconf 92' lang='lat' dir='ltr'>pro·</span> 
     </span>
     <span class='ocr_line' id='line_1_7' title="bbox 65 888 1215 971; baseline 0 -22"><span class='ocrx_word' id='word_1_52' title='bbox 65 893 143 971; x_wconf 92' lang='lat' dir='ltr'>prio</span> <span class='ocrx_word' id='word_1_53' title='bbox 152 889 358 971; x_wconf 85' lang='lat' dir='ltr'>philosphiae</span> <span class='ocrx_word' id='word_1_54' title='bbox 369 892 502 949; x_wconf 85' lang='lat' dir='ltr'>fruatur</span> <span class='ocrx_word' id='word_1_55' title='bbox 514 891 637 967; x_wconf 85' lang='lat' dir='ltr'>officio,</span> <span class='ocrx_word' id='word_1_56' title='bbox 650 897 683 949; x_wconf 82' lang='lat' dir='ltr'>et</span> <span class='ocrx_word' id='word_1_57' title='bbox 694 888 842 951; x_wconf 88' lang='lat' dir='ltr'>adversis</span> <span class='ocrx_word' id='word_1_58' title='bbox 856 890 986 951; x_wconf 86' lang='lat' dir='ltr'>casibus</span> <span class='ocrx_word' id='word_1_59' title='bbox 996 889 1124 971; x_wconf 87' lang='lat' dir='ltr'>triplici</span> <span class='ocrx_word' id='word_1_60' title='bbox 1138 909 1215 951; x_wconf 92' lang='lat' dir='ltr'>con·</span> 
     </span>
    </p>
   </div>
   <div class='ocr_carea' id='block_1_3' title="bbox 18 1074 1293 2624">
    <p class='ocr_par' dir='ltr' id='par_1_3' title="bbox 64 1074 1218 1708">
     <span class='ocr_line' id='line_1_8' title="bbox 65 1074 1217 1213; baseline -0.003 -18"><span class='ocrx_word' id='word_1_61' title='bbox 65 1075 548 1210; x_wconf 67' lang='lat' dir='ltr'>tlttttmltttl.ltllt</span> <span class='ocrx_word' id='word_1_62' title='bbox 560 1074 1217 1213; x_wconf 59' lang='lat' dir='ltr'>tutti-,bltttttittttllltttt</span> 
     </span>
     <span class='ocr_line' id='line_1_9' title="bbox 65 1215 1213 1289; baseline 0.002 -22"><span class='ocrx_word' id='word_1_63' title='bbox 65 1216 177 1268; x_wconf 80' lang='lat' dir='ltr'>datio.“</span> <span class='ocrx_word' id='word_1_64' title='bbox 203 1218 265 1289; x_wconf 78' lang='lat' dir='ltr'>Ego</span> <span class='ocrx_word' id='word_1_65' title='bbox 291 1226 387 1268; x_wconf 88' lang='lat' dir='ltr'>autem</span> <span class='ocrx_word' id='word_1_66' title='bbox 414 1216 512 1284; x_wconf 91' lang='lat' dir='ltr'>reperi</span> <span class='ocrx_word' id='word_1_67' title='bbox 532 1215 672 1282; x_wconf 79' lang='lat' dir='ltr'>pereundi</span> <span class='ocrx_word' id='word_1_68' title='bbox 697 1215 728 1264; x_wconf 92' lang='lat' dir='ltr'>iu</span> <span class='ocrx_word' id='word_1_69' title='bbox 752 1215 823 1267; x_wconf 87' lang='lat' dir='ltr'>Edd.</span> <span class='ocrx_word' id='word_1_70' title='bbox 849 1218 919 1268; x_wconf 87' lang='lat' dir='ltr'>Ven.</span> <span class='ocrx_word' id='word_1_71' title='bbox 939 1227 1027 1268; x_wconf 82' lang='lat' dir='ltr'>nostr.</span> <span class='ocrx_word' id='word_1_72' title='bbox 1057 1227 1086 1269; x_wconf 94' lang='lat' dir='ltr'>et</span> <span class='ocrx_word' id='word_1_73' title='bbox 1104 1217 1166 1270; x_wconf 87' lang='lat' dir='ltr'>Asc.</span> <span class='ocrx_word' id='word_1_74' title='bbox 1189 1223 1213 1272; x_wconf 93' lang='lat' dir='ltr'>l.</span> 
     </span>
     <span class='ocr_line' id='line_1_10' title="bbox 65 1286 1218 1356; baseline 0.005 -20"><span class='ocrx_word' id='word_1_75' title='bbox 65 1286 118 1350; x_wconf 83' lang='lat' dir='ltr'>Qui</span> <span class='ocrx_word' id='word_1_76' title='bbox 143 1287 253 1356; x_wconf 88' lang='lat' dir='ltr'>primus</span> <span class='ocrx_word' id='word_1_77' title='bbox 282 1287 399 1356; x_wconf 76' lang='lat' dir='ltr'>scripsit</span> <span class='ocrx_word' id='word_1_78' title='bbox 433 1286 625 1338; x_wconf 78' lang='lat' dir='ltr'>cornate&#39;atalio</span> <span class='ocrx_word' id='word_1_79' title='bbox 657 1286 793 1352; x_wconf 83' lang='lat' dir='ltr'>pereundi</span> <span class='ocrx_word' id='word_1_80' title='bbox 824 1287 1026 1338; x_wconf 81' lang='lat' dir='ltr'>recordabatur</span> <span class='ocrx_word' id='word_1_81' title='bbox 1053 1287 1218 1344; x_wconf 77' lang='lat' dir='ltr'>Socraticae</span> 
     </span>
     <span class='ocr_line' id='line_1_11' title="bbox 65 1355 1218 1477; baseline 0.004 -71"><span class='ocrx_word' id='word_1_82' title='bbox 65 1357 145 1477; x_wconf 59' lang='lat' dir='ltr'>ibdlius</span> <span class='ocrx_word' id='word_1_83' title='bbox 177 1358 284 1423; x_wconf 78' lang='grc' dir='ltr'><em>μελέτης</em></span> <span class='ocrx_word' id='word_1_84' title='bbox 308 1358 440 1421; x_wconf 80' lang='grc' dir='ltr'><strong><em>θανάτου,</em></strong></span> <span class='ocrx_word' id='word_1_85' title='bbox 468 1374 554 1425; x_wconf 88' lang='lat' dir='ltr'>quam</span> <span class='ocrx_word' id='word_1_86' title='bbox 577 1357 664 1408; x_wconf 90' lang='lat' dir='ltr'>aliter</span> <span class='ocrx_word' id='word_1_87' title='bbox 689 1355 790 1408; x_wconf 85' lang='lat' dir='ltr'>Cicero</span> <span class='ocrx_word' id='word_1_88' title='bbox 816 1357 918 1409; x_wconf 85' lang='lat' dir='ltr'>Latine</span> <span class='ocrx_word' id='word_1_89' title='bbox 947 1366 1116 1423; x_wconf 87' lang='lat' dir='ltr'>convertere</span> <span class='ocrx_word' id='word_1_90' title='bbox 1143 1361 1218 1412; x_wconf 86' lang='lat' dir='ltr'>sole-</span> 
     </span>
     <span class='ocr_line' id='line_1_12' title="bbox 84 1429 219 1480; baseline 0.007 -1"><span class='ocrx_word' id='word_1_91' title='bbox 84 1436 122 1479; x_wconf 87' lang='lat' dir='ltr'>at.</span> <span class='ocrx_word' id='word_1_92' title='bbox 160 1429 219 1480; x_wconf 87' lang='lat' dir='ltr'>Mr.</span> 
     </span>
     <span class='ocr_line' id='line_1_13' title="bbox 65 1496 1216 1637; baseline 0.003 -18"><span class='ocrx_word' id='word_1_93' title='bbox 65 1496 533 1626; x_wconf 54' lang='lat' dir='ltr'>...uttuttlttfttht.</span> <span class='ocrx_word' id='word_1_94' title='bbox 555 1498 987 1637; x_wconf 68' lang='lat' dir='ltr'>⁹tt..⁰tl.it¹tt.ttttt</span> <span class='ocrx_word' id='word_1_95' title='bbox 1007 1497 1216 1623; x_wconf 39' lang='lat' dir='ltr'>iiiiii:</span> 
     </span>
     <span class='ocr_line' id='line_1_14' title="bbox 64 1638 1217 1708; baseline 0.004 -19"><span class='ocrx_word' id='word_1_96' title='bbox 64 1639 194 1691; x_wconf 83' lang='lat' dir='ltr'>Voluisse</span> <span class='ocrx_word' id='word_1_97' title='bbox 220 1649 316 1692; x_wconf 89' lang='lat' dir='ltr'>autem</span> <span class='ocrx_word' id='word_1_98' title='bbox 340 1639 389 1690; x_wconf 90' lang='lat' dir='ltr'>hic</span> <span class='ocrx_word' id='word_1_99' title='bbox 413 1639 540 1703; x_wconf 79' lang='lat' dir='ltr'>videtur,</span> <span class='ocrx_word' id='word_1_100' title='bbox 566 1639 642 1708; x_wconf 87' lang='lat' dir='ltr'>quod</span> <span class='ocrx_word' id='word_1_101' title='bbox 668 1638 774 1692; x_wconf 88' lang='lat' dir='ltr'>habent</span> <span class='ocrx_word' id='word_1_102' title='bbox 797 1641 872 1692; x_wconf 83' lang='lat' dir='ltr'>vict.</span> <span class='ocrx_word' id='word_1_103' title='bbox 898 1649 926 1692; x_wconf 89' lang='lat' dir='ltr'>et</span> <span class='ocrx_word' id='word_1_104' title='bbox 944 1642 1012 1693; x_wconf 87' lang='lat' dir='ltr'>Rob.</span> <span class='ocrx_word' id='word_1_105' title='bbox 1038 1639 1137 1708; x_wconf 83' lang='lat' dir='ltr'>steph.</span> <span class='ocrx_word' id='word_1_106' title='bbox 1163 1658 1217 1694; x_wconf 78' lang='lat' dir='ltr'>reon</span> 
     </span>
    </p>

    <p class='ocr_par' dir='ltr' id='par_1_4' title="bbox 18 1709 1293 2415">
     <span class='ocr_line' id='line_1_15' title="bbox 18 1709 1218 1776; baseline 0.003 -17"><span class='ocrx_word' id='word_1_107' title='bbox 18 1733 22 1742; x_wconf 77' lang='lat'>=</span> <span class='ocrx_word' id='word_1_108' title='bbox 65 1723 226 1776; x_wconf 82' lang='lat' dir='ltr'>anquam.</span> <span class='ocrx_word' id='word_1_109' title='bbox 263 1711 298 1761; x_wconf 91' lang='lat' dir='ltr'>In</span> <span class='ocrx_word' id='word_1_110' title='bbox 321 1727 400 1776; x_wconf 84' lang='lat' dir='ltr'>seqq.</span> <span class='ocrx_word' id='word_1_111' title='bbox 427 1709 493 1762; x_wconf 81' lang='lat' dir='ltr'>eoo.</span> <span class='ocrx_word' id='word_1_112' title='bbox 522 1710 594 1761; x_wconf 87' lang='lat' dir='ltr'>Gud.</span> <span class='ocrx_word' id='word_1_113' title='bbox 620 1709 736 1761; x_wconf 83' lang='lat' dir='ltr'>exhibet</span> <span class='ocrx_word' id='word_1_114' title='bbox 760 1710 807 1775; x_wconf 82' lang='lat' dir='ltr'>qui</span> <span class='ocrx_word' id='word_1_115' title='bbox 834 1717 867 1762; x_wconf 86' lang='lat' dir='ltr'>et</span> <span class='ocrx_word' id='word_1_116' title='bbox 885 1709 1112 1763; x_wconf 77' lang='lat' dir='ltr'>imbecillitatem.</span> <span class='ocrx_word' id='word_1_117' title='bbox 1151 1713 1218 1764; x_wconf 82' lang='lat' dir='ltr'>Mox</span> 
     </span>
     <span class='ocr_line' id='line_1_16' title="bbox 65 1777 1218 1854; baseline 0.003 -24"><span class='ocrx_word' id='word_1_118' title='bbox 65 1777 139 1854; x_wconf 83' lang='lat' dir='ltr'>Aug.</span> <span class='ocrx_word' id='word_1_119' title='bbox 161 1788 190 1831; x_wconf 92' lang='lat' dir='ltr'>et</span> <span class='ocrx_word' id='word_1_120' title='bbox 208 1782 282 1831; x_wconf 83' lang='lat' dir='ltr'>Mon.</span> <span class='ocrx_word' id='word_1_121' title='bbox 303 1778 329 1828; x_wconf 79' lang='lat'>2.</span> <span class='ocrx_word' id='word_1_122' title='bbox 350 1796 416 1829; x_wconf 90' lang='lat' dir='ltr'>cum</span> <span class='ocrx_word' id='word_1_123' title='bbox 433 1795 490 1830; x_wconf 89' lang='lat' dir='ltr'>uno</span> <span class='ocrx_word' id='word_1_124' title='bbox 509 1780 559 1831; x_wconf 80' lang='lat' dir='ltr'>Ox.</span> <span class='ocrx_word' id='word_1_125' title='bbox 580 1795 662 1847; x_wconf 78' lang='lat' dir='ltr'>qraam</span> <span class='ocrx_word' id='word_1_126' title='bbox 680 1777 745 1831; x_wconf 83' lang='lat' dir='ltr'>hoc</span> <span class='ocrx_word' id='word_1_127' title='bbox 762 1781 878 1846; x_wconf 82' lang='lat' dir='ltr'>cogitat.</span> <span class='ocrx_word' id='word_1_128' title='bbox 915 1783 1042 1833; x_wconf 85' lang='lat' dir='ltr'>Verbum</span> <span class='ocrx_word' id='word_1_129' title='bbox 1068 1782 1114 1834; x_wconf 81' lang='lat' dir='ltr'>ael</span> <span class='ocrx_word' id='word_1_130' title='bbox 1131 1784 1218 1834; x_wconf 90' lang='lat' dir='ltr'>omit·</span> 
     </span>
     <span class='ocr_line' id='line_1_17' title="bbox 65 1849 1214 1923; baseline 0.003 -22"><span class='ocrx_word' id='word_1_131' title='bbox 65 1851 104 1901; x_wconf 91' lang='lat' dir='ltr'>tit</span> <span class='ocrx_word' id='word_1_132' title='bbox 128 1868 201 1901; x_wconf 90' lang='lat' dir='ltr'>uuus</span> <span class='ocrx_word' id='word_1_133' title='bbox 226 1851 295 1913; x_wconf 68' lang='lat' dir='ltr'>On,</span> <span class='ocrx_word' id='word_1_134' title='bbox 324 1849 378 1900; x_wconf 91' lang='lat' dir='ltr'>duo</span> <span class='ocrx_word' id='word_1_135' title='bbox 400 1865 503 1900; x_wconf 76' lang='lat' dir='ltr'>vocem</span> <span class='ocrx_word' id='word_1_136' title='bbox 526 1849 689 1917; x_wconf 83' lang='lat' dir='ltr'>sapientiae,</span> <span class='ocrx_word' id='word_1_137' title='bbox 712 1857 787 1902; x_wconf 86' lang='lat' dir='ltr'>uuus</span> <span class='ocrx_word' id='word_1_138' title='bbox 811 1850 896 1902; x_wconf 88' lang='lat' dir='ltr'>habet</span> <span class='ocrx_word' id='word_1_139' title='bbox 919 1852 1041 1923; x_wconf 78' lang='lat' dir='ltr'>glossam</span> <span class='ocrx_word' id='word_1_140' title='bbox 1068 1852 1214 1919; x_wconf 81' lang='lat' dir='ltr'>sapientis.</span> 
     </span>
     <span class='ocr_line' id='line_1_18' title="bbox 64 1919 1222 1991; baseline 0.003 -20"><span class='ocrx_word' id='word_1_141' title='bbox 64 1919 109 1972; x_wconf 89' lang='lat' dir='ltr'>Ad</span> <span class='ocrx_word' id='word_1_142' title='bbox 126 1919 155 1971; x_wconf 92' lang='lat' dir='ltr'>h.</span> <span class='ocrx_word' id='word_1_143' title='bbox 176 1939 203 1971; x_wconf 89' lang='lat' dir='ltr'>v.</span> <span class='ocrx_word' id='word_1_144' title='bbox 223 1919 369 1975; x_wconf 83' lang='lat' dir='ltr'>FAWolf.</span> <span class='ocrx_word' id='word_1_145' title='bbox 391 1920 422 1970; x_wconf 90' lang='lat' dir='ltr'>in</span> <span class='ocrx_word' id='word_1_146' title='bbox 441 1919 558 1972; x_wconf 90' lang='lat' dir='ltr'>scholis:</span> <span class='ocrx_word' id='word_1_147' title='bbox 579 1921 704 1991; x_wconf 78' lang='grc' dir='ltr'>πράττειν</span> <span class='ocrx_word' id='word_1_148' title='bbox 722 1921 753 1972; x_wconf 85' lang='grc' dir='ltr'>τὸ</span> <span class='ocrx_word' id='word_1_149' title='bbox 773 1919 856 1989; x_wconf 78' lang='grc' dir='ltr'><em>ἔργον</em></span> <span class='ocrx_word' id='word_1_150' title='bbox 880 1922 926 1987; x_wconf 82' lang='grc' dir='ltr'>τῆς</span> <span class='ocrx_word' id='word_1_151' title='bbox 951 1926 1125 1990; x_wconf 76' lang='grc' dir='ltr'><strong><em>φιλοσοφίας.</em></strong></span> <span class='ocrx_word' id='word_1_152' title='bbox 1151 1926 1222 1975; x_wconf 81' lang='lat' dir='ltr'>lllox·</span> 
     </span>
     <span class='ocr_line' id='line_1_19' title="bbox 65 1989 1216 2059; baseline 0 -14"><span class='ocrx_word' id='word_1_153' title='bbox 65 1991 132 2045; x_wconf 84' lang='lat' dir='ltr'>cod.</span> <span class='ocrx_word' id='word_1_154' title='bbox 153 1994 227 2042; x_wconf 83' lang='lat' dir='ltr'>lllou.</span> <span class='ocrx_word' id='word_1_155' title='bbox 250 1995 273 2044; x_wconf 92' lang='lat' dir='ltr'>l.</span> <span class='ocrx_word' id='word_1_156' title='bbox 294 1997 441 2058; x_wconf 80' lang='lat' dir='ltr'>utrumque</span> <span class='ocrx_word' id='word_1_157' title='bbox 459 1989 532 2042; x_wconf 84' lang='lat' dir='ltr'>enim</span> <span class='ocrx_word' id='word_1_158' title='bbox 551 1989 737 2059; x_wconf 61' lang='lat' dir='ltr'>aequitum</span> <span class='ocrx_word' id='word_1_159' title='bbox 766 1992 854 2042; x_wconf 89' lang='lat' dir='ltr'>etsie</span> <span class='ocrx_word' id='word_1_160' title='bbox 874 1992 961 2044; x_wconf 88' lang='lat' dir='ltr'>etiam</span> <span class='ocrx_word' id='word_1_161' title='bbox 978 1992 1031 2044; x_wconf 87' lang='lat' dir='ltr'>Ed.</span> <span class='ocrx_word' id='word_1_162' title='bbox 1051 1994 1079 2044; x_wconf 91' lang='lat' dir='ltr'>P.</span> <span class='ocrx_word' id='word_1_163' title='bbox 1109 2000 1138 2044; x_wconf 86' lang='lat' dir='ltr'>et</span> <span class='ocrx_word' id='word_1_164' title='bbox 1161 1993 1216 2046; x_wconf 92' lang='lat' dir='ltr'>duo</span> 
     </span>
     <span class='ocr_line' id='line_1_20' title="bbox 66 2060 1214 2125; baseline 0.002 -11"><span class='ocrx_word' id='word_1_165' title='bbox 66 2063 135 2114; x_wconf 80' lang='lat' dir='ltr'>Oxx.</span> <span class='ocrx_word' id='word_1_166' title='bbox 164 2062 240 2114; x_wconf 89' lang='lat' dir='ltr'>Tum</span> <span class='ocrx_word' id='word_1_167' title='bbox 258 2060 344 2116; x_wconf 84' lang='lat' dir='ltr'>Codd.</span> <span class='ocrx_word' id='word_1_168' title='bbox 364 2061 450 2112; x_wconf 81' lang='lat' dir='ltr'>blarb.</span> <span class='ocrx_word' id='word_1_169' title='bbox 472 2061 544 2113; x_wconf 87' lang='lat' dir='ltr'>Gud.</span> <span class='ocrx_word' id='word_1_170' title='bbox 565 2064 590 2115; x_wconf 76' lang='grc'>2.</span> <span class='ocrx_word' id='word_1_171' title='bbox 610 2061 667 2112; x_wconf 85' lang='lat' dir='ltr'>ati</span> <span class='ocrx_word' id='word_1_172' title='bbox 685 2076 758 2112; x_wconf 83' lang='lat' dir='ltr'>cans.</span> <span class='ocrx_word' id='word_1_173' title='bbox 778 2062 870 2125; x_wconf 78' lang='lat' dir='ltr'>rebar,</span> <span class='ocrx_word' id='word_1_174' title='bbox 889 2061 978 2115; x_wconf 87' lang='lat' dir='ltr'>Rehd.</span> <span class='ocrx_word' id='word_1_175' title='bbox 1005 2067 1036 2114; x_wconf 86' lang='lat' dir='ltr'>ot</span> <span class='ocrx_word' id='word_1_176' title='bbox 1052 2062 1089 2114; x_wconf 84' lang='lat' dir='ltr'>ia</span> <span class='ocrx_word' id='word_1_177' title='bbox 1108 2063 1214 2118; x_wconf 82' lang='lat' dir='ltr'>consid.</span> 
     </span>
     <span class='ocr_line' id='line_1_21' title="bbox 67 2129 1216 2189; baseline 0.005 -6"><span class='ocrx_word' id='word_1_178' title='bbox 67 2132 159 2184; x_wconf 86' lang='lat' dir='ltr'>rebus.</span> <span class='ocrx_word' id='word_1_179' title='bbox 179 2131 275 2183; x_wconf 86' lang='lat' dir='ltr'>Duisb.</span> <span class='ocrx_word' id='word_1_180' title='bbox 295 2138 326 2183; x_wconf 87' lang='lat' dir='ltr'>at</span> <span class='ocrx_word' id='word_1_181' title='bbox 346 2138 372 2183; x_wconf 85' lang='lat' dir='ltr'>et</span> <span class='ocrx_word' id='word_1_182' title='bbox 389 2129 449 2183; x_wconf 78' lang='lat' dir='ltr'>laec</span> <span class='ocrx_word' id='word_1_183' title='bbox 468 2148 540 2184; x_wconf 88' lang='lat' dir='ltr'>cane.</span> <span class='ocrx_word' id='word_1_184' title='bbox 561 2131 650 2183; x_wconf 82' lang='lat' dir='ltr'>rebus.</span> <span class='ocrx_word' id='word_1_185' title='bbox 670 2133 745 2182; x_wconf 84' lang='lat' dir='ltr'>Mon.</span> <span class='ocrx_word' id='word_1_186' title='bbox 766 2135 791 2185; x_wconf 74' lang='lat'>2.</span> <span class='ocrx_word' id='word_1_187' title='bbox 811 2139 841 2184; x_wconf 87' lang='lat' dir='ltr'>at</span> <span class='ocrx_word' id='word_1_188' title='bbox 859 2147 899 2184; x_wconf 82' lang='lat' dir='ltr'>ea</span> <span class='ocrx_word' id='word_1_189' title='bbox 917 2149 989 2185; x_wconf 86' lang='lat' dir='ltr'>cons.</span> <span class='ocrx_word' id='word_1_190' title='bbox 1006 2133 1097 2186; x_wconf 84' lang='lat' dir='ltr'>rebus.</span> <span class='ocrx_word' id='word_1_191' title='bbox 1135 2135 1216 2189; x_wconf 88' lang='lat' dir='ltr'>Unus</span> 
     </span>
     <span class='ocr_line' id='line_1_22' title="bbox 66 2199 1293 2271; baseline 0.001 -16"><span class='ocrx_word' id='word_1_192' title='bbox 66 2204 115 2255; x_wconf 79' lang='lat' dir='ltr'>Ox.</span> <span class='ocrx_word' id='word_1_193' title='bbox 137 2202 344 2255; x_wconf 83' lang='lat' dir='ltr'>considerans.</span> <span class='ocrx_word' id='word_1_194' title='bbox 383 2204 436 2254; x_wconf 91' lang='lat' dir='ltr'>Pro</span> <span class='ocrx_word' id='word_1_195' title='bbox 452 2199 643 2269; x_wconf 77' lang='lat' dir='ltr'>philosophiae</span> <span class='ocrx_word' id='word_1_196' title='bbox 661 2219 733 2253; x_wconf 91' lang='lat' dir='ltr'>uuus</span> <span class='ocrx_word' id='word_1_197' title='bbox 753 2203 802 2254; x_wconf 84' lang='lat' dir='ltr'>Ox.</span> <span class='ocrx_word' id='word_1_198' title='bbox 821 2201 995 2271; x_wconf 70' lang='lat' dir='ltr'>philosoplis</span> <span class='ocrx_word' id='word_1_199' title='bbox 1021 2221 1075 2256; x_wconf 88' lang='lat' dir='ltr'>uec</span> <span class='ocrx_word' id='word_1_200' title='bbox 1093 2220 1163 2256; x_wconf 88' lang='lat' dir='ltr'>vere</span> <span class='ocrx_word' id='word_1_201' title='bbox 1182 2205 1215 2271; x_wconf 90' lang='lat' dir='ltr'>is,</span> <span class='ocrx_word' id='word_1_202' title='bbox 1288 2220 1293 2230; x_wconf 95' lang='lat'><em>·</em></span> 
     </span>
     <span class='ocr_line' id='line_1_23' title="bbox 65 2272 1217 2342; baseline 0.004 -18"><span class='ocrx_word' id='word_1_203' title='bbox 65 2274 117 2342; x_wconf 89' lang='lat' dir='ltr'>qui</span> <span class='ocrx_word' id='word_1_204' title='bbox 141 2274 228 2326; x_wconf 85' lang='lat' dir='ltr'>tertia</span> <span class='ocrx_word' id='word_1_205' title='bbox 254 2272 358 2324; x_wconf 86' lang='lat' dir='ltr'>abhinc</span> <span class='ocrx_word' id='word_1_206' title='bbox 384 2272 462 2325; x_wconf 90' lang='lat' dir='ltr'>linea</span> <span class='ocrx_word' id='word_1_207' title='bbox 488 2290 541 2341; x_wconf 88' lang='lat' dir='ltr'>pro</span> <span class='ocrx_word' id='word_1_208' title='bbox 565 2272 779 2341; x_wconf 82' lang='lat' dir='ltr'>sapientiae</span> <span class='ocrx_word' id='word_1_209' title='bbox 802 2274 939 2342; x_wconf 75' lang='lat' dir='ltr'>fungitur</span> <span class='ocrx_word' id='word_1_210' title='bbox 962 2290 1075 2328; x_wconf 82' lang='lat' dir='ltr'>manere</span> <span class='ocrx_word' id='word_1_211' title='bbox 1099 2272 1217 2335; x_wconf 65' lang='lat' dir='ltr'>euhibet</span> 
     </span>
     <span class='ocr_line' id='line_1_24' title="bbox 65 2343 1257 2415; baseline -0.003 -19"><span class='ocrx_word' id='word_1_212' title='bbox 65 2343 344 2412; x_wconf 74' lang='lat' dir='ltr'>sapientisfuag.</span> <span class='ocrx_word' id='word_1_213' title='bbox 364 2359 435 2394; x_wconf 87' lang='lat' dir='ltr'>maa.</span> <span class='ocrx_word' id='word_1_214' title='bbox 472 2345 532 2396; x_wconf 87' lang='lat' dir='ltr'>Mr.</span> <span class='ocrx_word' id='word_1_215' title='bbox 1216 2372 1226 2393; x_wconf 41' lang='lat'>⁴.</span> <span class='ocrx_word' id='word_1_216' title='bbox 1255 2409 1257 2415; x_wconf 27' lang='grc' dir='ltr'>Ι</span> 
     </span>
    </p>

    <p class='ocr_par' dir='ltr' id='par_1_5' title="bbox 132 2411 1287 2488">
     <span class='ocr_line' id='line_1_25' title="bbox 132 2411 1287 2488; baseline 0.006 -24"><span class='ocrx_word' id='word_1_217' title='bbox 132 2411 324 2482; x_wconf 77' lang='lat' dir='ltr'>philosophiae</span> <span class='ocrx_word' id='word_1_218' title='bbox 346 2415 499 2476; x_wconf 78' lang='lat' dir='ltr'>fruatur</span> <span class='ocrx_word' id='word_1_219' title='bbox 521 2412 641 2480; x_wconf 69' lang='lat' dir='ltr'>officim]</span> <span class='ocrx_word' id='word_1_220' title='bbox 684 2449 702 2479; x_wconf 92' lang='lat'>„</span> <span class='ocrx_word' id='word_1_221' title='bbox 711 2415 834 2466; x_wconf 83' lang='lat' dir='ltr'>Fruatur</span> <span class='ocrx_word' id='word_1_222' title='bbox 856 2414 969 2488; x_wconf 79' lang='lat' dir='ltr'>legitur</span> <span class='ocrx_word' id='word_1_223' title='bbox 995 2416 1082 2468; x_wconf 87' lang='lat' dir='ltr'>etiam</span> <span class='ocrx_word' id='word_1_224' title='bbox 1108 2418 1138 2468; x_wconf 92' lang='lat' dir='ltr'>in</span> <span class='ocrx_word' id='word_1_225' title='bbox 1156 2417 1215 2470; x_wconf 85' lang='lat' dir='ltr'>MS.</span> <span class='ocrx_word' id='word_1_226' title='bbox 1285 2433 1287 2437; x_wconf 75' lang='grc'>’</span> 
     </span>
    </p>

    <p class='ocr_par' dir='ltr' id='par_1_6' title="bbox 64 2483 1217 2553">
     <span class='ocr_line' id='line_1_26' title="bbox 64 2483 1217 2553; baseline 0.003 -16"><span class='ocrx_word' id='word_1_227' title='bbox 64 2483 167 2550; x_wconf 73' lang='lat' dir='ltr'>(ooo),</span> <span class='ocrx_word' id='word_1_228' title='bbox 190 2500 244 2553; x_wconf 86' lang='lat' dir='ltr'>pro</span> <span class='ocrx_word' id='word_1_229' title='bbox 271 2500 327 2551; x_wconf 93' lang='lat' dir='ltr'>quo</span> <span class='ocrx_word' id='word_1_230' title='bbox 352 2484 493 2535; x_wconf 87' lang='lat' dir='ltr'>Manutius</span> <span class='ocrx_word' id='word_1_231' title='bbox 511 2486 650 2552; x_wconf 66' lang='lat' dir='ltr'>tangatur</span> <span class='ocrx_word' id='word_1_232' title='bbox 672 2485 811 2552; x_wconf 86' lang='lat' dir='ltr'>reposuit,</span> <span class='ocrx_word' id='word_1_233' title='bbox 837 2493 982 2549; x_wconf 86' lang='lat' dir='ltr'>annotans,</span> <span class='ocrx_word' id='word_1_234' title='bbox 1005 2486 1061 2538; x_wconf 92' lang='lat' dir='ltr'>hoc</span> <span class='ocrx_word' id='word_1_235' title='bbox 1084 2487 1217 2541; x_wconf 84' lang='lat' dir='ltr'>usitatius</span> 
     </span>
    </p>

    <p class='ocr_par' dir='ltr' id='par_1_7' title="bbox 29 2553 580 2624">
     <span class='ocr_line' id='line_1_27' title="bbox 29 2553 580 2624; baseline -0.004 -17"><span class='ocrx_word' id='word_1_236' title='bbox 29 2559 39 2597; x_wconf 75' lang='lat'>¹.</span> <span class='ocrx_word' id='word_1_237' title='bbox 65 2571 144 2620; x_wconf 82' lang='lat' dir='ltr'>esse,</span> <span class='ocrx_word' id='word_1_238' title='bbox 157 2572 241 2624; x_wconf 89' lang='lat' dir='ltr'>quam</span> <span class='ocrx_word' id='word_1_239' title='bbox 261 2553 366 2607; x_wconf 88' lang='lat' dir='ltr'>illud.“</span> <span class='ocrx_word' id='word_1_240' title='bbox 400 2555 448 2607; x_wconf 79' lang='lat' dir='ltr'>Fr.</span> <span class='ocrx_word' id='word_1_241' title='bbox 469 2554 580 2607; x_wconf 82' lang='lat' dir='ltr'>Fabrtc.</span> 
     </span>
    </p>
   </div>
   <div class='ocr_carea' id='block_1_4' title="bbox 64 2632 1225 2856">
    <p class='ocr_par' dir='ltr' id='par_1_8' title="bbox 64 2632 1225 2856">
     <span class='ocr_line' id='line_1_28' title="bbox 75 2632 1215 2719; baseline 0.006 -26"><span class='ocrx_word' id='word_1_242' title='bbox 75 2660 85 2682; x_wconf 62' lang='grc' dir='ltr'><em>τ</em></span> <span class='ocrx_word' id='word_1_243' title='bbox 136 2643 159 2694; x_wconf 86' lang='lat' dir='ltr'><strong>F</strong></span> <span class='ocrx_word' id='word_1_244' title='bbox 160 2653 286 2717; x_wconf 81' lang='lat' dir='ltr'>ungatur</span> <span class='ocrx_word' id='word_1_245' title='bbox 304 2644 411 2711; x_wconf 80' lang='lat' dir='ltr'>afficio]</span> <span class='ocrx_word' id='word_1_246' title='bbox 448 2645 542 2719; x_wconf 79' lang='lat' dir='ltr'>Vulgo</span> <span class='ocrx_word' id='word_1_247' title='bbox 560 2646 683 2710; x_wconf 74' lang='lat' dir='ltr'>fruatur,</span> <span class='ocrx_word' id='word_1_248' title='bbox 703 2632 760 2714; x_wconf 72' lang='lat' dir='ltr'>q&#39;uo</span> <span class='ocrx_word' id='word_1_249' title='bbox 778 2646 861 2697; x_wconf 91' lang='lat' dir='ltr'>modo</span> <span class='ocrx_word' id='word_1_250' title='bbox 875 2646 1013 2699; x_wconf 85' lang='lat' dir='ltr'>Ilmnanos</span> <span class='ocrx_word' id='word_1_251' title='bbox 1031 2645 1143 2698; x_wconf 88' lang='lat' dir='ltr'>locutos</span> <span class='ocrx_word' id='word_1_252' title='bbox 1157 2663 1215 2701; x_wconf 88' lang='lat' dir='ltr'>esse</span> 
     </span>
     <span class='ocr_line' id='line_1_29' title="bbox 64 2714 1216 2790; baseline 0.003 -26"><span class='ocrx_word' id='word_1_253' title='bbox 64 2728 123 2765; x_wconf 92' lang='lat' dir='ltr'>non</span> <span class='ocrx_word' id='word_1_254' title='bbox 140 2714 273 2789; x_wconf 86' lang='lat' dir='ltr'>arbitror.</span> <span class='ocrx_word' id='word_1_255' title='bbox 312 2716 409 2790; x_wconf 78' lang='lat' dir='ltr'>igitur</span> <span class='ocrx_word' id='word_1_256' title='bbox 426 2716 550 2767; x_wconf 87' lang='lat' dir='ltr'>Manucii</span> <span class='ocrx_word' id='word_1_257' title='bbox 569 2715 759 2783; x_wconf 82' lang='lat' dir='ltr'>Lambinique</span> <span class='ocrx_word' id='word_1_258' title='bbox 777 2733 827 2767; x_wconf 91' lang='lat' dir='ltr'>seu</span> <span class='ocrx_word' id='word_1_259' title='bbox 844 2717 933 2768; x_wconf 91' lang='lat' dir='ltr'>libros</span> <span class='ocrx_word' id='word_1_260' title='bbox 952 2735 1001 2769; x_wconf 91' lang='lat' dir='ltr'>seu</span> <span class='ocrx_word' id='word_1_261' title='bbox 1020 2716 1216 2769; x_wconf 88' lang='lat' dir='ltr'>coniecturam</span> 
     </span>
     <span class='ocr_line' id='line_1_30' title="bbox 64 2787 1225 2856; baseline 0.003 -20"><span class='ocrx_word' id='word_1_262' title='bbox 64 2800 128 2836; x_wconf 90' lang='lat' dir='ltr'>snm</span> <span class='ocrx_word' id='word_1_263' title='bbox 146 2792 272 2849; x_wconf 64' lang='lat' dir='ltr'>secutum</span> <span class='ocrx_word' id='word_1_264' title='bbox 292 2793 321 2837; x_wconf 90' lang='lat' dir='ltr'>et</span> <span class='ocrx_word' id='word_1_265' title='bbox 340 2787 380 2838; x_wconf 89' lang='lat' dir='ltr'>ita</span> <span class='ocrx_word' id='word_1_266' title='bbox 398 2787 502 2840; x_wconf 86' lang='lat' dir='ltr'>diserte</span> <span class='ocrx_word' id='word_1_267' title='bbox 521 2794 736 2856; x_wconf 88' lang='lat' dir='ltr'>repraesentant</span> <span class='ocrx_word' id='word_1_268' title='bbox 761 2787 875 2837; x_wconf 89' lang='lat' dir='ltr'>Ballicl.</span> <span class='ocrx_word' id='word_1_269' title='bbox 902 2795 932 2852; x_wconf 80' lang='lat' dir='ltr'>et</span> <span class='ocrx_word' id='word_1_270' title='bbox 949 2788 1058 2840; x_wconf 84' lang='lat' dir='ltr'>Ellens.</span> <span class='ocrx_word' id='word_1_271' title='bbox 1085 2798 1140 2840; x_wconf 86' lang='lat' dir='ltr'>sec.</span> <span class='ocrx_word' id='word_1_272' title='bbox 1176 2787 1225 2840; x_wconf 84' lang='lat' dir='ltr'>D.·</span> 
     </span>
    </p>
   </div>
   <div class='ocr_carea' id='block_1_5' title="bbox 25 2873 1293 4498">
    <p class='ocr_par' dir='ltr' id='par_1_9' title="bbox 25 2873 1293 4498">
     <span class='ocr_line' id='line_1_31' title="bbox 135 2873 1216 2945; baseline 0.006 -22"><span class='ocrx_word' id='word_1_273' title='bbox 135 2873 284 2936; x_wconf 75' lang='lat' dir='ltr'>fruator</span> <span class='ocrx_word' id='word_1_274' title='bbox 302 2873 409 2940; x_wconf 82' lang='lat' dir='ltr'>officio]</span> <span class='ocrx_word' id='word_1_275' title='bbox 446 2874 605 2940; x_wconf 87' lang='lat' dir='ltr'>„Quamvis</span> <span class='ocrx_word' id='word_1_276' title='bbox 622 2874 746 2926; x_wconf 87' lang='lat' dir='ltr'>Manutii</span> <span class='ocrx_word' id='word_1_277' title='bbox 764 2891 796 2925; x_wconf 89' lang='lat' dir='ltr'>ae</span> <span class='ocrx_word' id='word_1_278' title='bbox 814 2875 946 2927; x_wconf 85' lang='lat' dir='ltr'>Lambini</span> <span class='ocrx_word' id='word_1_279' title='bbox 965 2876 1140 2941; x_wconf 84' lang='lat' dir='ltr'>coniectura,</span> <span class='ocrx_word' id='word_1_280' title='bbox 1160 2894 1216 2945; x_wconf 88' lang='lat' dir='ltr'>qua</span> 
     </span>
     <span class='ocr_line' id='line_1_32' title="bbox 63 2943 1218 3011; baseline 0.005 -19"><span class='ocrx_word' id='word_1_281' title='bbox 63 2943 201 3010; x_wconf 74' lang='lat' dir='ltr'>fungatur</span> <span class='ocrx_word' id='word_1_282' title='bbox 219 2959 271 3011; x_wconf 90' lang='lat' dir='ltr'>pro</span> <span class='ocrx_word' id='word_1_283' title='bbox 289 2945 403 3008; x_wconf 72' lang='lat' dir='ltr'>fruator</span> <span class='ocrx_word' id='word_1_284' title='bbox 422 2954 560 3009; x_wconf 90' lang='lat' dir='ltr'>statuunt,</span> <span class='ocrx_word' id='word_1_285' title='bbox 586 2961 643 2996; x_wconf 90' lang='lat' dir='ltr'>unc</span> <span class='ocrx_word' id='word_1_286' title='bbox 663 2953 691 2997; x_wconf 90' lang='lat' dir='ltr'>et</span> <span class='ocrx_word' id='word_1_287' title='bbox 709 2945 803 2996; x_wconf 87' lang='lat' dir='ltr'>altero</span> <span class='ocrx_word' id='word_1_288' title='bbox 820 2946 918 2998; x_wconf 89' lang='lat' dir='ltr'>codiee</span> <span class='ocrx_word' id='word_1_289' title='bbox 942 2955 1135 3009; x_wconf 83' lang='lat' dir='ltr'>sustentetur3</span> <span class='ocrx_word' id='word_1_290' title='bbox 1159 2954 1218 2999; x_wconf 80' lang='lat' dir='ltr'>nort</span> 
     </span>
     <span class='ocr_line' id='line_1_33' title="bbox 64 3013 1217 3083; baseline 0.004 -20"><span class='ocrx_word' id='word_1_291' title='bbox 64 3021 165 3063; x_wconf 87' lang='lat' dir='ltr'>tamen</span> <span class='ocrx_word' id='word_1_292' title='bbox 195 3013 317 3064; x_wconf 89' lang='lat' dir='ltr'>reiicere</span> <span class='ocrx_word' id='word_1_293' title='bbox 341 3013 497 3065; x_wconf 85' lang='lat' dir='ltr'>lectionem</span> <span class='ocrx_word' id='word_1_294' title='bbox 520 3015 627 3066; x_wconf 91' lang='lat' dir='ltr'>editam</span> <span class='ocrx_word' id='word_1_295' title='bbox 649 3014 746 3079; x_wconf 87' lang='lat' dir='ltr'>audeo,</span> <span class='ocrx_word' id='word_1_296' title='bbox 774 3023 911 3083; x_wconf 90' lang='lat' dir='ltr'>tanquam</span> <span class='ocrx_word' id='word_1_297' title='bbox 931 3017 1051 3068; x_wconf 85' lang='lat' dir='ltr'>Romani</span> <span class='ocrx_word' id='word_1_298' title='bbox 1077 3017 1119 3068; x_wconf 90' lang='lat' dir='ltr'>sic</span> <span class='ocrx_word' id='word_1_299' title='bbox 1144 3035 1217 3068; x_wconf 87' lang='lat' dir='ltr'>nun·</span> 
     </span>
     <span class='ocr_line' id='line_1_34' title="bbox 67 3082 1217 3153; baseline 0.005 -21"><span class='ocrx_word' id='word_1_300' title='bbox 67 3099 156 3153; x_wconf 88' lang='lat' dir='ltr'>quam</span> <span class='ocrx_word' id='word_1_301' title='bbox 173 3082 264 3133; x_wconf 89' lang='lat' dir='ltr'>locuti</span> <span class='ocrx_word' id='word_1_302' title='bbox 284 3090 384 3133; x_wconf 89' lang='lat' dir='ltr'>essent.</span> <span class='ocrx_word' id='word_1_303' title='bbox 421 3083 492 3135; x_wconf 83' lang='lat' dir='ltr'>Frui</span> <span class='ocrx_word' id='word_1_304' title='bbox 510 3084 604 3150; x_wconf 82' lang='lat' dir='ltr'>officio</span> <span class='ocrx_word' id='word_1_305' title='bbox 620 3085 735 3150; x_wconf 83' lang='lat' dir='ltr'>proprio</span> <span class='ocrx_word' id='word_1_306' title='bbox 751 3083 947 3151; x_wconf 75' lang='lat' dir='ltr'>philosophiae</span> <span class='ocrx_word' id='word_1_307' title='bbox 965 3096 1007 3138; x_wconf 89' lang='lat' dir='ltr'>est</span> <span class='ocrx_word' id='word_1_308' title='bbox 1024 3085 1106 3136; x_wconf 87' lang='lat' dir='ltr'>illius</span> <span class='ocrx_word' id='word_1_309' title='bbox 1124 3086 1217 3138; x_wconf 83' lang='lat' dir='ltr'>officii</span> 
     </span>
     <span class='ocr_line' id='line_1_35' title="bbox 66 3151 1217 3223; baseline 0.004 -19"><span class='ocrx_word' id='word_1_310' title='bbox 66 3151 273 3204; x_wconf 87' lang='lat' dir='ltr'>emolumentis</span> <span class='ocrx_word' id='word_1_311' title='bbox 295 3152 394 3222; x_wconf 87' lang='lat' dir='ltr'>potiri.</span> <span class='ocrx_word' id='word_1_312' title='bbox 432 3152 482 3205; x_wconf 88' lang='lat' dir='ltr'>Sic</span> <span class='ocrx_word' id='word_1_313' title='bbox 509 3154 543 3206; x_wconf 90' lang='lat' dir='ltr'>de</span> <span class='ocrx_word' id='word_1_314' title='bbox 568 3153 705 3204; x_wconf 89' lang='lat' dir='ltr'>Amicitia</span> <span class='ocrx_word' id='word_1_315' title='bbox 730 3154 776 3217; x_wconf 80' lang='lat'>(4,</span> <span class='ocrx_word' id='word_1_316' title='bbox 797 3155 856 3218; x_wconf 88' lang='grc'><strong>15.)</strong></span> <span class='ocrx_word' id='word_1_317' title='bbox 883 3156 1079 3208; x_wconf 78' lang='lat' dir='ltr'>recordatione</span> <span class='ocrx_word' id='word_1_318' title='bbox 1100 3162 1217 3223; x_wconf 80' lang='lat' dir='ltr'>nostrae</span> 
     </span>
     <span class='ocr_line' id='line_1_36' title="bbox 68 3221 1218 3293; baseline 0.003 -19"><span class='ocrx_word' id='word_1_319' title='bbox 68 3221 214 3275; x_wconf 79' lang='lat' dir='ltr'>amicitiae</span> <span class='ocrx_word' id='word_1_320' title='bbox 231 3222 276 3274; x_wconf 84' lang='lat' dir='ltr'>sic</span> <span class='ocrx_word' id='word_1_321' title='bbox 292 3224 384 3288; x_wconf 73' lang='lat' dir='ltr'>fruor,</span> <span class='ocrx_word' id='word_1_322' title='bbox 403 3228 434 3273; x_wconf 87' lang='lat' dir='ltr'>at</span> <span class='ocrx_word' id='word_1_323' title='bbox 453 3223 531 3275; x_wconf 87' lang='lat' dir='ltr'>beate</span> <span class='ocrx_word' id='word_1_324' title='bbox 549 3221 657 3275; x_wconf 82' lang='lat' dir='ltr'>aiaieee</span> <span class='ocrx_word' id='word_1_325' title='bbox 673 3222 780 3288; x_wconf 78' lang='lat' dir='ltr'>uidear,</span> <span class='ocrx_word' id='word_1_326' title='bbox 809 3223 856 3289; x_wconf 82' lang='lat' dir='ltr'>qai</span> <span class='ocrx_word' id='word_1_327' title='bbox 874 3239 934 3276; x_wconf 76' lang='lat' dir='ltr'>crem</span> <span class='ocrx_word' id='word_1_328' title='bbox 951 3225 1080 3293; x_wconf 81' lang='lat' dir='ltr'>Scipione</span> <span class='ocrx_word' id='word_1_329' title='bbox 1097 3224 1218 3278; x_wconf 80' lang='lat' dir='ltr'>vixerim</span> 
     </span>
     <span class='ocr_line' id='line_1_37' title="bbox 64 3292 1217 3362; baseline 0.003 -18"><span class='ocrx_word' id='word_1_330' title='bbox 64 3292 96 3344; x_wconf 85' lang='lat' dir='ltr'>h.</span> <span class='ocrx_word' id='word_1_331' title='bbox 118 3311 141 3346; x_wconf 85' lang='lat' dir='ltr'>e.</span> <span class='ocrx_word' id='word_1_332' title='bbox 168 3311 234 3345; x_wconf 91' lang='lat' dir='ltr'>cum</span> <span class='ocrx_word' id='word_1_333' title='bbox 258 3293 356 3362; x_wconf 91' lang='lat' dir='ltr'>aliquo</span> <span class='ocrx_word' id='word_1_334' title='bbox 384 3295 484 3344; x_wconf 88' lang='lat' dir='ltr'>fructu</span> <span class='ocrx_word' id='word_1_335' title='bbox 509 3302 538 3347; x_wconf 87' lang='lat' dir='ltr'>et</span> <span class='ocrx_word' id='word_1_336' title='bbox 564 3293 741 3345; x_wconf 88' lang='lat' dir='ltr'>iucunditate</span> <span class='ocrx_word' id='word_1_337' title='bbox 765 3293 902 3345; x_wconf 87' lang='lat' dir='ltr'>recordor</span> <span class='ocrx_word' id='word_1_338' title='bbox 924 3295 1069 3347; x_wconf 87' lang='lat' dir='ltr'>amicitiae</span> <span class='ocrx_word' id='word_1_339' title='bbox 1096 3304 1217 3348; x_wconf 82' lang='lat' dir='ltr'>nostrae.</span> 
     </span>
     <span class='ocr_line' id='line_1_38' title="bbox 66 3363 1218 3435; baseline 0.002 -19"><span class='ocrx_word' id='word_1_340' title='bbox 66 3364 126 3416; x_wconf 88' lang='lat' dir='ltr'>Isto</span> <span class='ocrx_word' id='word_1_341' title='bbox 144 3364 227 3416; x_wconf 91' lang='lat' dir='ltr'>modo</span> <span class='ocrx_word' id='word_1_342' title='bbox 245 3363 365 3417; x_wconf 81' lang='lat' dir='ltr'>victoria</span> <span class='ocrx_word' id='word_1_343' title='bbox 383 3363 446 3429; x_wconf 73' lang='lat' dir='ltr'>frui</span> <span class='ocrx_word' id='word_1_344' title='bbox 464 3363 664 3416; x_wconf 85' lang='lat' dir='ltr'>est-victoriae</span> <span class='ocrx_word' id='word_1_345' title='bbox 683 3364 886 3416; x_wconf 88' lang='lat' dir='ltr'>emolumentis</span> <span class='ocrx_word' id='word_1_346' title='bbox 909 3363 980 3429; x_wconf 85' lang='lat' dir='ltr'>frui,</span> <span class='ocrx_word' id='word_1_347' title='bbox 1004 3365 1079 3435; x_wconf 89' lang='lat' dir='ltr'>apud</span> <span class='ocrx_word' id='word_1_348' title='bbox 1096 3365 1218 3419; x_wconf 84' lang='lat' dir='ltr'>Florum</span> 
     </span>
     <span class='ocr_line' id='line_1_39' title="bbox 66 3428 1216 3507; baseline 0.004 -22"><span class='ocrx_word' id='word_1_349' title='bbox 66 3428 106 3486; x_wconf 88' lang='lat'>11.</span> <span class='ocrx_word' id='word_1_350' title='bbox 127 3433 176 3490; x_wconf 84' lang='lat'>6.“</span> <span class='ocrx_word' id='word_1_351' title='bbox 199 3435 294 3502; x_wconf 80' lang='lat' dir='ltr'>Wapl.</span> <span class='ocrx_word' id='word_1_352' title='bbox 333 3435 457 3488; x_wconf 81' lang='lat' dir='ltr'>Fruatur</span> <span class='ocrx_word' id='word_1_353' title='bbox 475 3434 560 3487; x_wconf 89' lang='lat' dir='ltr'>habet</span> <span class='ocrx_word' id='word_1_354' title='bbox 578 3433 644 3486; x_wconf 84' lang='lat' dir='ltr'>Cod.</span> <span class='ocrx_word' id='word_1_355' title='bbox 665 3435 733 3507; x_wconf 81' lang='lat' dir='ltr'>Reg.</span> <span class='ocrx_word' id='word_1_356' title='bbox 755 3443 783 3487; x_wconf 88' lang='lat' dir='ltr'>et</span> <span class='ocrx_word' id='word_1_357' title='bbox 801 3442 861 3486; x_wconf 88' lang='lat' dir='ltr'>tres</span> <span class='ocrx_word' id='word_1_358' title='bbox 879 3435 977 3486; x_wconf 82' lang='lat' dir='ltr'>Leidd.</span> <span class='ocrx_word' id='word_1_359' title='bbox 999 3453 1064 3488; x_wconf 91' lang='lat' dir='ltr'>cum</span> <span class='ocrx_word' id='word_1_360' title='bbox 1083 3453 1145 3488; x_wconf 87' lang='lat' dir='ltr'>mea</span> <span class='ocrx_word' id='word_1_361' title='bbox 1163 3437 1216 3490; x_wconf 80' lang='lat' dir='ltr'>Ed.</span> 
     </span>
     <span class='ocr_line' id='line_1_40' title="bbox 66 3503 1226 3575; baseline 0.004 -19"><span class='ocrx_word' id='word_1_362' title='bbox 66 3514 124 3556; x_wconf 83' lang='lat' dir='ltr'>vet.</span> <span class='ocrx_word' id='word_1_363' title='bbox 146 3513 175 3558; x_wconf 89' lang='lat' dir='ltr'>et</span> <span class='ocrx_word' id='word_1_364' title='bbox 192 3506 314 3575; x_wconf 89' lang='lat' dir='ltr'>reliquis</span> <span class='ocrx_word' id='word_1_365' title='bbox 332 3506 423 3556; x_wconf 92' lang='lat' dir='ltr'>libris.</span> <span class='ocrx_word' id='word_1_366' title='bbox 443 3503 512 3556; x_wconf 84' lang='lat' dir='ltr'>Dav.</span> <span class='ocrx_word' id='word_1_367' title='bbox 534 3504 612 3556; x_wconf 91' lang='lat' dir='ltr'>dedit</span> <span class='ocrx_word' id='word_1_368' title='bbox 629 3506 787 3571; x_wconf 72' lang='lat' dir='ltr'>fungatur,</span> <span class='ocrx_word' id='word_1_369' title='bbox 805 3513 922 3573; x_wconf 87' lang='lat' dir='ltr'>praeter</span> <span class='ocrx_word' id='word_1_370' title='bbox 940 3503 1148 3560; x_wconf 85' lang='lat' dir='ltr'>necessitatem.</span> <span class='ocrx_word' id='word_1_371' title='bbox 1176 3509 1226 3561; x_wconf 85' lang='lat' dir='ltr'>Ut·</span> 
     </span>
     <span class='ocr_line' id='line_1_41' title="bbox 67 3574 1218 3644; baseline 0.003 -16"><span class='ocrx_word' id='word_1_372' title='bbox 67 3576 146 3628; x_wconf 89' lang='lat' dir='ltr'>enim</span> <span class='ocrx_word' id='word_1_373' title='bbox 163 3574 311 3629; x_wconf 87' lang='lat' dir='ltr'>dicebatur</span> <span class='ocrx_word' id='word_1_374' title='bbox 328 3575 412 3644; x_wconf 73' lang='lat' dir='ltr'>frangi</span> <span class='ocrx_word' id='word_1_375' title='bbox 430 3575 529 3644; x_wconf 81' lang='lat' dir='ltr'>epatis,</span> <span class='ocrx_word' id='word_1_376' title='bbox 547 3576 653 3642; x_wconf 82' lang='lat' dir='ltr'>gaudio</span> <span class='ocrx_word' id='word_1_377' title='bbox 673 3584 727 3627; x_wconf 90' lang='lat' dir='ltr'>etc.</span> <span class='ocrx_word' id='word_1_378' title='bbox 748 3576 788 3627; x_wconf 90' lang='lat' dir='ltr'>ita</span> <span class='ocrx_word' id='word_1_379' title='bbox 806 3575 865 3627; x_wconf 90' lang='lat' dir='ltr'>dici</span> <span class='ocrx_word' id='word_1_380' title='bbox 882 3577 978 3644; x_wconf 88' lang='lat' dir='ltr'>potuit</span> <span class='ocrx_word' id='word_1_381' title='bbox 996 3578 1058 3642; x_wconf 74' lang='lat' dir='ltr'>frui</span> <span class='ocrx_word' id='word_1_382' title='bbox 1072 3577 1166 3644; x_wconf 79' lang='lat' dir='ltr'>officio</span> <span class='ocrx_word' id='word_1_383' title='bbox 1188 3587 1218 3630; x_wconf 88' lang='lat' dir='ltr'>et</span> 
     </span>
     <span class='ocr_line' id='line_1_42' title="bbox 66 3645 1218 3724; baseline 0.002 -26"><span class='ocrx_word' id='word_1_384' title='bbox 66 3646 210 3699; x_wconf 81' lang='lat' dir='ltr'>manere.“</span> <span class='ocrx_word' id='word_1_385' title='bbox 246 3647 395 3713; x_wconf 85' lang='lat' dir='ltr'>Faagatar</span> <span class='ocrx_word' id='word_1_386' title='bbox 418 3647 529 3716; x_wconf 79' lang='lat' dir='ltr'>recepit</span> <span class='ocrx_word' id='word_1_387' title='bbox 554 3646 627 3699; x_wconf 82' lang='lat' dir='ltr'>Lall.</span> <span class='ocrx_word' id='word_1_388' title='bbox 653 3645 739 3714; x_wconf 89' lang='lat' dir='ltr'>idque</span> <span class='ocrx_word' id='word_1_389' title='bbox 764 3663 823 3697; x_wconf 89' lang='lat' dir='ltr'>esse</span> <span class='ocrx_word' id='word_1_390' title='bbox 842 3647 984 3724; x_wconf 26' lang='lat' dir='ltr'>etiamxiu</span> <span class='ocrx_word' id='word_1_391' title='bbox 1003 3647 1151 3706; x_wconf 54' lang='lat' dir='ltr'>Cod.‚Vat.</span> <span class='ocrx_word' id='word_1_392' title='bbox 1173 3665 1218 3701; x_wconf 92' lang='lat' dir='ltr'>re-</span> 
     </span>
     <span class='ocr_line' id='line_1_43' title="bbox 66 3715 1218 3786; baseline 0.001 -17"><span class='ocrx_word' id='word_1_393' title='bbox 66 3719 135 3770; x_wconf 82' lang='lat' dir='ltr'>fert.</span> <span class='ocrx_word' id='word_1_394' title='bbox 171 3717 308 3770; x_wconf 85' lang='lat' dir='ltr'>Ernestus</span> <span class='ocrx_word' id='word_1_395' title='bbox 326 3733 410 3770; x_wconf 89' lang='lat' dir='ltr'>vero:</span> <span class='ocrx_word' id='word_1_396' title='bbox 431 3718 512 3781; x_wconf 87' lang='lat' dir='ltr'>„Pro</span> <span class='ocrx_word' id='word_1_397' title='bbox 529 3717 656 3782; x_wconf 78' lang='lat' dir='ltr'>fruatur,</span> <span class='ocrx_word' id='word_1_398' title='bbox 676 3715 726 3781; x_wconf 90' lang='lat' dir='ltr'>ait,</span> <span class='ocrx_word' id='word_1_399' title='bbox 746 3715 811 3768; x_wconf 92' lang='lat' dir='ltr'>dedi</span> <span class='ocrx_word' id='word_1_400' title='bbox 830 3716 977 3783; x_wconf 74' lang='lat' dir='ltr'>fungatur,</span> <span class='ocrx_word' id='word_1_401' title='bbox 1004 3719 1079 3786; x_wconf 87' lang='lat' dir='ltr'>quod</span> <span class='ocrx_word' id='word_1_402' title='bbox 1106 3719 1137 3770; x_wconf 85' lang='lat' dir='ltr'>in</span> <span class='ocrx_word' id='word_1_403' title='bbox 1164 3719 1218 3770; x_wconf 88' lang='lat' dir='ltr'>ali-</span> 
     </span>
     <span class='ocr_line' id='line_1_44' title="bbox 63 3787 1293 3858; baseline 0.004 -19"><span class='ocrx_word' id='word_1_404' title='bbox 63 3796 139 3858; x_wconf 83' lang='lat' dir='ltr'>quot</span> <span class='ocrx_word' id='word_1_405' title='bbox 156 3788 238 3839; x_wconf 92' lang='lat' dir='ltr'>libris</span> <span class='ocrx_word' id='word_1_406' title='bbox 257 3788 372 3857; x_wconf 89' lang='lat' dir='ltr'>seriptis</span> <span class='ocrx_word' id='word_1_407' title='bbox 390 3806 406 3841; x_wconf 90' lang='lat' dir='ltr'>a</span> <span class='ocrx_word' id='word_1_408' title='bbox 422 3788 491 3839; x_wconf 82' lang='lat' dir='ltr'>Dav.</span> <span class='ocrx_word' id='word_1_409' title='bbox 512 3796 661 3856; x_wconf 88' lang='lat' dir='ltr'>repertum</span> <span class='ocrx_word' id='word_1_410' title='bbox 681 3794 732 3851; x_wconf 90' lang='lat' dir='ltr'>est,</span> <span class='ocrx_word' id='word_1_411' title='bbox 757 3803 836 3838; x_wconf 89' lang='lat' dir='ltr'>ame</span> <span class='ocrx_word' id='word_1_412' title='bbox 855 3787 886 3838; x_wconf 91' lang='lat' dir='ltr'>in</span> <span class='ocrx_word' id='word_1_413' title='bbox 905 3788 1003 3840; x_wconf 81' lang='lat' dir='ltr'>Guelf.</span> <span class='ocrx_word' id='word_1_414' title='bbox 1029 3798 1128 3842; x_wconf 83' lang='lat' dir='ltr'>et&#39;est</span> <span class='ocrx_word' id='word_1_415' title='bbox 1152 3789 1218 3844; x_wconf 84' lang='lat' dir='ltr'>ante</span> <span class='ocrx_word' id='word_1_416' title='bbox 1289 3796 1293 3814; x_wconf 69' lang='lat'>¹</span> 
     </span>
     <span class='ocr_line' id='line_1_45' title="bbox 66 3857 1218 3930; baseline 0.003 -19"><span class='ocrx_word' id='word_1_417' title='bbox 66 3857 221 3926; x_wconf 79' lang='lat' dir='ltr'>sapientiae</span> <span class='ocrx_word' id='word_1_418' title='bbox 239 3860 274 3924; x_wconf 69' lang='lat' dir='ltr'>fa</span> <span class='ocrx_word' id='word_1_419' title='bbox 282 3875 300 3910; x_wconf 84' lang='lat' dir='ltr'>a</span> <span class='ocrx_word' id='word_1_420' title='bbox 306 3858 347 3930; x_wconf 84' lang='lat' dir='ltr'>gi</span> <span class='ocrx_word' id='word_1_421' title='bbox 363 3874 485 3911; x_wconf 84' lang='lat' dir='ltr'>manere.</span> <span class='ocrx_word' id='word_1_422' title='bbox 523 3859 643 3910; x_wconf 85' lang='lat' dir='ltr'>Frustra</span> <span class='ocrx_word' id='word_1_423' title='bbox 661 3857 829 3925; x_wconf 79' lang='lat' dir='ltr'>obloquitur</span> <span class='ocrx_word' id='word_1_424' title='bbox 846 3858 1074 3927; x_wconf 84' lang='lat' dir='ltr'>Wopkeusius.“</span> <span class='ocrx_word' id='word_1_425' title='bbox 1091 3861 1218 3914; x_wconf 78' lang='lat' dir='ltr'>blandius</span> 
     </span>
     <span class='ocr_line' id='line_1_46' title="bbox 66 3927 1218 3999; baseline 0 -18"><span class='ocrx_word' id='word_1_426' title='bbox 66 3944 136 3982; x_wconf 83' lang='lat' dir='ltr'>vero</span> <span class='ocrx_word' id='word_1_427' title='bbox 155 3929 188 3982; x_wconf 92' lang='lat' dir='ltr'>ad</span> <span class='ocrx_word' id='word_1_428' title='bbox 207 3930 317 3999; x_wconf 84' lang='lat' dir='ltr'>Wopk.</span> <span class='ocrx_word' id='word_1_429' title='bbox 338 3947 365 3998; x_wconf 86' lang='lat' dir='ltr'>p.</span> <span class='ocrx_word' id='word_1_430' title='bbox 388 3932 446 3983; x_wconf 74' lang='lat'>112.</span> <span class='ocrx_word' id='word_1_431' title='bbox 484 3929 548 3994; x_wconf 90' lang='lat' dir='ltr'>„At</span> <span class='ocrx_word' id='word_1_432' title='bbox 566 3929 642 3980; x_wconf 91' lang='lat' dir='ltr'>illud</span> <span class='ocrx_word' id='word_1_433' title='bbox 661 3929 755 3999; x_wconf 89' lang='lat' dir='ltr'>ipsum</span> <span class='ocrx_word' id='word_1_434' title='bbox 773 3927 921 3995; x_wconf 76' lang='lat' dir='ltr'>fungatur,</span> <span class='ocrx_word' id='word_1_435' title='bbox 950 3930 1001 3994; x_wconf 87' lang='lat' dir='ltr'>ait,</span> <span class='ocrx_word' id='word_1_436' title='bbox 1025 3932 1058 3981; x_wconf 89' lang='lat' dir='ltr'>ab</span> <span class='ocrx_word' id='word_1_437' title='bbox 1077 3931 1113 3981; x_wconf 90' lang='lat' dir='ltr'>iis</span> <span class='ocrx_word' id='word_1_438' title='bbox 1132 3932 1218 3984; x_wconf 90' lang='lat' dir='ltr'>resti-</span> 
     </span>
     <span class='ocr_line' id='line_1_47' title="bbox 66 3997 1219 4068; baseline 0.002 -16"><span class='ocrx_word' id='word_1_439' title='bbox 66 4008 163 4052; x_wconf 87' lang='lat' dir='ltr'>tutum</span> <span class='ocrx_word' id='word_1_440' title='bbox 182 4008 233 4063; x_wconf 89' lang='lat' dir='ltr'>est,</span> <span class='ocrx_word' id='word_1_441' title='bbox 262 4001 312 4068; x_wconf 88' lang='lat' dir='ltr'>qui</span> <span class='ocrx_word' id='word_1_442' title='bbox 330 3999 427 4068; x_wconf 89' lang='lat' dir='ltr'>paullo</span> <span class='ocrx_word' id='word_1_443' title='bbox 446 4007 511 4050; x_wconf 91' lang='lat' dir='ltr'>ante</span> <span class='ocrx_word' id='word_1_444' title='bbox 535 4000 563 4050; x_wconf 92' lang='lat' dir='ltr'>le</span> <span class='ocrx_word' id='word_1_445' title='bbox 585 4007 667 4051; x_wconf 92' lang='lat' dir='ltr'>erant</span> <span class='ocrx_word' id='word_1_446' title='bbox 692 3997 848 4066; x_wconf 77' lang='lat' dir='ltr'>sapientiae</span> <span class='ocrx_word' id='word_1_447' title='bbox 865 4000 994 4066; x_wconf 77' lang='lat' dir='ltr'>fungitur</span> <span class='ocrx_word' id='word_1_448' title='bbox 1011 4016 1129 4057; x_wconf 69' lang='lat' dir='ltr'>manem.</span> <span class='ocrx_word' id='word_1_449' title='bbox 1166 4002 1219 4054; x_wconf 87' lang='lat' dir='ltr'>Est</span> 
     </span>
     <span class='ocr_line' id='line_1_48' title="bbox 68 4068 1218 4143; baseline 0 -19"><span class='ocrx_word' id='word_1_450' title='bbox 68 4071 147 4124; x_wconf 84' lang='lat' dir='ltr'>enim</span> <span class='ocrx_word' id='word_1_451' title='bbox 165 4070 226 4135; x_wconf 74' lang='lat' dir='ltr'>frui</span> <span class='ocrx_word' id='word_1_452' title='bbox 243 4070 337 4137; x_wconf 76' lang='lat' dir='ltr'>officio</span> <span class='ocrx_word' id='word_1_453' title='bbox 356 4069 487 4138; x_wconf 81' lang='lat' dir='ltr'>asnplius,</span> <span class='ocrx_word' id='word_1_454' title='bbox 506 4068 602 4121; x_wconf 79' lang='lat' dir='ltr'>officio</span> <span class='ocrx_word' id='word_1_455' title='bbox 620 4069 766 4143; x_wconf 81' lang='lat' dir='ltr'>fungendo</span> <span class='ocrx_word' id='word_1_456' title='bbox 784 4070 924 4122; x_wconf 89' lang='lat' dir='ltr'>delectari</span> <span class='ocrx_word' id='word_1_457' title='bbox 944 4080 972 4122; x_wconf 93' lang='lat' dir='ltr'>et</span> <span class='ocrx_word' id='word_1_458' title='bbox 991 4072 1218 4124; x_wconf 87' lang='lat' dir='ltr'>consideratione</span> 
     </span>
     <span class='ocr_line' id='line_1_49' title="bbox 68 4140 1219 4208; baseline -0.001 -14"><span class='ocrx_word' id='word_1_459' title='bbox 68 4158 168 4194; x_wconf 86' lang='lat' dir='ltr'>rerum</span> <span class='ocrx_word' id='word_1_460' title='bbox 187 4142 255 4192; x_wconf 84' lang='lat' dir='ltr'>frui.</span> <span class='ocrx_word' id='word_1_461' title='bbox 294 4141 342 4193; x_wconf 85' lang='lat' dir='ltr'>Sic</span> <span class='ocrx_word' id='word_1_462' title='bbox 361 4140 468 4192; x_wconf 87' lang='lat' dir='ltr'>Seneca</span> <span class='ocrx_word' id='word_1_463' title='bbox 484 4140 575 4208; x_wconf 87' lang='lat' dir='ltr'>Epist.</span> <span class='ocrx_word' id='word_1_464' title='bbox 596 4143 638 4195; x_wconf 80' lang='lat'>93.</span> <span class='ocrx_word' id='word_1_465' title='bbox 660 4144 689 4193; x_wconf 81' lang='lat'>7:</span> <span class='ocrx_word' id='word_1_466' title='bbox 710 4140 831 4192; x_wconf 83' lang='lat' dir='ltr'>omnium</span> <span class='ocrx_word' id='word_1_467' title='bbox 848 4155 942 4192; x_wconf 83' lang='lat' dir='ltr'>reram</span> <span class='ocrx_word' id='word_1_468' title='bbox 954 4141 1117 4207; x_wconf 82' lang='lat' dir='ltr'>cognitione</span> <span class='ocrx_word' id='word_1_469' title='bbox 1134 4142 1219 4208; x_wconf 66' lang='lat' dir='ltr'>fertili</span> 
     </span>
     <span class='ocr_line' id='line_1_50' title="bbox 68 4209 1219 4280; baseline 0 -17"><span class='ocrx_word' id='word_1_470' title='bbox 68 4210 194 4265; x_wconf 81' lang='lat' dir='ltr'>samos.“</span> <span class='ocrx_word' id='word_1_471' title='bbox 230 4212 337 4263; x_wconf 83' lang='lat' dir='ltr'>Laudat</span> <span class='ocrx_word' id='word_1_472' title='bbox 355 4219 505 4280; x_wconf 87' lang='lat' dir='ltr'>praeterea</span> <span class='ocrx_word' id='word_1_473' title='bbox 523 4212 570 4265; x_wconf 87' lang='lat' dir='ltr'>Or.</span> <span class='ocrx_word' id='word_1_474' title='bbox 588 4210 817 4264; x_wconf 86' lang='lat' dir='ltr'>Wakefieldium</span> <span class='ocrx_word' id='word_1_475' title='bbox 835 4209 870 4261; x_wconf 89' lang='lat' dir='ltr'>ad</span> <span class='ocrx_word' id='word_1_476' title='bbox 888 4212 1002 4263; x_wconf 84' lang='lat' dir='ltr'>Lucret.</span> <span class='ocrx_word' id='word_1_477' title='bbox 1023 4216 1048 4278; x_wconf 82' lang='lat'>3,</span> <span class='ocrx_word' id='word_1_478' title='bbox 1064 4216 1123 4268; x_wconf 76' lang='lat'>201.</span> <span class='ocrx_word' id='word_1_479' title='bbox 1145 4213 1219 4277; x_wconf 86' lang='lat' dir='ltr'>[cor-</span> 
     </span>
     <span class='ocr_line' id='line_1_51' title="bbox 66 4280 1219 4351; baseline -0.001 -17"><span class='ocrx_word' id='word_1_480' title='bbox 66 4297 192 4351; x_wconf 83' lang='lat' dir='ltr'>pora-</span> <span class='ocrx_word' id='word_1_481' title='bbox 210 4282 367 4335; x_wconf 75' lang='lat' dir='ltr'>meabilitate</span> <span class='ocrx_word' id='word_1_482' title='bbox 385 4281 569 4345; x_wconf 69' lang='lat' dir='ltr'>fruantur:</span> <span class='ocrx_word' id='word_1_483' title='bbox 587 4281 636 4330; x_wconf 91' lang='lat' dir='ltr'>ubi</span> <span class='ocrx_word' id='word_1_484' title='bbox 655 4281 685 4330; x_wconf 91' lang='lat' dir='ltr'>in</span> <span class='ocrx_word' id='word_1_485' title='bbox 704 4280 803 4331; x_wconf 89' lang='lat' dir='ltr'>multis</span> <span class='ocrx_word' id='word_1_486' title='bbox 822 4281 907 4333; x_wconf 83' lang='lat' dir='ltr'>Codd.</span> <span class='ocrx_word' id='word_1_487' title='bbox 929 4291 958 4332; x_wconf 95' lang='lat' dir='ltr'>et</span> <span class='ocrx_word' id='word_1_488' title='bbox 974 4283 1045 4335; x_wconf 87' lang='lat' dir='ltr'>Edd.</span> <span class='ocrx_word' id='word_1_489' title='bbox 1066 4293 1108 4335; x_wconf 90' lang='lat' dir='ltr'>est</span> <span class='ocrx_word' id='word_1_490' title='bbox 1125 4284 1219 4348; x_wconf 67' lang='lat' dir='ltr'>ferum</span> 
     </span>
     <span class='ocr_line' id='line_1_52' title="bbox 70 4350 1216 4422; baseline -0.003 -18"><span class='ocrx_word' id='word_1_491' title='bbox 70 4352 140 4418; x_wconf 82' lang='lat' dir='ltr'>tor].</span> <span class='ocrx_word' id='word_1_492' title='bbox 169 4353 259 4405; x_wconf 78' lang='lat' dir='ltr'>ldem</span> <span class='ocrx_word' id='word_1_493' title='bbox 276 4370 342 4404; x_wconf 90' lang='lat' dir='ltr'>cum</span> <span class='ocrx_word' id='word_1_494' title='bbox 360 4352 522 4406; x_wconf 87' lang='lat' dir='ltr'>FAWolfio</span> <span class='ocrx_word' id='word_1_495' title='bbox 540 4350 645 4402; x_wconf 86' lang='lat' dir='ltr'>Handii</span> <span class='ocrx_word' id='word_1_496' title='bbox 663 4351 834 4403; x_wconf 86' lang='lat' dir='ltr'>sententiam</span> <span class='ocrx_word' id='word_1_497' title='bbox 858 4352 1037 4404; x_wconf 88' lang='lat' dir='ltr'>verissimam</span> <span class='ocrx_word' id='word_1_498' title='bbox 1064 4354 1216 4422; x_wconf 76' lang='lat' dir='ltr'>existimat.</span> 
     </span>
     <span class='ocr_line' id='line_1_53' title="bbox 25 4419 1216 4498; baseline -0.005 -23"><span class='ocrx_word' id='word_1_499' title='bbox 25 4420 28 4424; x_wconf 59' lang='grc'>“</span> <span class='ocrx_word' id='word_1_500' title='bbox 69 4423 132 4498; x_wconf 77' lang='lat' dir='ltr'>Ego</span> <span class='ocrx_word' id='word_1_501' title='bbox 157 4423 193 4474; x_wconf 83' lang='lat' dir='ltr'>iis</span> <span class='ocrx_word' id='word_1_502' title='bbox 216 4424 347 4489; x_wconf 86' lang='lat' dir='ltr'>assentio,</span> <span class='ocrx_word' id='word_1_503' title='bbox 381 4423 449 4493; x_wconf 83' lang='lat' dir='ltr'>quia</span> <span class='ocrx_word' id='word_1_504' title='bbox 475 4430 505 4474; x_wconf 91' lang='lat' dir='ltr'>et</span> <span class='ocrx_word' id='word_1_505' title='bbox 528 4421 631 4493; x_wconf 80' lang='lat' dir='ltr'>optimi</span> <span class='ocrx_word' id='word_1_506' title='bbox 657 4429 687 4474; x_wconf 91' lang='lat' dir='ltr'>et</span> <span class='ocrx_word' id='word_1_507' title='bbox 709 4421 916 4492; x_wconf 26' lang='lat' dir='ltr'>antiquissimi-¹</span> <span class='ocrx_word' id='word_1_508' title='bbox 933 4422 962 4474; x_wconf 88' lang='lat' dir='ltr'>et</span> <span class='ocrx_word' id='word_1_509' title='bbox 984 4422 1105 4491; x_wconf 75' lang='lat' dir='ltr'>plurimi</span> <span class='ocrx_word' id='word_1_510' title='bbox 1131 4419 1216 4474; x_wconf 86' lang='lat' dir='ltr'>Godd.</span> 
     </span>
    </p>
   </div>
   <div class='ocr_carea' id='block_1_6' title="bbox 0 0 1430 5070">
    <p class='ocr_par' dir='ltr' id='par_1_10' title="bbox 0 0 1430 5070">
     <span class='ocr_line' id='line_1_54' title="bbox 0 0 1430 5070; baseline 0 0"><span class='ocrx_word' id='word_1_511' title='bbox 0 0 1430 5070; x_wconf 95' lang='lat' dir='ltr'> </span> 
     </span>
    </p>
   </div>
  </div>
 </body>
</html>
