2842 5070
373 277 394 332 ·.
495 284 778 368 ιιεσιίιωι.
813 292 864 341 -ss
991 322 993 326 -
1161 293 1227 377 sss

68 455 217 544 stishsic
235 455 335 519 nimis
357 454 437 519 elati
458 453 585 518 laetitia
606 455 683 518 iure
710 453 904 534 iudicantur
924 455 1025 553 leves.
1060 457 1101 548 Bt
1121 479 1225 544 quum

64 580 99 593 .-

68 640 162 706 ἰεείἰα,
189 641 232 695 εἰσ
250 639 340 696 animi
367 640 447 714 (Reg.
473 638 673 709 etPithoeem
694 640 806 708 animis)
834 638 904 698 elati
920 640 1042 710 laetitio,
1067 642 1132 698 iure
1147 641 1225 698 iudi·

68 719 169 769 conlur
187 714 267 766 leues.
305 714 343 766 D.
649 733 659 753 ¹·

99 830 101 834 .
138 788 167 836 εἰ
185 791 214 836 ut
232 783 317 839 nimis
334 783 437 850 afflicti
454 783 594 849 molestie,
618 782 665 838 εἰσ
682 783 775 838 areima*
798 783 869 839 eloti
888 783 1012 852 laetitio]
1047 794 1129 852 „vet
1158 787 1222 842 cod.

66 853 108 906 εἰσ
126 853 267 908 culmis
290 856 391 909 eloli.“
416 869 520 957 marpss
539 855 648 910 Lamon
674 864 703 908 et
721 852 800 909 Gotls.
827 856 924 922 „Pali
949 873 1005 910 sec.
1029 866 1122 928 quart.
1142 860 1223 913 vati·

66 943 152 978 canus
171 926 308 992 afflictio
335 927 483 981 molesllo.‘
518 924 599 981 Geli.
627 964 655 993 ‚‚‚
665 927 750 981 Nihil
772 927 888 981 felicius
913 927 1078 982 coniectura
1097 931 1222 983 Bentleii

66 998 170 1049 aDav.
191 1007 307 1069 recepta
325 1005 355 1050 ut
373 998 458 1051 nimis
472 998 579 1064 afflicti
595 1000 734 1064 molles,
761 999 804 1050 sic
821 997 911 1051 animi
928 1000 1003 1052 elati·
1019 999 1130 1054 laetitio
1156 1000 1223 1055 iore

13 1064 21 1068 “
67 1068 199 1122 dicuntur
217 1068 321 1123 Ιευεε.“
339 1067 427 1122 Bauli.
466 1071 542 1123 Haec
568 1070 626 1122 fuit
649 1072 769 1122 fortasse
787 1069 896 1122 Davisii
921 1070 1042 1140 scriptio
1068 1073 1101 1124 in
1119 1071 1171 1125 Ed.
1194 1077 1219 1141 l.

56 1144 138 1207 'quae
156 1140 191 1196 ad
208 1156 325 1193 inanum
342 1156 400 1192 non
419 1149 470 1192 est.
499 1142 534 1195 ln
551 1139 605 1193 Ed.
619 1141 649 1194 2.
669 1139 726 1192 iem
745 1157 805 1192 eem
824 1140 939 1211 reperio
958 1141 1127 1212 lectionem,
1146 1160 1220 1212 quae

64 1219 182 1280 recepta
201 1220 243 1263 est
261 1210 292 1263 in
309 1211 406 1263 tertie.
444 1211 647 1267 ballemannus
666 1211 754 1263 etiam
772 1211 888 1280 scripsit
910 1209 945 1264 sl
951 1227 967 1264 c
983 1210 1069 1266 almis
1088 1213 1156 1267 elati
1172 1206 1221 1268 ad

65 1280 214 1350 diditque:
233 1283 279 1336 lta
296 1283 451 1336 Lambinus
470 1291 500 1336 et
517 1281 648 1334 Davisius
667 1298 682 1334 e
700 1283 794 1334 veteri
811 1282 897 1348 libro,
922 1282 976 1347 cuiv
987 1284 1120 1354 proxime
1139 1301 1221 1341 accc·

65 1351 199 1404 ditonus
218 1370 233 1406 e
252 1353 351 1428 regiis.
389 1353 484 1427 Vulgo
502 1354 545 1407 εἰσ
562 1351 772 1407 αεείηείεἱαίἰ.“
807 1353 868 1406 Mr.
1104 1381 1108 1391 ·
1218 1420 1221 1427 Ι

134 1443 177 1495 εἰσ
195 1441 281 1496 nimie
298 1440 367 1494 eloti
384 1440 508 1505 laetitio]
547 1441 667 1514 „Vulgo
697 1446 739 1496 est
762 1443 805 1495 εἰσ
831 1440 922 1496 animi
943 1442 1012 1511 elale*
1033 1443 1164 1510 laetitios
1189 1450 1222 1498 at

63 1510 147 1577 illud,
168 1514 245 1582 quod
262 1529 313 1565 nos
332 1512 461 1566 dedimus
480 1531 495 1565 e
513 1514 695 1567 correctione
712 1513 848 1579 Bentleii,
873 1513 982 1584 optime
1005 1516 1160 1584 respondet
1178 1516 1221 1569 al·

62 1583 131 1649 teri,
150 1584 236 1637 nimis
253 1583 357 1650 afflicti
375 1584 512 1637 molestia.
541 1583 692 1638 Consentit
710 1582 767 1637 lllS.
785 1584 896 1637 Davisii
915 1591 945 1637 et
961 1580 1123 1638 Alemanni.
1142 1579 1220 1640 Tum
1300 1579 1304 1593 ‘

63 1660 192 1722 sequens
211 1655 275 1708 iure
299 1654 461 1709 iudicantur
484 1655 556 1708 levet
579 1660 622 1710 est
645 1671 798 1709 commune
809 1656 958 1724 utrisque,
978 1656 1073 1709 xnimis
1098 1654 1219 1711 afflietio

62 1725 204 1791 molestia,
233 1734 262 1780 et
279 1726 365 1777 nimis
383 1717 474 1779 *ilaris
500 1725 621 1780 laetitiass
659 1726 716 1781 Sed
740 1735 837 1779 tamen
859 1743 918 1780 non
940 1727 1075 1798 displicet
1092 1727 1220 1782 Bentleii

62 1797 237 1863 coniectura,
256 1796 384 1849 addentis
402 1797 498 1850 molles
515 1806 579 1868 post
597 1797 681 1851 salmis
699 1797 800 1863 afflicti
817 1795 943 1851 molestia
961 1797 1052 1864 [vides
1059 1799 1218 1857 Ernestum

62 1884 160 1920 errare
178 1868 210 1920 in
229 1868 380 1921 referenda
397 1868 523 1920 Bentleii
542 1869 734 1936 coniectura]‚
764 1884 850 1938 qnam
868 1878 898 1922 et
915 1868 985 1922 Dav.
1014 1876 1043 1924 et
1060 1869 1133 1923 Bult.
1147 1885 1218 1941 pro·

60 1937 198 1992 bavere.“
227 1939 293 1992 Bm.
331 1939 703 2005 „certissimam-Bentleii
726 1940 924 1993 coniecturam
946 1957 1014 1994 cum
1030 1940 1144 1998 Wolfio
1170 1950 1231 1997 re&

61 2025 79 2060 c
116 2010 159 2062 i.“
194 2009 272 2063 Soles.
1012 2027 1016 2039 ·
1050 2036 1053 2043 ·
1105 2024 1122 2045 ·'

80 2026 115 2080 ep
133 2088 159 2135 et
176 2088 209 2134 oe
224 2081 311 2134 niinis
329 2080 586 2148 ministrantia,
605 2080 649 2135 εἰσ
666 2080 753 2136 nimie
771 2079 842 2136 eloti
859 2080 975 2138 laetitia
992 2081 1057 2138 iore
1074 2080 1121 2151 -]
1147 2080 1216 2139 Non

60 2165 134 2225 nego
153 2153 331 2228 ingeniosam
350 2171 408 2206 esse
425 2153 552 2206 Bentleii
570 2154 777 2219 coniecturam,
802 2155 851 2207 sed
868 2160 942 2229 nego
961 2154 1134 2208 Ciceronem
1155 2170 1217 2212 estc

60 2223 276 2298 corrigendum,
296 2224 320 2277 si
339 2225 518 2295 optimorum
535 2224 679 2287 librorum
697 2225 825 2296 scriptio,
844 2225 1025 2296 paucissimis
1045 2220 1216 2294 immulatio,
1249 2287 1250 2291 Ἰ

60 2295 237 2347 commodam
255 2295 373 2364 praebet
400 2296 587 2351 sententiain.·
619 2296 774 2349 Librorum
800 2304 898 2349 nutem
924 2296 1044 2366 scriptio
1065 2297 1138 2352 haec
1152 2305 1214 2352 ests

58 2366 129 2438 Reg.
150 2366 226 2417 Pith.
247 2367 322 2419 Gud.
343 2372 367 2421 Ι.
395 2374 422 2420 et
446 2373 475 2420 ut
501 2365 587 2420 nimis
609 2368 742 2433 afflictio
770 2368 907 2433 molestia,
933 2367 977 2422 εἰσ
993 2367 1130 2423 animle
1145 2367 1218 2440 cleti

59 2435 181 2500 laetitia,
200 2437 257 2489 duo
276 2437 347 2493 Pell.
366 2439 428 2490 Vat.
449 2437 523 2493 Gud.
543 2437 641 2490 Guisb.
663 2438 762 2491 eodem
779 2439 873 2508 modo,
898 2438 948 2491 sed
966 2439 1057 2492 animi
1078 2454 1134 2510 pro
1151 2440 1222 2495 εἰεί-ι·

57 2508 126 2570 σιίες
145 2506 217 2562 Gud.
237 2510 263 2560 2.
285 2515 321 2560 ut
340 2514 371 2561 et
384 2508 475 2561 nimis
493 2507 611 2573 afflictio
629 2508 770 2575 molestia,
789 2508 833 2562 εἰσ
844 2507 961 2563 ‘animi
979 2509 1061 2576 eloti,
1074 2511 1168 2564 'Berne
1180 2516 1215 2566 “el

59 2579 194 2631 eet-nimis
211 2580 318 2644 afflicti
335 2579 465 2634 molestia
488 2589 517 2632 et
541 2581 582 2631 sic
607 2581 694 2632 etiem
713 2581 787 2633 Mon.
809 2581 832 2630 l.
852 2583 879 2635 2.
908 2580 1016 2650 quiin
1039 2581 1118 2652 scq'q.
1142 2582 1215 2636 item

57 2648 165 2702 habent
184 2650 224 2702 εἰσ
242 2650 375 2715 anime}
393 2650 467 2725 Aug.
488 2657 515 2702 et
533 2657 563 2703 ot
581 2649 667 2703 nimir
685 2650 851 2717 afflictio
869 2652 1045 2718 εεεοίεεία,’
1067 2656 1110 2708 εἰσ
1126 2653 1215 2708 enimi

58 2719 139 2782 eloti,
158 2720 231 2776 Gnd.
252 2729 280 2774 et
297 2728 330 2775 ut
349 2723 433 2776 nimie
450 2721 524 2788 affl
531 2721 623 2776 ictio
646 2721 771 2786 ecclisia,
799 2724 843 2776 εἰσ
859 2723 890 2779 ἴε
907 2723 975 2777 eloti
1001 2723 1114 2777 laetitia
1137 2725 1214 2778 iudi-

57 2797 157 2843 cantur
176 2791 247 2845 leves
264 2793 332 2846 iore.
354 2793 440 2846 Marb.
461 2800 486 2845 et
504 2791 639 2846 cissimis
658 2793 810 2860 afflicto
827 2795 965 2859 molestia,
984 2793 1028 2847 εἰσ
1045 2791 1130 2848 nimis
1144 2792 1214 2850 eloti

57 2861 167 2915 laetitia
186 2863 249 2916 iure
268 2865 288 2916 d
295 2865 441 2918 icorstor
458 2867 539 2920 Ιεσεε.
577 2862 660 2916 Solus
679 2863 748 2917 (lod.
775 2865 859 2920 Vind.
881 2868 904 2919 l.
932 2863 1020 2918 habet
1045 2867 1211 2920 Ιευεενεε.

55 2932 184 2986 Bentleii
203 2928 440 2998 emendationem,
461 2952 533 3004 quac
552 2943 595 2987 est
613 2935 644 2986 in
662 2938 767 3004 annot‘
778 2934 1006 3008 Davisii‚'nemo
1024 2943 1116 2990 totam
1133 2948 1215 3004 rece-³

55 3004 110 3072 pit.
147 3005 294 3058 Dederunt
308 3006 407 3072 Wolf.
426 3004 511 3058 Schz.
532 3013 561 3059 et
581 3007 627 3060 Or.
647 3010 721 3058 εἰεί
738 3006 824 3060 nimie
840 3005 989 3074 afflicti
1005 3007 1140 3075 molles,
1160 3008 1214 3062 εἰσ

56 3072 143 3128 nimie
161 3076 229 3128 eloti
255 3107 287 3120 -
313 3077 377 3152 Ego
395 3086 465 3129 vero
488 3076 663 3132 cnmvNobb.
692 3083 722 3129 et
738 3077 811 3130 Tbn.
839 3086 952 3132 secutus
976 3093 1038 3129 sum
1056 3077 1213 3133 lectionem

55 3146 129 3211 Edd.
151 3148 335 3217 reliquarum
364 3147 505 3211 omnium,
533 3146 610 3216 quod
637 3146 671 3199 ad
693 3156 806 3218 partem
830 3149 975 3218 priorem:
1004 3148 1035 3200 in
1053 3150 1214 3220 posteriore
1264 3205 1267 3212 ,

55 3215 167 3269 habent·
181 3219 273 3272 'onitas'
296 3220 368 3272 eloti
393 3220 421 3270 Ρ.
448 3216 536 3270 A.·B.
566 3214 596 3272 S.
615 3217 650 3270 B.
681 3219 711 3270 0.
741 3219 774 3269 V.
803 3221 873 3272 Ven.
902 3227 991 3271 nostr.
1016 3221 1085 3273 liob.
1108 3217 1212 3291 Steph-

55 3289 120 3340 Asc.
144 3293 167 3344 l.
187 3293 214 3344 2.
234 3291 316 3346 Junt.
336 3289 458 3344 HWoli.
479 3287 567 3342 Goth.
600 3289 635 3343 ln
653 3290 706 3343 Ed.
733 3289 805 3342 hall.
834 3298 985 3360 receptum
1011 3299 1054 3343 est
1076 3300 1118 3344 ex*
1139 3293 1210 3366 Reg.

55 3358 171 3412 εηίεηίε.
209 3362 342 3414 Klotzius
360 3359 475 3431 quoque
493 3360 513 3412 l.
534 3376 560 3413 c.
578 3378 607 3432 p.
630 3363 681 3416 lld
699 3376 741 3430 sq.
766 3369 908 3414 servatam
931 3360 997 3412 vult
1024 3379 1087 3414 eam
1110 3361 1214 3416 lectio·

55 3442 142 3494 nem‚·
162 3448 336 3502 quamquam
359 3426 491 3485 concedit
519 3448 578 3485 esse
606 3431 639 3482 in
662 3431 797 3497 Bentleii,
828 3431 899 3484 Dav.
924 3429 1040 3497 Wolfii
1067 3431 1154 3488 Schz.
1180 3442 1212 3488 ot

56 3501 160 3554 Orellii
178 3504 336 3573 scriptione
354 3504 544 3573 permultum,
573 3518 629 3572 quo
647 3518 681 3555 ea
699 3504 728 3555 σε
753 3503 943 3567 commendet,
965 3503 1088 3556 'verbum
1111 3504 1212 3559 molles

54 3572 186 3641 apprime
205 3574 287 3627 adh.
307 3576 328 3626 l.
349 3587 408 3627 esse
427 3583 535 3644 aptum,
561 3588 655 3643 neque
678 3573 807 3631 multum
824 3591 841 3626 ε
856 3574 998 3626 librorum
1016 3575 1147 3649 vestigiis
1165 3593 1211 3631 re-

54 3643 166 3696 cedere.
205 3645 260 3698 Sed
272 3661 344 3697 cum
363 3645 394 3695 in
413 3646 504 3699 altera
522 3643 734 3698 'enunciationis
751 3653 834 3715 porte
852 3646 965 3698 dicatur
980 3643 1024 3698 εἰσ
1040 3645 1128 3700 nimie
1144 3645 1212 3701 eloll

54 3714 211 3777 laetitia
229 3715 471 3768 descenderetur
488 3710 570 3781 leuce,
599 3725 638 3779 et,
665 3716 691 3769 si
711 3715 801 3768 'illem
826 3715 1022 3769 coniecturam
1096 3734 1212 3785 mmor,
1264 3775 1265 3780 χ
1331 3743 1340 3764 s

53 3783 130 3836 illud
147 3786 249 3853 afflicti
267 3786 384 3839 nomine
401 3787 577 3845 substantivo
595 3787 730 3850 videatur
747 3803 805 3840 esse
823 3787 1001 3852 destitutum,
1027 3805 1067 3858 qn
1122 3803 1211 3861 oppo-

53 3855 160 3908 sitione
175 3857 206 3908 in
224 3857 317 3909 altera
335 3856 388 3910 illa
404 3866 489 3927 parte
505 3858 561 3925 (εἰσ
581 3857 667 3912 εείεεείε
694 3859 764 3911 eloti
780 3856 1089 3922 loetiliolneeesserio
1113 3869 1212 3930 postu-

52 3925 149 3987 letur;
169 3943 198 3979 se
216 3926 371 3996 aliquando
390 3928 545 3982 coniecisse
564 3929 619 3982 ait:
648 3935 677 3982 et
695 3935 727 3982 ut
744 3929 855 3983 εείηείε
873 3929 1018 3996 afflicti
1039 3930 1211 3986 molestie

52 3995 197 4062 molles,
225 3997 267 4051 εἰσ
293 3996 403 4052 nimie
431 4001 521 4055 el-als'
545 3998 698 4066 laetitio
721 4001 785 4054 iure
806 4000 973 4054 iudicantes·
993 3999 1096 4056 leves.
1133 4001 1211 4056 Tum

53 4067 172 4137 quidem
191 4084 276 4121 nemo
298 4068 434 4123 haereret
459 4078 489 4122 et
507 4069 621 4144 singula
646 4086 777 4140 quaeque
797 4071 886 4126 verba
908 4071 1048 4124 haberent
1071 4072 1147 4142 quod
1165 4074 1210 4127 eit

51 4138 260 4208 responderet
293 4139 349 4194 Sed
373 4157 439 4193 corn
469 4140 613 4194 librorum
643 4142 763 4212 scriptio
795 4142 905 4213 optime
934 4143 1025 4212 possit
1056 4144 1209 4214 explicari,

52 4226 175 4280 cumque
196 4211 312 4264 levitati
339 4228 452 4282 semper
478 4210 608 4282 opposita
634 4229 695 4267 esse
721 4211 810 4265 soleat
836 4214 972 4287 gravitas,
996 4221 1085 4284 utque
1111 4215 1208 4289 gravis

51 4288 148 4334 eutem
167 4283 215 4336 vir
237 4301 283 4337 res
301 4283 432 4337 adversas
450 4284 598 4338 moderate
616 4284 686 4350 lert,
715 4283 757 4336 sie
774 4283 848 4337 levis
869 4283 956 4337 homo
979 4284 1106 4340 adversis
1124 4283 1209 4338 rebus

51 4348 175 4426 deponat
192 4371 273 4426 spem
290 4354 399 4440 fletque
416 4354 530 4423 mollite
548 4365 687 4441 apparere
704 4353 756 4420 ait,
776 4363 875 4410 nostro
884 4352 1034 4415 Ciceronis
1052 4354 1116 4409 loeo
1134 4353 1208 4408 ἰεσεε

51 4423 85 4478 ad
103 4430 257 4496 utromque
279 4435 429 4498 pertinere
458 4425 714 4496 enuntiationem
729 4425 804 4483 dicit
829 4427 911 4483 enim
928 4426 1030 4499 (licere
1045 4427 1093 4483 de
1108 4424 1163 4483 (lli.
1182 4425 1225 4481 lo·
1254 4430 1257 4436 '
