2858 5062
163 280 227 349 arn
371 274 603 342 monronis
624 273 874 345 roscomn.
892 235 1130 342 'unrocum

124 442 666 509 1ι·οιιιιιιιιιιιιιίὶιιιιιιιιιιιιιιὶιίιιι
696 462 833 508 noscens
860 455 895 509 et
916 442 1015 506 modo
1036 443 1215 518 exsistens,
1246 460 1331 525 qnae

165 520 319 615 θύμωσις
344 526 473 590 Graece
504 525 648 593 dicitur:
678 526 795 605 odisn,
826 528 880 589 irs
900 528 1103 592 inveterata:
1138 527 1330 606 inimicitis,

164 717 275 769 occasio
298 715 398 770 mendi
423 715 554 780 tonatur,
580 715 706 775 recitare
731 715 826 767 visum
853 722 909 766 est.
942 721 1009 766 sunt
1032 721 1128 769 sutem
1156 711 1233 768 heec
1256 712 1330 785 epod

165 787 328 841 Laertinm:
348 789 416 857 seyr)
436 785 467 838 dd
485 784 617 854 ἐπιθυμία
634 791 765 855 τιμωρίας
782 785 831 840 τοῦ
840 785 989 846 δοκοῦντος
1006 782 1171 852 ἠδικηκέναι,
1192 784 1228 840 οὖ
1247 805 1329 856 προς-

165 857 317 927 ηκόνιως.“
336 858 366 912 Ρ.
388 859 497 912 Manen.
534 858 579 910 Ex
598 858 702 910 nostris
721 857 803 910 libris
823 858 920 910 nullus
940 856 1051 908 omittit
1070 855 1192 911 iniuria.
1231 860 1294 913 Mr.

237 928 468 984 excandescentia
486 933 578 981 nutem
595 927 635 981 sit
654 927 702 981 ira
722 944 836 982 remens
862 934 888 981 et
906 927 987 981 modo
1006 926 1154 995 exsistens,
1183 945 1258 1000 pune
1280 934 1330 985 θύ-

165 1018 253 1068 μωσις
279 999 385 1055 Graece
408 998 549 1067 dicdum]
586 999 852 1066 „Excandeseents'c
880 999 955 1072 apud
978 999 1128 1051 Lairtium
1160 1009 1204 1053 est
1229 1002 1327 1069 θυμός.
1372 1051 1375 1058 ,

166 1074 266 1142 Itaque
293 1070 435 1128 Manutius
461 1066 551 1124 edidit
575 1085 645 1141 quoe
662 1071 751 1134 θυμὸς
775 1071 882 1125 Graece
906 1069 1024 1125 dicitnr:
1052 1070 1083 1122 in
1106 1088 1194 1124 :nanu
1218 1074 1328 1147 scripto

166 1152 208 1196 est
227 1135 363 1210 θύμωσις.
390 1142 482 1208 θυμὸς
499 1149 595 1195 autem
614 1141 719 1195 Stoicis
738 1152 780 1196 est
798 1144 865 1215 ὀργὴ
889 1138 1045 1211 delentes:
1074 1143 1211 1196 mendose
1236 1145 1329 1219 igitur

165 1214 198 1266 in
216 1213 307 1267 Nonii
326 1212 438 1287 legitur
456 1213 538 1265 libris
556 1211 605 1266 s'rc
622 1229 750 1280 noscens,
768 1220 796 1268 et
813 1216 872 1269 sine
891 1213 971 1266 medo
990 1215 1118 1267 existens.
1140 1215 1238 1281 Μηνις
1255 1215 1328 1287 apud

166 1286 315 1339 La's'rtiuin
340 1284 480 1338 definitur
506 1284 575 1356 ὀργὴ
601 1285 812 1351 πεπαλαιωμένη
838 1286 884 1337 καὶ
913 1283 1049 1350 intactos,
1082 1283 1257 1357 ἐπιτηρητικὴ
1287 1288 1325 1341 di.

124 1356 133 1365 ”
166 1356 248 1409 Unde
267 1355 368 1409 Cicero
395 1353 457 1408 odii
480 1362 511 1408 et
528 1354 697 1411 inimicitiae
720 1355 903 1410 definitiones
928 1356 1078 1427 sumpsisse
1103 1357 1256 1411 videtur.“
1278 1360 1325 1418 Fr.

167 1426 252 1485 Febr.
289 1426 390 1493 „Quid
408 1423 550 1479 differunt
569 1441 684 1481 nascens
704 1435 732 1480 et
750 1426 893 1481 existens?
912 1443 1006 1502 nugae
1024 1443 1140 1480 merae·
1159 1430 1326 1506 Legendum

168 1515 204 1551 ex
222 1496 329 1552 duobus
347 1497 417 1551 Pell.
437 1498 592 1568 postremis
609 1504 636 1550 et
655 1498 737 1552 :nodo
756 1499 904 1562 desistens,
923 1497 979 1550 hoc
998 1505 1049 1563 est,
1069 1499 1128 1552 cito
1148 1500 1325 1567 decrescens,

168 1586 354 1623 evanescens:
373 1576 407 1621 ut
425 1565 528 1621 inillo
545 1570 600 1621 Pro
623 1569 705 1623 ertii:
723 1568 782 1622 Nec
800 1569 855 1622 cito
874 1567 987 1634 desisto,
1006 1585 1056 1622 nec
1072 1574 1175 1631 temere
1189 1573 1326 1644 incipiof‘

167 1636 248 1695 cett.
269 1638 410 1708 [Propert.
430 1638 468 1692 11.
488 1641 532 1695 2⁰.
552 1586 662 1705 dns-
683 1640 749 1714 God.
770 1640 857 1693 Marb.
877 1639 927 1707 fet
946 1639 1003 1692 ἕνα.
1023 1641 1085 1693 Asc.
1105 1642 1132 1697 2.
1151 1642 1241 1705 habet
1260 1663 1325 1698 cum

167 1710 300 1766 Cratand.
321 1712 368 1765 iro
385 1710 481 1777 :nodo
501 1725 624 1764 noscens.
643 1711 725 1766 Unus
743 1713 793 1765 01.
813 1711 923 1764 omittit
942 1718 1042 1765 antem.
1064 1714 1163 1789 Pergit
1182 1714 1237 1767 Ed.
1256 1717 1325 1770 Ven.

167 1790 256 1837 nostr.
277 1797 316 1834 es
334 1780 468 1835 modico
489 1780 611 1835 existens
631 1798 698 1834 cum
715 1782 768 1836 Ed
787 1782 822 1835 Α.
840 1783 951 1846 Erasm.
971 1783 1003 1834 iu
1029 1801 1120 1860 marg.
1139 1784 1241 1839 hebet:
1269 1788 1327 1840 ior·

166 1863 240 1908 tasse
258 1853 316 1926 leg.
335 1866 413 1906 mcc
432 1851 588 1919 desisteres,
608 1859 638 1905 st
655 1854 697 1906 sic
715 1868 778 1906 mar
799 1892 805 1905 .
826 1852 883 1906 MS.
903 1853 967 1906 Asc.
988 1860 1101 1907 nostrae
1119 1857 1146 1911 2.
1183 1854 1263 1911 Haec
1280 1876 1327 1911 su·

167 1934 229 1980 tem
248 1942 315 1978 cuin
332 1925 413 1977 Juut.
433 1924 497 1976 Asc.
518 1927 543 1979 l.
563 1925 593 1976 Ρ.
611 1922 642 1976 B.
663 1924 693 1978 S.
712 1924 747 1976 Ε.
791 1963 798 1976 .
819 1923 926 1976 duobos
946 1925 1032 1977 Codd.
1047 1924 1116 1978 Osx.
1128 1926 1202 2002 Aug.
1212 1931 1288 1981 Mon.
1297 1931 1326 1984 2.

167 1997 249 2057 modo
267 1994 422 2049 desistens.
454 1996 522 2048 Non
540 2011 599 2048 esse
617 1995 693 2049 idem
718 2010 834 2048 sumens
858 2003 887 2048 et
911 1995 1049 2049 exsistens
1067 1996 1180 2061 (centn
1197 1998 1328 2052 Gebhar-

168 2064 259 2134 dum,)
277 2075 377 2120 monet
385 2066 455 2119 Dav.
472 2065 590 2118 laudens
607 2082 686 2118 susm
705 2075 802 2119 annot.
822 2065 857 2119 sd
875 2066 934 2120 Cic.
955 2066 989 2120 de
1007 2066 1072 2119 Div.
1093 2069 1115 2122 1.
1134 2069 1177 2127 28.
1196 2068 1244 2122 nbi
1263 2070 1323 2124 vid.

169 2136 260 2196 nostr.
279 2138 323 2193 ed
341 2155 370 2208 p·
391 2139 452 2195 1⁴1.
489 2136 572 2190 Solus
590 2139 666 2190 Mon.
687 2140 710 2192 l.
730 2137 817 2190 habet
835 2137 917 2189 modo
936 2140 1050 2193 sistens.
1088 2139 1145 2193 Mr.

239 2211 286 2264 irc
305 2224 421 2263 nessens
439 2213 465 2260 et
482 2207 563 2261 mode
582 2206 731 2274 exsistens]
768 2207 936 2261 Gebhardus
960 2226 995 2263 ex
1022 2209 1126 2263 duobus
1142 2208 1211 2263 ran.
1230 2209 1326 2263 tiden-

169 2293 217 2337 ter
240 2280 324 2355 legit,
353 2286 381 2333 et
403 2278 483 2331 mods
508 2278 653 2344 desistens,
679 2279 755 2349 quod
779 2279 838 2331 cito
863 2279 1046 2333 decrescendi
1071 2280 1122 2334 vei
1138 2283 1327 2336 evanescendi

102 2356 107 2369 “
169 2370 255 2407 sensu
271 2367 308 2402 ne
326 2349 463 2401 Latinum
482 2348 604 2417 quidem-
618 2357 669 2402 est.
707 2350 768 2403 Hoc
785 2349 861 2402 vidit
878 2349 943 2404 Des.
965 2350 1110 2417 Erasmus,
1135 2352 1217 2412 cuius
1236 2354 1328 2407 editio

169 2440 236 2476 cum
253 2436 323 2491 prae
342 2437 371 2473 se
390 2420 482 2473 ferret
500 2421 581 2474 mode
599 2419 747 2488 desistens,
775 2422 800 2473 is
825 2423 1022 2491 reponendum
1044 2423 1170 2479 coniecit
1185 2440 1264 2477 'mos
1282 2426 1329 2479 de·

168 2494 279 2548 sistens.
318 2489 374 2545 Sed
390 2507 445 2544 nec
463 2508 495 2544 ea
513 2492 609 2563 placet
628 2493 798 2558 emendatio,
815 2510 882 2544 nam
901 2494 1005 2547 Graeci
1023 2493 1179 2565 scriptores
1197 2496 1263 2549 s'rse
1281 2499 1329 2550 de·

170 2562 305 2628 sinentis,
323 2563 349 2614 si
368 2562 509 2646 iss,lopui
528 2562 609 2628 licet,
626 2562 703 2616 haud
720 2564 813 2616 ullam
832 2563 944 2616 iaciunt
961 2565 1016 2617 hac
1034 2566 1066 2616 in
1084 2582 1117 2620 re
1131 2568 1327 2633 mentionem:

170 2634 407 2690 excandescentia
426 2650 513 2699 enim,
533 2650 605 2702 quae
624 2634 758 2687 Ciceroni
776 2636 898 2701 θύμωσις
916 2644 967 2701 est,
992 2635 1168 2703 Andronico,
1195 2637 1249 2691 Dio
1287 2640 1327 2705 ni,

171 2708 291 2762 stobaeo
307 2705 407 2773 θυμὸς,
426 2704 459 2757 sb
478 2702 513 2756 iis
532 2704 671 2757 definitur
687 2704 756 2775 ὀργὴ
780 2703 924 2778 ἀρχομένη
945 2707 996 2760 vel
1021 2706 1127 2776 ἐναρχο
1151 2710 1210 2776 ἔνη.
1269 2726 1329 2763 rae-

170 2788 251 2833 terea
267 2777 379 2830 Nonius
398 2776 429 2826 in
448 2775 677 2829 excandescentia
695 2776 793 2829 locum
812 2776 854 2829 sic
872 2780 1000 2848 profert:
1028 2795 1116 2832 escon
1138 2781 1260 2835 essentis
1278 2797 1328 2839 (ιιι.-

171 2857 225 2903 tem
243 2852 285 2901 est
302 2847 350 2899 irc
368 2861 483 2900 noscens
501 2851 528 2899 et
546 2846 608 2899 sine
625 2847 707 2900 modo
726 2847 865 2903 existens:
891 2849 959 2902 adeo
977 2857 1012 2901 ut
1029 2858 1112 2904 vetus
1130 2850 1185 2904 ille
1204 2842 1328 2924 scriptor

170 2927 317 2988 receptans
335 2924 453 2970 tueatur
470 2917 502 2969 in
519 2917 624 2969 ultima
640 2934 711 2971 voce
730 2918 894 2984 lectionem,
920 2921 1050 2990 quamvis
1068 2921 1143 2993 apud
1162 2938 1231 2977 eum
1245 2938 1326 2993 pm·

168 2989 276 3059 positio
300 2987 338 3040 sit
363 3004 379 3040 s
402 2983 541 3041 bibrariis
565 2988 700 3041 infercta.
737 2990 848 3042 Revera
872 2989 949 3043 nihil
969 2991 1020 3044 hic
1047 3001 1089 3045 est
1118 2993 1323 3047 innovandum:

171 3059 295 3115 existens
318 3058 396 3112 enim
419 3068 462 3112 est
486 3076 625 3130 apparens
650 3068 680 3114 et
702 3069 793 3114 semet
810 3061 969 3116 ostendens.
1006 3061 1081 3117 Vide
1105 3079 1157 3119 nos
1181 3065 1218 3119 ad
1233 3066 1286 3119 tio.
1302 3064 1326 3118 l.

171 3132 207 3188 de
224 3131 323 3191 Divin.
343 3147 403 3202 cap.
422 3133 466 3189 28.
504 3130 540 3185 D.
1329 3180 1333 3184 .

242 3201 416 3272 θύμωσις]
451 3200 534 3255 Haud
556 3201 714 3266 immerito,
739 3219 806 3255 cum
828 3200 899 3267 olibi
924 3219 981 3256 non
1004 3201 1130 3281 legatur,
1164 3215 1329 3276 suspectum

171 3282 235 3329 erat
260 3274 317 3328 hoc
345 3274 515 3328 vocobulum
542 3273 669 3328 Henrico
697 3273 841 3345 Stephano
875 3272 906 3325 in
936 3274 1082 3328 Thesauro
1107 3276 1140 3328 L.
1167 3278 1220 3333 Gr.
1245 3278 1281 3330 Τ.
1305 3279 1327 3332 1.

76 3390 79 3397 .
171 3365 200 3417 p.
222 3348 301 3411 1⁵9⁷,
318 3345 369 3397 ubi
387 3345 506 3397 coniicit
523 3345 577 3396 Vir
594 3343 773 3397 doctissimus
790 3361 806 3396 s
824 3343 964 3398 Cicerone
990 3348 1131 3416 scripturn
1151 3364 1211 3403 esse
1227 3349 1329 3415 θυμός,

213 3433 230 3468 o
247 3417 291 3466 usi
310 3423 378 3467 sunt
396 3414 488 3468 Stoici
506 3415 538 3466 in
555 3414 635 3467 hisce
655 3414 870 3468 definitionibus
894 3434 910 3467 a
928 3416 1067 3470 Cicerone
1094 3419 1184 3473 latine
1205 3430 1330 3471 conver-

172 3505 221 3540 sss.
254 3484 318 3537 vid.
347 3485 461 3538 stobaei
484 3485 606 3561 Eclcgg.
630 3502 659 3556 p.
685 3486 767 3541 1⁷6ss
793 3483 883 3542 Bonis.
925 3487 1098 3556 „Displicet
1118 3507 1175 3544 vox
1199 3491 1329 3556 θύμωσις

171 3557 202 3610 h.
222 3557 242 3610 l.
267 3555 410 3628 stephano
433 3556 465 3608 in
487 3556 572 3610 Thes.
598 3557 648 3610 Gr.
676 3558 709 3609 L.
729 3557 976 3628 Valckenarioque
1003 3558 1034 3611 in
1056 3560 1098 3611 Fr
1135 3579 1203 3613 mm.
1222 3562 1327 3632 Euripi

172 3646 201 3700 p·
219 3631 286 3687 ²31:
314 3629 366 3698 qui
383 3628 444 3703 legi
462 3627 528 3680 vult
545 3630 641 3693 θυμός.
669 3628 717 3681 sed
742 3628 783 3680 ita
801 3637 830 3681 et
848 3629 1003 3713 legendum
1023 3629 1103 3701 qni.“
1146 3648 1192 3686 ιιι.
1228 3633 1329 3698 „Mihi

172 3701 290 3754 videtur
307 3699 519 3770 Chrysippeum
536 3698 705 3753 vocabulum
717 3702 857 3767 sirinnan:
887 3701 949 3754 ideo
976 3711 1124 3767 novatum,
1152 3720 1189 3757 ne
1208 3708 1330 3758 coniun-

173 3770 292 3824 deretur
301 3768 373 3822 haec
385 3769 625 3829 excandescentioe
643 3771 722 3823 notio
741 3788 808 3823 cum
822 3775 905 3838 θυμῷ
913 3773 1070 3827 Platonis.“
1089 3772 1140 3827 Or.
1153 3776 1243 3828 Recte
1254 3777 1327 3829 Ern-

174 3840 214 3907 et',
234 3843 280 3895 Or.
318 3841 420 3909 Neque
446 3856 512 3892 cnm
529 3841 642 3896 Wolfio
666 3842 762 3894 facere
780 3860 904 3914 possum,
931 3845 962 3896 in
980 3843 1086 3899 scholis
1110 3854 1260 3913 monente,
1287 3847 1330 3900 vi·

174 3913 237 3964 deri
255 3910 405 3995 vulgatam
422 3910 576 3964 lectionem
594 3929 712 3983 pravam
731 3913 918 3967 librariorum
936 3918 1158 3981 correctionem,
1177 3919 1229 3987 qui
1248 3916 1285 3972 ad
1301 3936 1330 3970 v.

175 3998 243 4050 quoe
259 3982 434 4035 femininum
452 3980 593 4057 effingere
610 3983 730 4039 vellent.
758 3985 895 4038 Ceterum
912 3988 1027 4070 peccari
1045 3989 1124 4040 varie
1143 3989 1174 4040 in
1192 3990 1331 4042 vocabulo

175 4063 235 4107 tem
254 4070 320 4107 raro
340 4069 429 4127 eoque
448 4069 551 4129 graeco
570 4071 632 4108 non.
647 4055 804 4110 miraberis.
841 4057 894 4109 Est
912 4077 944 4110 ιιι
962 4058 1049 4116 Msrb.
1069 4058 1191 4128 eyneis
1216 4072 1331 4129 graece,

175 4126 225 4178 ubi
243 4126 292 4178 vix
311 4143 480 4201 graecarum
498 4124 651 4179 literarum
668 4128 790 4202 vestigia
808 4147 823 4180 a
844 4129 944 4193 noscis,
968 4149 1036 4197 quas
1054 4130 1210 4185 monachus
1229 4131 1333 4185 latinas

175 4205 278 4269 putans
297 4214 357 4252 esse
371 4195 508 4261 fideliter,
527 4206 562 4250 ut
579 4198 633 4250 sibi
650 4198 809 4265 videbatur,
824 4146 967 4270 iepinxit.
988 4202 1060 4326 Aug.
1079 4211 1214 4276 graecam
1230 4220 1333 4257 rocem

100 4298 105 4312 ι
176 4270 286 4322 oinittit
304 4286 372 4323 cum
389 4271 464 4322 Mon.
473 4271 499 4323 2.
519 4270 647 4339 quinque
656 4270 726 4323 On.
744 4271 834 4342 spatio
850 4271 965 4329 relicto.
985 4270 1031 4326 Gu
1052 4277 1093 4330 ἃ.
1109 4272 1195 4326 hebet
1206 4274 1246 4326 θύ
1270 4289 1335 4336 nore

176 4356 242 4393 cum
260 4341 323 4394 Asc.
344 4340 463 4396 nond.
491 4339 555 4406 (hac
579 4341 610 4392 in
628 4358 660 4403 re
678 4342 766 4395 Marb.
785 4343 898 4417 similis)
922 4344 1064 4414 oyoctit
1082 4345 1196 4399 Graece.
1233 4294 1333 4415 diuisi).

175 4411 301 4468 oidiccs'c
310 4411 426 4470 Genese.
445 4407 535 4482 rupi,
543 4412 629 4468 nimis
637 4409 740 4482 cupide
748 4413 800 4472 W.
815 4414 953 4473 iunodr.
964 4425 993 4471 et
1001 4414 1028 4473 3.
1047 4415 1102 4471 nd.
1112 4418 1141 4476 P.
1152 4431 1248 4480 soors.
1267 4418 1329 4474 Mr.
