2842 5070
560 277 843 383 natanta
1085 288 1088 293 ¹
1232 268 1313 348 ιι

125 453 189 522 cst,
208 430 328 526 quarta
349 445 459 507 virtus
482 450 520 503 ut
539 443 585 504 sit
605 443 677 522 ipsa
698 443 880 535 frugalitas.
919 443 999 505 Eius
1025 446 1113 506 anim
1135 445 1273 510 videtur

123 657 188 718 post
211 647 282 700 haec
305 646 392 699 verba
413 652 628 716 repraesentant
654 660 765 698 neaerae
792 652 860 698 erte
878 654 907 697 at
935 662 1034 699 eorum
1061 647 1091 698 in
1110 648 1187 701 MSS.
1218 669 1272 704 nec

123 720 189 771 vola
206 736 262 770 neo
277 718 444 790 vestigium,
470 725 499 769 et
517 735 533 768 a
550 717 645 767 sciolis
669 718 789 768 fuerunt
807 717 925 781 adiecta,
954 718 1030 785 quod
1047 719 1100 770 illo
1129 720 1211 772 inodo
1229 722 1273 772 vi·

124 790 215 842 tiosus
232 789 316 843 hicce
335 788 414 840 loeus
433 787 525 839 sanari
543 804 623 857 posse
639 786 821 840 videbatur.“
857 787 979 852 „Verba
1000 804 1110 841 necesse
1138 796 1180 841 eat
1206 799 1274 842 sunt

125 860 243 927 quidem
263 859 294 908 in
312 876 375 910 mea
392 857 444 909 Ed.
464 866 521 910 vet.
541 875 594 910 nec
612 874 681 910 vero
700 857 731 908 in
749 857 834 910 Godd.
854 857 931 910 lass.
968 859 1049 912 Unus
1066 858 1147 912 Leid.
1172 859 1272 913 habet:

124 929 234 996 reliqna
252 927 343 994 igitur
361 934 470 997 quarta.
491 956 524 994 .-
536 955 538 959 ν
550 928 850 997 Equidem'coniicio:
875 927 1047 997 relinquitur
1070 934 1102 981 'nt
1125 936 1152 982 et
1171 938 1273 999 quarta

124 1000 219 1052 virtue
236 999 276 1051 eit
293 994 356 1066 ipsit
374 999 540 1066 frugalitas.
579 999 727 1052 Sententia
743 999 802 1052 loci
820 999 946 1052 nondum
972 1001 1040 1052 satis
1063 1000 1138 1051 mihi
1157 1001 1275 1053 videtur

125 1071 160 1122 ab
178 1070 333 1122 editoribus
358 1079 517 1140 perspecta.
559 1071 652 1122 Erant
673 1070 849 1140 philosophi,
878 1071 939 1138 qui,
967 1089 1053 1123 unam
1072 1071 1188 1140 quidem
1206 1088 1275 1142 pro-

122 1139 188 1209 prie
215 1157 272 1192 esse
290 1141 431 1194 virtutem
449 1142 597 1206 dicentes,¹
613 1141 674 1193 eius
692 1148 788 1194 tamen
808 1149 930 1209 quatuor
947 1143 1028 1210 quasi
1051 1151 1147 1211 partes
1165 1143 1273 1212 prima·

124 1210 180 1264 rias
191 1212 397 1276 essedicerent,
417 1211 610 1281 prudentiam,
630 1212 780 1275 iustitiam,
799 1211 1011 1277 fortitudinem,
1030 1213 1270 1281 temperantiam:

124 1298 194 1350 quos
212 1283 345 1351 sequitur
362 1283 421 1335 cto.
441 1283 476 1335 de
493 1283 607 1334 lavent.
628 1284 666 1336 11.
687 1285 729 1337 53.
767 1284 829 1335 Iam
847 1299 914 1335 cum
932 1283 1064 1336 docuerit
1081 1292 1140 1335 tres
1159 1284 1272 1353 priores

123 1353 268 1405 contineri
297 1354 328 1404 in
352 1354 531 1426 frugalitate,
564 1353 652 1421 addit,
680 1353 757 1405 nihil
784 1354 842 1405 iam
869 1363 977 1407 restare
1010 1355 1271 1420 demonstrandum,

124 1441 210 1492 quam
232 1423 336 1479 ,eidem
360 1425 447 1476 ctiam
471 1431 603 1491 quartam
626 1424 779 1489 contineri,
806 1442 891 1493 quam
918 1441 976 1477 non
1000 1425 1127 1494 appellat
1145 1425 1271 1488 nomine,

123 1510 294 1563 quamvero
314 1511 372 1546 esse
388 1496 611 1563 temperantiam
629 1513 664 1546 ex
683 1495 743 1546 eius
768 1495 961 1564 descriptione
988 1505 1075 1564 patet.
1112 1494 1274 1547 Dubitatio-

123 1582 191 1617 nem
214 1566 323 1618 tollunt
350 1581 390 1629 ea,
420 1582 491 1635 quae
516 1565 589 1618 dicit
615 1566 692 1616 infra
711 1577 735 1616 c.
757 1569 803 1619 17:
844 1564 1114 1633 Temperantia,
1143 1581 1213 1633 qnae
1232 1571 1274 1616 eat

122 1636 220 1758 {adeps
234 1634 400 1699 moderatio,
427 1650 505 1688 ame
523 1635 634 1703 quidem
656 1636 752 1702 pantio
770 1642 833 1687 ante
860 1637 1004 1707 apretiata
1030 1634 1273 1702 frugalitae.“

151 1721 184 1758 oa
206 1721 258 1758 ter.
896 1746 898 1750 Α

194 1792 351 1861 Reliquum
368 1791 460 1858 igitar
479 1800 530 1856 est,
549 1797 651 1859 quarta
669 1791 762 1844 oirtna
780 1797 812 1843 at
829 1791 869 1843 eit
886 1791 951 1858 ipra
968 1788 1138 1860 frugalitate]
1170 1792 1194 1841 V
1246 1808 1272 1857 o,

124 1862 239 1932 reliqua
257 1862 399 1928 igitnr'et
416 1866 516 1927 quarta
533 1862 627 1914 cirtae
643 1868 674 1913 ut
692 1861 732 1914 eit
750 1860 813 1928 ipen
831 1862 1005 1929 frugalitae;
1021 1864 1098 1914 unde
1117 1861 1192 1921 mihi
1211 1879 1273 1931 pa-

124 1934 215 1997 cabat,
235 1933 383 2001 reliquum
401 1931 496 1999 igitur
514 1941 566 1997 est,
586 1938 690 1999 quarta
708 1931 800 1984 cirtae
818 1937 849 1983 at
867 1932 907 1984 eit
924 1932 989 1999 ipen
1007 1932 1177 1999 frugalitas,
1197 1932 1273 2000 quod

124 2005 213 2057 etiam
234 2003 342 2071 recepi.
380 2003 488 2055 Ellens.
515 2020 569 2056 sec.
598 2003 693 2068 habet,
720 2001 902 2071 relinquatur
924 2008 981 2054 tam
1006 2007 1037 2054 at
1064 2008 1166 2070 quarta
1184 2003 1274 2053 virtue

122 2075 164 2128 sit
183 2074 248 2142 ipsa
266 2074 433 2141 frugalitas.
473 2075 545 2148 Legi
562 2075 662 2144 possit,
682 2072 862 2140 relinquitur,
882 2078 912 2124 nt
932 2078 1035 2141 quarta
1047 2073 1142 2124 virtue
1160 2072 1199 2123 ait
1209 2070 1273 2137 ipra

122 2145 290 2213 frugalitas,
311 2144 387 2213 quod
405 2145 440 2196 ad
455 2144 661 2214 plerorumque
680 2145 817 2196 Codicum
834 2144 990 2195 lectionem
1014 2152 1128 2194 tantum
1152 2158 1211 2193 non
1229 2158 1274 2194 ac-

123 2217 210 2280 cedit,
230 2225 258 2268 et
277 2215 459 2279 Latinissirne
487 2214 610 2267 dicitur:
636 2215 737 2268 Cicero
762 2214 828 2266 Fin.
853 2214 903 2266 lib.
924 2214 976 2266 111.
1003 2230 1063 2284 cap.
1084 2217 1109 2268 9.
1147 2211 1274 2280 Circam·

123 2286 240 2355 scriptia
262 2284 359 2352 igitur
381 2285 422 2338 iia
435 2286 602 2350 sententiis,
630 2303 700 2354 qaae
720 2285 813 2353 poeni,
841 2291 869 2337 et
898 2283 928 2336 ai
952 2299 1021 2352 quae
1044 2284 1152 2337 similes
1176 2297 1275 2335 aarum

124 2364 197 2422 aaut,
216 2356 464 2427 relinquitur,
491 2363 523 2409 nt
548 2372 683 2408 rammam
707 2358 807 2410 bonum
825 2356 865 2408 eit
889 2355 992 2421 cicere,
1021 2355 1170 2408 erientiam
1193 2350 1275 2406 adli-

123 2429 228 2483 tanam
246 2435 301 2479 etc.
327 2427 490 2479 ¹[lucretius
507 2429 549 2497 V,
560 2430 620 2482 tat.
641 2496 644 2501 Ι

289 2513 456 2639 lTinquitur,
474 2500 504 2567 nt
520 2501 621 2569 merito
639 2521 801 2568 maternum.
813 2529 910 2568 nornen
928 2515 1031 2582 adepta

315 2599 380 2640 erra
397 2592 438 2638 att
456 2601 489 2628 ¹-
571 2594 574 2599 “

124 2638 215 2727 l'arro
237 2675 270 2727 R.
289 2676 322 2727 Η.
350 2673 400 2726 lib.
421 2673 443 2725 Ι.
470 2689 530 2743 cap.
551 2676 578 2728 t.
614 2672 812 2743 Relinquitur,
825 2634 828 2639 ι
843 2680 909 2742 quot
932 2678 1032 2742 partes
1057 2687 1090 2723 ea
1121 2669 1275 2738 disciplina

124 2742 223 2797 lateat
241 2750 271 2796 ut
290 2744 329 2796 eit
348 2743 504 2797 videndam.
542 2745 613 2796 Vide
625 2745 670 2797 ,sis
690 2750 719 2797 et
738 2761 798 2814 cap.
820 2748 862 2807 16.
888 2761 921 2801 ac
939 2745 990 2795 lib.
1010 2744 1047 2796 11.
1075 2759 1137 2811 cap·
1157 2745 1182 2796 2.
1221 2740 1277 2795 Sed

124 2816 209 2868 nimis
229 2815 420 2885 interpolatus
438 2814 521 2868 estis
540 2814 644 2880 Codex,
664 2832 754 2884 quam⁸
768 2823 801 2873 ut
819 2817 847 2867 ei
865 2814 921 2868 soli
939 2823 1002 2867 tuto
1021 2812 1164 2866 credatur.
1201 2813 1238 2864 l).

194 2902 456 2972 Reliquamigitur
474 2907 526 2966 est,
545 2909 647 2969 quarta
669 2903 760 2955 cirtae
786 2910 814 2956 nt
839 2903 880 2956 eit
903 2902 968 2971 ipra
991 2901 1170 2970 frugalitas]
1207 2903 1277 2966 „Ita

124 2974 205 3028 codd.
225 2974 317 3025 nostri
336 2980 500 3024 constanter
518 2981 546 3024 at
564 2973 698 3026 nonnulli
715 2974 871 3039 Davisiani,
891 2974 947 3025 nisi
965 2974 1042 3042 quod
1059 2974 1091 3024 in
1109 2973 1277 3043 quibmdam

78 3071 85 3082 ι
123 3061 180 3114 pro
202 3043 343 3108 reliquam
366 3041 471 3093 vitiose
493 3043 632 3095 scribitur
655 3045 770 3110 reliqua,
796 3060 896 3097 errore
919 3059 977 3096 non
1000 3044 1117 3096 insolito
1144 3043 1278 3095 librario·

125 3132 202 3180 rum,
220 3113 290 3182 quia
306 3112 438 3182 proxime
457 3112 589 3179 sequitur
606 3114 708 3170 virtue.
745 3115 840 3188 Vulgo
858 3113 968 3181 reliqna
985 3114 1079 3180 igitar
1093 3122 1148 3165 etc.
1168 3129 1277 3166 aeceeee

124 3191 184 3238 eat:
205 3200 278 3253 quaa
295 3191 456 3253 postremae
477 3197 562 3233 voces
587 3184 683 3235 nullae
711 3183 743 3234 in
761 3200 826 3235 mss.
846 3183 1045 3253 comparent.“
1070 3182 1275 3235 Lallemannae.

124 3255 298 3322 „Reliquam
316 3263 371 3307 etc.
409 3251 458 3304 Sic
482 3250 560 3309 MSS.
585 3254 697 3322 plures:
722 3255 774 3306 vul
830 3253 920 3307 rnale:
939 3254 1050 3322 reliqna
1066 3272 1103 3294 »-
1121 3252 1220 3316 virtus,
1248 3258 1278 3303 at

125 3325 202 3380 ctc.“
220 3327 290 3380 Ern.
327 3323 476 3390 Reliquum
494 3332 548 3375 etc.
587 3324 636 3377 Sic
660 3270 847 3381 Eraviblf.
873 3333 907 3376 ut
926 3319 968 3378 es't
996 3325 1027 3374 in
1045 3322 1122 3376 lllSS.
1151 3322 1279 3392 complu-

125 3397 234 3450 ribus.“
252 3393 338 3450 Saba.
370 3393 496 3465 Nissenii
516 3396 713 3448 coniecturam
737 3414 821 3467 supra
844 3395 936 3465 posui.
973 3397 1165 3463 Receperunt,
1193 3410 1278 3462 quam

126 3468 158 3521 in
178 3469 236 3520 suia
255 3467 342 3520 Godd.
363 3483 423 3518 esse
434 3463 598 3518 lectionem
616 3467 657 3519 ait
675 3467 759 3533 Lanz,
777 3482 845 3519 cum
863 3467 933 3519 Dav.
951 3467 1023 3519 Ern.
1040 3464 1184 3519 rawolf.
1195 3464 1276 3517 Koel.

126 3538 209 3592 Schz.
238 3539 285 3591 Or.
311 3537 403 3590 Nobb.
422 3537 494 3588 Tbn.
519 3537 582 3590 Duo
600 3538 773 3607 posteriores
792 3537 987 3604 distinctione,
1013 3544 1056 3588 ut¹
1069 3536 1196 3600 videtur,
1220 3551 1277 3587 non

125 3610 209 3679 plane
228 3608 384 3676 probabili:
404 3634 436 3646 ·-
455 3609 595 3675 complexa
613 3614 668 3661 eat:
681 3609 742 3662 etei
758 3608 809 3662 ltoc
827 3609 935 3676 quidem
960 3622 1101 3661 commane
1125 3613 1165 3658 eat
1188 3604 1278 3656 virta-

125 3687 188 3733 tam.
225 3678 327 3731 Omnea
345 3677 419 3732 enim
439 3709 470 3720 -·
489 3680 604 3744 iugatae
622 3685 700 3732 sunt:
728 3679 974 3749 reliqanmigitnr
993 3687 1047 3730 etc.
1084 3677 1126 3728 De
1152 3675 1278 3728 lectione

124 3751 263 3803 Codicum
280 3750 464 3802 Lallemanni
482 3751 592 3818 primus
611 3750 753 3802 dubitavit
772 3753 819 3802 Or.
856 3750 920 3823 Ego
937 3766 1007 3802 vero
1027 3756 1124 3800 certus
1141 3763 1213 3810 sum,
1234 3763 1279 3798 ere

125 3837 223 3874 rorem
241 3839 298 3873 essa
316 3822 508 3885 bellantium,
527 3838 622 3890 neque
640 3821 736 3872 ullum
755 3821 891 3874 codicem
908 3838 970 3872 eam
988 3819 1145 3891 lectionem
1162 3815 1278 3880 habere,

126 3910 198 3961 quae
216 3892 282 3944 inde
300 3911 316 3943 a
333 3892 402 3944 Dav.
423 3893 541 3944 obtinet.
562 3894 638 3944 Nam
654 3891 787 3960 primum
803 3909 911 3956 omnes,
929 3897 1072 3961 quotquot
1083 3889 1278 3951 innotescunt,

124 3962 234 4030 reliqna
253 3963 400 4024 exhibent,
422 3963 524 4014 deinde
546 3980 600 4032 pro
628 3968 669 4014 eet
687 3979 784 4015 omnes
802 3964 864 4014 fere
891 3968 927 4028 et,
960 3962 1017 4013 nisi
1036 3959 1111 4028 quod
1127 3959 1162 4010 ⁴'an
1178 3957 1269 4011 Rehd.

125 4036 185 4087 eius
208 4034 272 4087 loco
290 4032 411 4103 ponitur
432 4040 470 4095 nt,
497 4034 632 4084 omissum
658 4034 761 4092 deiude
787 4042 852 4085 ante
870 4033 927 4097 ait3
949 4032 1046 4084 Duisb.
1075 4035 1143 4081 cu'm
1171 4028 1281 4081 duobus

124 4105 193 4157 Oxx.
214 4110 245 4156 tet
263 4105 349 4172 plane
368 4100 497 4154 omittit:
518 4103 641 4172 denique
653 4105 739 4169 vict,
759 4105 819 4156 sine
838 4103 924 4156 dubio
944 4122 979 4156 ox
996 4099 1083 4155 codd.
1105 4099 1196 4153 edidit
1214 4099 1280 4166 ipsa

124 4173 162 4228 eit
180 4174 432 4244 proserpinae
450 4173 588 4224 sicJunt.
609 4173 673 4225 Asc.
692 4176 718 4227 ι.
737 4174 805 4227 Rob.
826 4173 925 4244 Stepb.
953 4170 1082 4235 Accedit,
1109 4169 1185 4240 quod
1202 4168 1278 4242 Aug.

124 4253 155 4299 et
170 4247 286 4313 aliquot
304 4247 373 4298 Oxx.
393 4244 499 4296 habent
538 4243 640 4294 lassam
658 4259 767 4297 neceaee
785 4250 834 4297 est.
872 4245 954 4298 Stare
978 4252 1075 4296 tamen
1097 4241 1187 4295 lectio
1213 4246 1279 4290 ante

124 4317 194 4369 Dav.
218 4317 337 4390 vulgata
363 4315 475 4384 nequit,
499 4261 615 4386 ,abiecto
641 4313 693 4365 isto
720 4315 908 4368 librariorum
931 4315 1138 4369 additamento:
1175 4309 1280 4362 accessi

126 4386 220 4460 igitur
243 4388 368 4452 Darisio‚
393 4385 550 4440 rationibus
576 4384 759 4454 potissimum
784 4385 821 4439 iis
839 4386 951 4453 ductus,
976 4404 1045 4456 quas
1070 4381 1172 4436 attulit
1190 4379 1283 4433 Lalle-
