2842 5070
196 286 260 352 roa
399 282 627 353 neironis
647 283 898 386 ruscumu.
918 242 1149 354 ourorlr.
1197 261 1202 275 '

87 532 91 537 .
149 461 166 488 ’-
196 448 301 515 esset
326 449 413 514 Sunt
427 451 522 516 cuim
534 452 753 534 insipientia:
775 457 884 537 neque
903 452 1099 534 insipientia
1118 453 1351 518 ullummaius.

42 600 44 609 s
104 539 109 545 ’
195 534 321 597 malum
341 542 408 596 estr
429 554 537 618 nequa
557 542 668 596 tamen
688 536 814 622 lugent.
856 533 944 620 Quid
964 535 1031 598 isat
1073 537 1159 601 Quia
1179 537 1261 598 huic
1287 557 1348 623 ge-

142 693 144 699 s
193 617 270 678 neri
291 617 455 691 malorum
477 637 543 679 non
564 619 737 704 affingitur
758 619 816 681 illa
836 618 964 700 opinio,
986 626 1115 682 rectum
1138 638 1209 681 asse
1230 617 1264 680 it
1290 639 1346 680 ae-

144 749 145 752 *
194 717 307 779 quum,
330 706 364 761 et
382 698 425 765 ad
445 701 592 768 officium
623 703 807 782 portinere,
823 718 936 785 ‘aegre
949 704 1067 779 -ferre,
1098 699 1187 783 quod
1214 702 1348 782 sapiens

188 791 258 842 'uon
279 782 346 844 sisa
368 781 456 864 quod
477 781 566 844 idem
587 783 776 869 affingimus
793 781 877 844 ‘huic
897 781 1115 868 aegritudini,
1145 784 1271 864 inqua
1293 784 1347 844 lu-

126 866 173 922 it·
192 869 265 926 ctus
289 864 396 928 ineat:
431 871 513 950 quae
539 866 697 928 omnium¹
715 866 859 928 maxima
879 873 939 928 est.
988 863 1115 946 Itaque
1135 864 1346 941 Aristotcles,

191 1046 273 1132 Engo
291 1047 468 1120 philosophi,
497 1048 548 1119 qui
572 1065 630 1102 non
656 1057 723 1102 sunt
746 1047 832 1119 plene
851 1049 1020 1121 sapientiam
1039 1049 1194 1116 consecuti,
1228 1058 1296 1102 sunt
1313 1049 1347 1103 in

192 1117 368 1189 insipientia,
391 1136 459 1194 ergo
478 1118 510 1170 in
527 1136 637 1173 summo
655 1121 746 1172 malo:
774 1128 918 1174 ettamen
935 1137 993 1175 non
1010 1121 1123 1195 lugent,
1143 1137 1210 1172 cum
1228 1121 1281 1172 alii
1299 1121 1347 1173 lu-

192 1198 279 1263 geant
297 1207 332 1243 ex
350 1190 509 1244 minoribus
524 1190 623 1243 unalis:
655 1191 733 1260 [quia
755 1189 826 1244 huic
843 1192 944 1266 generi
968 1191 1120 1255 malorum,
1147 1207 1186 1247 sc.
1206 1191 1348 1261 insipien-

190 1258 261 1325 tiae,
278 1260 361 1313 nulla
379 1260 553 1314 admiscetur
569 1261 668 1332 opinio
686 1261 809 1314 officiosi
827 1261 969 1328 doloris}
981 1262 1090 1336 Dogma
1107 1260 1273 1315 Stoicorum
1292 1271 1345 1327 est,

193 1346 249 1396 eos,
268 1331 319 1400 qui
336 1339 438 1402 natura
456 1331 642 1402 doctrinaque
660 1332 747 1406 longe
766 1333 801 1386 ad
817 1332 960 1385 virtutem
978 1332 1189 1402 processissent,
1208 1333 1264 1384 nisi
1283 1349 1346 1384 eam

191 1399 277 1471 plene
296 1401 444 1455 consecuti
458 1411 560 1467 essent,
579 1419 689 1455 summe
709 1419 767 1455 esse
786 1403 915 1468 miseros,
935 1419 1028 1473 neque
1047 1403 1125 1454 inter
1139 1420 1238 1456 eorum
1255 1403 1348 1455 vitam

193 1479 224 1524 et
241 1471 518 1554 improbissimorum
537 1473 693 1543 quicquam
710 1473 828 1527 omnino
846 1474 998 1527 interesse:
1017 1481 1051 1525 ut
1069 1473 1158 1538 Plato,
1177 1482 1274 1525 tantus
1292 1473 1346 1525 ille

135 1605 138 1613 1
191 1541 251 1609 vir,
270 1560 295 1594 si
312 1543 423 1613 sapiens
441 1545 616 1609 non-fuerit,
635 1544 730 1597 nihilo
750 1544 864 1608 melius,
889 1562 976 1613 quam
994 1543 1089 1615 quivis
1108 1543 1346 1614 improbissimus,

154 1621 157 1623 ’
191 1629 246 1680 pec
263 1614 372 1667 beatius
394 1615 511 1667 vixerit.
548 1615 652 1667 Merito
678 1615 776 1684 itaque
799 1617 837 1668 M.
856 1613 971 1668 Tullius
988 1615 1028 1666 in
1052 1615 1181 1667 oratione
1205 1631 1259 1683 pro
1283 1617 1346 1666 Mu-

190 1699 262 1736 rena
290 1684 463 1737 facetissime
488 1684 559 1741 lusit
583 1685 747 1738 doctrinam
772 1701 805 1740 ac
837 1685 953 1739 decreta
984 1682 1178 1739 Stoicorum.“
1209 1685 1343 1738 Beroald.

91 1768 93 1771 ·
191 1749 236 1818 [v.
255 1753 314 1808 cic.
333 1771 386 1825 pro
411 1758 483 1808 Mur.
504 1753 567 1820 to]
834 1815 835 1818 ,

204 1888 207 1894 v
263 1823 333 1878 Sunt
359 1824 433 1878 enim
456 1824 641 1895 insipientes]
674 1825 742 1880 Cod.
768 1829 844 1883 Mon.
862 1829 889 1883 l.
914 1843 981 1879 cum
1008 1825 1096 1881 lishd.
1120 1825 1232 1879 omittit
1259 1824 1345 1887 enim.

190 1894 292 1968 Pergit
315 1905 416 1950 contra
438 1915 511 1969 unus
538 1896 589 1950 Ox.
614 1913 701 1966 neque
725 1898 817 1951 enim
842 1895 1016 1965 insipientia.
1059 1896 1115 1950 llle
1136 1899 1211 1948 Mon.
1236 1899 1262 1950 2.
1291 1913 1345 1966 pro

191 1982 278 2034 neque
299 1965 385 2020 habet
404 1983 464 2092 app.
482 1967 556 2042 Aug.
576 1967 876 2038 neqtte‘eupientiu.
902 1970 977 2022 Mon.
995 1970 1023 2024 ἃ.
1049 1975 1079 2021 et
1097 1967 1194 2020 Duisb.
1217 1967 1346 2020 muium

190 2039 309 2090 maius
330 2043 381 2091 eet.
453 2055 478 2094 r.

262 2106 337 2160 Huic
353 2107 454 2175 generi
471 2108 609 2162 motorum
625 2106 681 2162 nen
706 2107 889 2175 affigitur
915 2106 969 2162 itta
988 2105 1096 2175 opinio]
1133 2108 1347 2183 „Elegantissi-

190 2188 269 2232 mam
286 2178 465 2232 locutionem
483 2187 645 2232 restaurant
662 2180 741 2240 nobis
759 2180 887 2248 Pallrpr.
907 2196 962 2232 sec.
981 2187 1060 2246 tert,
1079 2179 1111 2230 in
1129 2181 1231 2249 quibus
1266 2181 1345 2233 riore

191 2257 221 2302 et
238 2249 398 2320 posteriore
424 2266 442 2301 n
467 2249 654 2322 expungitur,
679 2257 815 2318 tanquam
833 2267 849 2301 a
866 2249 951 2320 culpa
978 2249 1102 2314 scribao3
1136 2250 1167 2301 in
1190 2197 1285 2302 medio
1310 2251 1349 2302 ad

190 2321 307 2375 omlum
325 2327 422 2382 restat,
440 2327 474 2370 ut
493 2327 523 2371 et
540 2319 571 2369 in
589 2320 680 2375 Vatic.
701 2319 835 2386 §ichab-
854 2320 930 2372 dixit
947 2319 999 2373 lib.
1019 2322 1045 2376 2
1082 2321 1144 2373 lam
1167 2318 1345 2387 familiarius

152 2398 163 2404 “
189 2388 283 2442 ammo
301 2403 351 2440 eno
370 2389 543 2458 affigeris
562 2385 670 2453 [animo
688 2390 852 2458 affigere
869 2407 930 2444 rem
948 2398 991 2444 est
1006 2390 1082 2460 apud
1091 2391 1228 2456 Quinctil.
1240 2393 1288 2444 Xl.
1304 2389 1344 2456 2.]

190 2458 256 2541 lpse
280 2459 377 2511 statim
400 2468 478 2556 post:
508 2460 580 2528 quod
604 2459 679 2514 idem
705 2461 899 2530 affigimus
922 2458 987 2516 huic
1009 2461 1197 2528 aegritudini.
1240 2462 1346 2514 Itidem

189 2544 232 2581 sic
250 2537 309 2581 tres
327 2527 421 2581 Pall‘
440 2528 521 2583 cett.
558 2530 646 2596 „Non
664 2532 749 2602 plane
767 2550 799 2585 re
822 2532 890 2585 robo
908 2532 982 2583 hanc
1004 2532 1160 2585 lectionem
1179 2530 1343 2598 [affigiturJ.

190 2597 246 2652 Sed
263 2598 369 2651 habent
387 2599 452 2653 Cod.
472 2602 542 2675 Reg.
562 2620 635 2653 unus
653 2602 731 2655 heid.
748 2601 793 2653 Ed
813 2597 1030 2654 .Manutiorurn
1048 2607 1077 2653 et
1094 2602 1252 2654 nonnullae
1271 2603 1345 2654 aliae

190 2669 401 2740 affingitur,et
418 2671 515 2740 paullo
534 2669 657 2725 inferius
675 2670 857 2738 affingimus:
890 2670 967 2739 quod
990 2685 1049 2721 non
1071 2671 1166 2722 minus
1184 2679 1283 2740 aptum
1303 2680 1346 2724 est

156 2750 158 2756 ‘
190 2737 261 2793 huic
279 2742 351 2796 loco.
395 2739 524 2807 Accedit,
539 2751 541 2758 ’
558 2743 633 2812 quod
649 2743 687 2807 let
710 2740 787 2792 infra
811 2741 898 2797 c.433.
925 2739 1043 2808 scripsit
1067 2737 1102 2792 de
1129 2741 1270 2810 sapiente:
1298 2743 1346 2812 qui

190 2808 266 2865 sitit
282 2810 412 2880 opinione
430 2810 624 2880 effingam
660 2807 751 2867 Bonis.
1014 2875 1016 2879 Ι
1056 2869 1057 2872 ¹

146 2886 148 2890 ‘
243 2890 326 2953 ‘ron
343 2900 502 2974 adfingitur
519 2898 574 2952 aa
596 2897 691 2966 aptae
704 2923 744 2960 .·-
762 2896 835 2966 quoa
858 2893 933 2948 taem
954 2893 1142 2970 inungimus]
1179 2894 1347 2949 cerninus

186 2964 302 3040 'primus
327 2987 362 3024 ex
386 2969 495 3033 duobus
515 2969 583 3022 Pall.
609 2968 721 3037 recepit
738 2967 876 3034 affigitur,
904 2965 1059 3034 affigimus,
1085 2984 1204 3035 eamque
1222 2966 1348 3019 locutio.

148 3040 150 3044 ’
189 3057 267 3107 nem,
287 3058 343 3110 qua
360 3056 444 3093 nemo
462 3039 612 3093 hominum
630 3056 695 3091 usus
719 3047 770 3102 est,
802 3037 885 3090 vetut
913 3036 1155 3112 elegantissimam
1172 3036 1344 3094 venditavit.

189 3111 249 3164 Nos
266 3119 394 3164 veterem
412 3110 593 3181 scripturam,
614 3127 756 3179 quamque
773 3104 893 3162 firmant
910 3108 1050 3177 plerique
1064 3123 1161 3162 omnes
1179 3107 1297 3161 Codices
1316 3117 1347 3160 et

188 3181 307 3236 Latinae
325 3181 442 3255 linguae
465 3182 551 3247 ratio,
577 3182 642 3234 iure
659 3180 837 3236 reduximus.
875 3178 912 3231 D.
962 3184 966 3189 '

196 3283 200 3292 ⁴
262 3285 317 3324 noa
341 3268 513 3338 affingitur
532 3297 563 3308 -
584 3301 618 3312 -
638 3267 840 3338 affingimus]
877 3266 969 3333 „Edd
987 3274 1059 3319 vett.
1088 3269 1130 3320 sic
1156 3267 1227 3330 fere,
1255 3264 1346 3320 sicet

189 3340 248 3394 MS.
269 3341 365 3394 Guelf.
386 3343 524 3409 quaedam
541 3348 639 3393 tamen
656 3339 727 3392 Edd
746 3347 818 3393 vett.
835 3336 973 3404 affigitur
990 3344 1021 3388 et
1039 3335 1201 3402 affigimus,
1220 3345 1253 3387 ut
1262 3339 1343 3389 Junt.

190 3412 266 3478 quod
291 3411 382 3463 edidit
400 3412 555 3463 Gruterusr
587 3426 646 3462 uon
671 3409 774 3462 bene.“
801 3408 870 3461 Era.
907 3407 1058 3459 Rationem
1082 3407 1174 3476 ipsam
1195 3407 1344 3460 adversan-

188 3487 250 3532 tem
267 3478 538 3545 habetGebhardus,
557 3479 685 3549 itemque
702 3479 792 3532 libros
809 3478 942 3548 optimos.
973 3475 1029 3528 Sed
1046 3477 1229 3530 consentiunt
1245 3486 1345 3530 tamen
1413 3487 1416 3490 ’

188 3565 256 3603 cum
275 3567 309 3604 eo
327 3567 377 3603 sex
394 3550 463 3623 Qxx.
486 3549 662 3620 (posteriorc
688 3550 753 3602 loco
777 3544 905 3618 septem)
930 3545 1020 3598 Rehd
1047 3545 1145 3600 Duisb.
1171 3547 1245 3600 Gud.
1275 3547 1343 3611 (hio

188 3621 305 3675 nonnisi
322 3623 420 3692 priore
439 3621 514 3686 loco)
533 3617 578 3672 tu
601 3659 607 3671 .
635 3618 695 3684 (hic
712 3618 827 3672 nonnisi
884 3616 1005 3668 steriore
1023 3616 1102 3669 loco:
1137 3618 1235 3689 priore
1258 3617 1343 3672 habet

190 3692 354 3760 effingitur)
376 3693 453 3744 ‘Mon
477 3695 500 3744 l.
520 3692 546 3744 l.
574 3637 647 3761 did.
674 3690 702 3742 Ρ.
729 3686 762 3744 Α,
782 3685 814 3740 ll.
857 3725 864 3740 .
889 3687 1029 3749 Pariunt.
1047 3688 1117 3739 Ven.
1145 3696 1235 3741 nostr.
1255 3688 1344 3754 (haec

75 3779 77 3783 ’
188 3763 288 3882 priore
306 3762 369 3813 loco
389 3759 531 3826 afficitur)
549 3759 613 3811 Asc.
635 3764 659 3814 1.
678 3758 705 3814 ἱ,
739 3757 799 3811 set
822 3765 899 3808 totus
925 3771 1008 3808 error
1025 3773 1061 3809 ox
1084 3758 1219 3833 neg-lecta
1235 3758 1344 3812 lineola

200 3831 293 3883 ''terae
310 3831 323 3883 i
340 3828 574 3898 superscribenda
591 3837 679 3881 ortus.
712 3830 910 3895 Posteaquam
928 3825 1077 3879 omittitur
1095 3835 1122 3881 et
1142 3829 1174 3880 ln
1187 3828 1254 3885 God.
1266 3829 1341 3885 Gud.

191 3908 220 3953 et
237 3900 290 3953 Ed.
310 3901 339 3952 P.
381 3897 456 3956 Post,l
469 3915 522 3951 non
545 3898 656 3971 legitur
677 3895 717 3950 sit
743 3911 796 3968 pro
821 3896 865 3949 aia
891 3895 924 3947 in
948 3897 1019 3948 Edd.
1044 3897 1079 3948 A.
1106 3899 1137 3954 B.
1162 3896 1243 3952 lunt.
1271 3901 1342 3952 Ven.

189 3978 281 4023 nostr.
299 3968 362 4021 Asc·
383 3973 407 4022 l.
426 3970 453 4022 2
482 3968 541 4032 (sed
563 3968 635 4020 haec
657 3966 690 4018 in
714 3982 805 4042 nnarg.
829 3966 887 4020 tts.
906 3964 969 4031 aie).
1006 3969 1072 4020 idox
1095 3968 1169 4022 ineat
1194 3970 1343 4022 omittitur

191 4040 223 4091 in
240 4039 337 4095 Duisb.
366 4047 397 4090 et
422 4053 480 4090 uno
504 4039 573 4103 Ox,
599 4038 654 4091 duo
680 4037 788 4092 habent
809 4042 861 4102 eet,
894 4052 968 4088 unus
990 4052 1047 4091 aun
1068 4045 1124 4093 au.
1159 4037 1204 4093 Ad
1226 4058 1254 4096 v.
1275 4055 1342 4108 quoe

190 4109 312 4164 ameum
339 4107 463 4162 maxima
484 4114 529 4162 est
552 4116 632 4162 recte
659 4117 758 4164 monet
779 4104 875 4162 lliilin.
901 4124 936 4160 ea
960 4108 1111 4161 referenda
1137 4125 1196 4162 esse
1220 4126 1278 4162 non
1308 4111 1343 4162 ad

189 4180 322 4263 proxime
340 4196 408 4248 prae
446 4197 512 4245 essa,
531 4180 580 4232 sed
596 4178 631 4232 ad
649 4179 716 4239 illa:
737 4181 809 4248 quod
825 4176 938 4248 sapient
956 4192 1009 4232 asa
1028 4179 1077 4232 eia.
1094 4179 1160 4234 God.
1174 4180 1271 4235 Duisb.
1292 4181 1343 4250 qui

188 4256 263 4304 ineat
280 4249 387 4314 omisit,
428 4250 491 4302 abet
501 4265 571 4319 quoe
582 4249 705 4304 omnium
715 4249 843 4305 mxima
859 4248 966 4321 ittcct.
983 4249 1059 4303 (iud.
1070 4252 1097 4306 Ι.
1115 4266 1185 4319 quae
1203 4250 1342 4304 omnino

191 4337 256 4376 non
278 4320 402 4374 munima
425 4326 476 4383 eet.
515 4321 597 4376 Μν..

260 4390 360 4462 itaqua
382 4389 556 4446 Aristoteles
580 4423 612 4435 -
637 4392 793 4448 mamam
822 4382 901 4461 ferr]
947 4391 1039 4444 ituro·
1057 4390 1154 4444 locum
1186 4389 1218 4444 in
1247 4389 1343 4444 animo
