2842 5070
208 319 273 387 2ae
407 318 634 427 ClCEllONIS
655 317 905 387 TUSCULAN.
926 318 1159 385 DISPUTA'P.

210 504 312 548 rorem
332 493 458 548 metum
476 487 756 563 concutientem
778 507 818 550 ex
847 504 911 570 quo
933 487 979 547 ot
999 496 1039 548 ut
1064 484 1227 568 pudorem
1249 487 1371 567 rubor,

210 577 379 631 terrorem
403 571 510 650 pallor
532 578 567 633 et
586 579 716 632 tremor
737 579 770 634 et
787 569 938 632 dentium
960 571 1110 651 crepitus
1131 582 1370 653 consequatur:

211 654 360 729 timorem,
381 661 508 714 metum
524 654 602 715 mali
616 654 933 735 appropinquantis:
955 672 1115 733 potorem,
1133 663 1260 715 metum
1275 675 1371 719 men-

211 743 278 797 tem
299 735 374 797 loco
401 745 603 813 moventem,
618 755 673 796 ex
693 755 759 818 quo
789 734 872 797 illud
899 737 1009 814 Ennii,
1116 763 1125 769 ·

238 850 1366 877 mmmm

212 901 245 955 in
262 903 378 957 scholis.
416 905 525 969 „Recto
542 904 594 960 W.
614 912 677 974 post
692 904 825 972 pudorem
843 904 961 963 lacunae
980 905 1095 976 signum
1113 903 1231 957 addidit.
1264 904 1373 975 Recepi

207 974 320 1042 ,Wolfii
337 974 536 1044 scriptionem,
554 974 654 1037 addito
666 976 803 1028 vocabulo
819 976 963 1042 pudorem,
986 975 1054 1044 quia
1071 990 1130 1027 non
1148 975 1233 1028 credo
1252 975 1371 1029 Cicero·

176 1098 180 1107 ,
211 1044 258 1112 nis
277 1045 366 1116 ipsius
385 1046 564 1121 negligentia
582 1047 714 1102 omissam
734 1063 792 1098 esse
811 1064 874 1098 eam
892 1045 1098 1110 definitionem,
1124 1046 1207 1098 cuius
1236 1062 1303 1099 eum
1322 1064 1370 1099 sua

213 1114 301 1185 ipsius
323 1115 411 1169 verba
437 1116 570 1186 proxima
594 1117 746 1185 admonere
772 1117 909 1169 debebant
934 1117 1080 1183 (pudorem
1104 1114 1223 1180 rudor):
1252 1117 1371 1186 scripsit

124 1205 129 1209 ·
212 1187 307 1261 igitur
321 1187 458 1255 pudorem
475 1189 537 1241 sine
555 1187 654 1251 dubi03
683 1188 753 1256 quid
771 1187 806 1239 ad
825 1205 890 1240 eum
909 1186 1103 1240 definiendum
1121 1186 1274 1252 addiderit,
1296 1187 1370 1240 divi-

210 1275 282 1311 nare
308 1258 425 1328 quidem
453 1275 512 1311 non
537 1268 618 1311 certo
637 1258 719 1323 lice't,
752 1260 881 1327 quamvis
904 1274 962 1310 non
988 1258 1140 1310 admodum
1167 1259 1320 1322 erraverit,
1344 1258 1369 1309 si

213 1329 277 1413 quis
303 1328 452 1381 Bouhierii
469 1327 647 1383 ‘sententiam'
674 1328 860 1399 adoptaverit.
888 1329 959 1381 Edd.
988 1337 1054 1382 ante
1071 1330 1141 1382 Dav.
1170 1330 1231 1394 sing
1249 1330 1369 1380 lacunae

207 1400 303 1474 signis
321 1399 512 1471 posttudoris
528 1409 656 1475 pergunt
675 1406 820 1453 terrorem.
852 1401 1001 1452 Davisium
1019 1400 1110 1453 secuti
1127 1408 1194 1451 sunt
1211 1400 1285 1457 Ero.
1303 1401 1366 1469 Bip.

168 1493 172 1497 ·
208 1470 329 1524 loannh.
355 1471 444 1524 Nobb.
473 1472 530 1524 nisi
556 1471 634 1538 quod
657 1472 746 1524 Nobb.
776 1472 856 1524 inter
879 1471 1017 1524 Pudorem
1043 1477 1117 1524 etet
1136 1477 1278 1524 terrorem
1299 1469 1368 1522 duos

149 1601 151 1606 ,
212 1541 363 1595 asteriscos
380 1543 485 1611 posuit.
522 1542 595 1594 Cum
612 1543 724 1598 Wolfio
743 1543 891 1595 nobiscum
909 1543 980 1594 facit
999 1541 1082 1594 Schz.
1103 1542 1230 1594 Orellius
1247 1532 1367 1597 utEdd.

210 1620 284 1666 vett.
316 1621 345 1666 e't
363 1611 450 1666 θοὼὼ
477 1613 533 1665 nisi
555 1614 632 1683 quod
657 1621 721 1683 post
740 1613 848 1666 loboris
873 1622 938 1666 ante
962 1618 1099 1666 terrorem
1123 1621 1183 1664 tres
1209 1613 1367 1676 asteriscos,

211 1683 344 1737 lacunam
363 1682 529 1748 indicantes,
547 1685 652 1754 posuit.
690 1683 773 1736 Solus
792 1684 859 1736 θοὼ
879 1683 967 1736 Maro.
993 1684 1073 1736 adv.
1092 1683 1198 1736 loboris
1225 1685 1258 1736 in
1276 1700 1365 1768 marg.

212 1753 298 1807 habet
320 1755 463 1822 pudorem,
490 1761 602 1819 metum,
624 1754 822 1825 ignominium:
854 1755 930 1807 unde
947 1752 1028 1806 rides
1044 1755 1132 1807 fuisse
1151 1755 1214 1806 sine
1232 1754 1319 1806 dubio
1338 1772 1367 1807 m

212 1840 246 1879 eo
265 1824 363 1879 codice
381 1825 531 1879 admodum
549 1827 678 1897 antiquo,
703 1844 790 1895 quem
809 1826 937 1896 stupidus
961 1825 1012 1877 ille
1030 1823 1366 1894 monachus'descripsit,

211 1895 328 1966 pudoris
348 1897 572 1966 explicationem
589 1898 675 1967 plane
701 1896 828 1961 eandem,
855 1913 941 1966 quam
970 1896 1084 1948 volebat
1101 1895 1203 1959 Bouh.‚
1219 1896 1367 1963 predonem,

211 1973 311 2020 metum
328 1967 515 2036 ignominiae.
551 1969 641 2020 Nolui
663 1977 760 2021 tamon
787 1984 822 2031 ex
848 1984 906 2019 uno
925 1966 992 2020 Ged.
1012 1967 1154 2037 recipere,
1180 1967 1256 2034 quod
1272 1975 1368 2036 potest

212 2055 271 2092 esse
290 2039 470 2103 correctoris,
490 2057 663 2108 quamquam
680 2038 762 2092 valde
781 2038 908 2107 antiqui:
936 2044 1052 2106 recepta
1075 2045 1172 2090 tannen
1195 2047 1237 2096 est
1260 2038 1292 2088 in
1311 2037 1366 2089 Ed.

136 2121 139 2128 ·
206 2109 283 2163 ·⁴lbn.
302 2109 520 2179 unius‘Godicis
538 2110 626 2163 lectio
638 2109 869 2179 Guelferbytani,
890 2125 976 2178 quem
995 2108 1122 2178 appellat
1139 2108 1232 2160 editor
1249 2107 1324 2158 Gud.
1338 2111 1364 2162 2.

211 2181 275 2250 (qui
293 2198 387 2250 neque
407 2190 449 2235 est
468 2189 565 2233 noster
583 2181 668 2246 Gud.,
688 2196 741 2232 neo
760 2179 845 2246 Gud.,
872 2197 959 2249 quem
977 2195 1028 2232 nos
1046 2195 1177 2231 vocamus
1195 2177 1367 2242 secundum)

209 2250 282 2304 baec
293 2251 414 2322 scriptio
433 2260 467 2303 ut
484 2252 653 2316 rectissima,
673 2268 758 2319 quam
777 2259 809 2302 ut
821 2267 878 2302 non
890 2249 976 2320 plane
995 2249 1194 2319 improbamus,
1213 2250 1255 2301 ita
1267 2256 1368 2300 tamen

208 2322 342 2393 recipere
360 2338 418 2374 non
436 2322 496 2372 ausi
515 2339 626 2384 suiuus:
652 2321 774 2374 tutarier
806 2321 954 2373 Terrorem
980 2327 1081 2373 metum
1099 2319 1302 2384 concutientem,
1332 2336 1389 2387 cx¹

210 2409 263 2460 quo
281 2392 319 2457 fit
342 2398 370 2444 et
384 2392 501 2461 pudor
526 2397 559 2444 et
576 2391 679 2445 rubor-e
709 2399 848 2445 terrorem
866 2398 899 2445 et
915 2390 1053 2460 polloret
1072 2397 1179 2444 tremor
1196 2398 1223 2444 et
1243 2389 1367 2444 dentium

209 2464 333 2530 crepitus
349 2462 558 2535 consequitur.
595 2463 671 2530 Quae
696 2465 793 2517 omnia
809 2463 902 2531 artem
925 2463 1097 2516 correctoris
1114 2462 1256 2532 produnt:
1286 2463 1366 2516 Cice·

198 2549 310 2586 ·ronem
338 2549 396 2586 non
417 2534 552 2604 produnt.
590 2536 649 2588 Mr.
1281 2544 1286 2551 ’

280 2611 311 2656 ut
325 2605 460 2672 pudorem
478 2605 573 2672 rubor,
592 2604 645 2658 sic
662 2611 801 2659 terrorem
815 2605 920 2674 patior]
952 2606 1018 2670 „Ita
1036 2604 1112 2679 regii
1131 2603 1217 2656 Codd.
1236 2612 1270 2654 ut
1288 2602 1366 2656 dedit

210 2676 366 2741 Victorius,
415 2676 551 2745 robatque
582 2677 741 2730 Bentleius.
788 2677 908 2752 vulgati
949 2676 1088 2728 omittunt
1123 2675 1256 2727 voculam
1292 2673 1365 2727 sic.“

207 2746 325 2800 dottam.
363 2749 406 2799 Ha
426 2755 475 2799 ent
488 2738 614 2817 'quidem'
628 2747 680 2812 sic,
704 2760 770 2800 cum
787 2749 864 2804 Vict.
885 2759 914 2801 et
931 2746 1063 2811 Lallem,
1086 2745 1158 2797 Edd.
1179 2745 1212 2797 Α.
1232 2745 1263 2796 Β.
1283 2744 1311 2798 S.
1330 2745 1362 2798 E.

208 2818 241 2872 θ.
260 2818 343 2872 June.
362 2819 426 2872 Asc.
447 2822 472 2873 1.
491 2820 517 2873 2.
536 2820 609 2871 Ven.
628 2826 717 2871 nostr.
756 2817 818 2882 sid,
833 2836 891 2872 non
913 2818 1000 2870 habet
1016 2817 1122 2892 Regius
1142 2816 1279 2886 optimus,
1308 2831 1364 2868 non

209 2888 316 2940 habent
335 2889 396 2941 eius
418 2888 564 2942 simillimi
593 2890 666 2944 Gud.
688 2894 711 2945 l.
737 2890 824 2942 Marb.
851 2891 926 2944 Gud.'
943 2891 969 2945 2.
994 2897 1145 2959 praeterea
1167 2887 1242 2940 Gud.
1266 2887 1362 2939 Duisb.

62 2958 65 2963 ’
136 2978 139 2982 “
208 2958 299 3014 Rehd.
319 2957 394 3084 Auq.
413 2961 489 3016 Mon.
514 2965 536 3015 Ι.
556 2963 582 3015 t.
619 2964 673 3015 Pro
688 2961 785 3029 potior
809 2970 851 3013 est
873 2963 956 3030 potor
979 2956 1013 3011 'in
1037 2959 1103 3013 θιὼ
1124 2958 1210 3010 Marb.
1228 2973 1318 3025 ponor
1336 2958 1366 3009 in

210 3046 267 3091 uno
286 3030 336 3082 Ox.
382 3049 401 3082 n
417 3030 505 3085 Rehd.
525 3040 554 3084 et
564 3032 650 3085 Vind.
669 3037 692 3087 1.
712 3032 822 3107 legitur
840 3038 867 3087 et
886 3039 1073 3086 tremorem
1092 3029 1215 3083 dentium
1233 3031 1365 3095 crepitus.

210 3102 290 3156 Unus
309 3102 359 3154 Ox.
379 3103 541 3170 strepitus,
560 3103 633 3155 alius
651 3108 842 3173 consequetur.
874 3103 980 3178 ¹Pergit
1005 3102 1071 3155 θιὼ
1092 3100 1175 3152 Vind.
1196 3103 1227 3154 2:
1257 3102 1379 3167 timor,

208 3179 263 3227 eet
280 3179 366 3226 metus
382 3173 452 3235 muti
469 3174 734 3243 consequentis.
773 3176 837 3231 Post
854 3173 991 3239 timorem,
1009 3180 1110 3226 metum
1129 3172 1161 3222 in
1171 3170 1237 3224 Cod.
1252 3171 1326 3222 Gud.
1341 3172 1366 3224 t.

110 3299 112 3302 ,
208 3245 297 3298 verba
313 3247 384 3300 moti
401 3263 491 3314 usque
510 3246 545 3298 ad
561 3253 665 3299 metum
684 3245 862 3299 exciderunt.
893 3247 927 3299 ln
945 3244 1018 3318 Aug.
1038 3252 1081 3299 est
1098 3240 1211 3294 menti
1217 3256 1231 3292 s
1250 3242 1291 3292 de
1311 3241 1367 3293 loco

208 3323 365 3370 moventem.
402 3318 493 3376 Habet
518 3316 605 3374 etiam
630 3334 703 3367 unus
727 3316 778 3368 Ox.
807 3315 997 3386 consequentis
1024 3331 1079 3383 pro
1106 3310 1367 3379 appropinquantis.

209 3387 448 3455 Rehd.‘pororem
467 3394 568 3440 metum
585 3384 818 3448 uehementem
836 3403 950 3455 esc-quo.
971 3384 1044 3439 Gud.
1065 3381 1174 3435 omittit
1190 3379 1257 3430 loco.
1287 3382 1369 3434 Unus

211 3459 262 3513 Ox.
281 3458 368 3512 habet
384 3475 515 3528 pauorem
536 3456 770 3512 uehementem·
785 3466 910 3512 metum
927 3456 981 3510 cet
997 3458 1098 3506 metum
1116 3449 1184 3501 loeo.
1204 3479 1238 3491 -
1272 3450 1369 3506 Habet

210 3529 251 3582 de
269 3531 330 3587 ioco
348 3531 432 3583 Vind.
451 3533 477 3584 2.
501 3545 568 3581 cum
585 3529 656 3581 Edd.
677 3532 707 3583 P.
728 3528 761 3582 Α.
781 3530 813 3583 Β.
833 3529 862 3583 S.
880 3529 917 3581 E.
937 3527 966 3579 θ.
991 3525 1072 3577 Junt.
1090 3522 1162 3572 Ven.
1191 3528 1282 3575 nostr.
1303 3522 1367 3576 Asc.

210 3605 238 3657 l.
257 3603 283 3656 2.
321 3601 404 3655 Solus
424 3600 497 3654 Gud.
518 3604 543 3654 1.
562 3599 647 3652 habet
669 3605 897 3668 paemene'metn.
931 3595 993 3648 Mt·
1374 3640 1376 3649 .

228 3706 231 3711 -
285 3673 441 3737 Terrorem,
467 3677 567 3727 metum
601 3668 810 3736 concutientem]
849 3669 923 3724 oum
953 3674 1059 3729 terror,
1089 3664 1140 3733 qui
1165 3672 1207 3716 est
1234 3665 1368 3733 ἔκπληξις,

211 3742 331 3796 Graecis
353 3744 416 3795 fere
440 3741 595 3794 definiatur
618 3739 707 3815 φόβος
729 3739 761 3799 ἐκ
784 3743 937 3808 φαντασίας
954 3733 1108 3805 ἀσυνήθους
1135 3736 1309 3806 πράγματος,
1338 3740 1368 3789 P.

210 3814 370 3865 blanucius.
392 3812 591 3867 definitionem
617 3811 764 3871 Ciceronis
795 3811 997 3878 imperfectam
1030 3816 1143 3873 censet3
1183 3809 1369 3875 quamobrem

209 3884 328 3954 supplet
353 3900 387 3936 ex
412 3883 582 3951 cogitatione
605 3882 759 3940 inusitatae
787 3879 841 3933 rei.
884 3878 998 3950 Absque
1025 3897 1116 3943 causa,
1152 3879 1226 3930 sicut
1256 3879 1369 3948 opinor,

211 3955 334 4020 sontica3
361 3973 428 4008 nam
448 3957 623 4010 Graecorum
641 3947 760 4024 ὁρισμὸς
783 3951 906 4005 torturis
925 3951 1066 4022 exprimit
1084 3951 1245 4025 originem,-
1275 3949 1369 4002 Tullii

210 4042 281 4080 reno
300 4027 441 4093 definitio,
462 4025 598 4081 effectum·
616 4025 708 4077 solum
727 4022 858 4093 respicit.
895 4023 989 4075 Minus
1008 4023 1096 4080 etiam
1116 4021 1276 4074 necessaria
1293 4021 1371 4073 vide-

201 4105 261 4149 tur
278 4099 306 4151 J.
327 4098 362 4151 G.
382 4099 502 4154 Graevii
521 4096 697 4161 coniectura,
714 4093 765 4163 qui
782 4101 885 4148 metum
902 4103 1031 4148 montem
1048 4092 1248 4152 concutientem
1266 4091 1371 4144 rescri-

210 4168 255 4223 bit
273 4169 308 4221 ad
325 4169 376 4221 lib.
396 4171 419 4223 Ι.
441 4170 523 4225 otoo.
552 4183 613 4235 cap.
633 4167 675 4220 36.
703 4167 859 4218 nonenim
877 4175 1005 4220 mentem
1023 4166 1122 4231 solam,
1151 4164 1248 4216 sedet
1268 4179 1370 4232 corpus

210 4241 356 4294 concutit:
391 4241 534 4313 siquidem
553 4252 618 4292 eum
633 4235 774 4307 polloret
798 4244 913 4304 tremor,
943 4243 969 4292 et
993 4239 1116 4296 dentium
1133 4233 1257 4303 crepitus
1275 4249 1369 4287 conse-

230 4320 319 4367 uotur.
356 4312 393 4367 D.
485 4338 498 4353 ·-

210 4331 228 4383 q
281 4400 315 4438 eat
332 4377 615 4454 qttoe'llttfflttnt't'e]
653 4380 800 4438 scribitur
816 4379 925 4435 Ennius
948 4381 980 4432 in
999 4379 1120 4450 optimis
1144 4374 1365 4447 antiquissimis·

210 4472 276 4525 quo,
294 4457 363 4532 lieg.
384 4452 503 4526 θηρὶ»
521 4451 596 4508 θιὼ
618 4450 1104 4524 1.ntart.[1taut9]ouotus01x.
1135 4451 1203 4507 Mr.
1301 4494 1304 4499 .
