2842 5070
47 2499 48 2504 '
128 2514 134 2543 ³
200 2503 341 2558 Goerenz.
361 2521 389 2574 p.
411 2507 458 2570 193

164 316 166 323 s
194 296 258 364 353
395 291 626 389 ucnnoms
647 251 896 356 rusounsn.
918 287 1147 354 msrurnr.
1167 253 1186 376 j
1276 293 1279 296 ’

196 461 288 521 nium
311 440 384 524 est?
415 456 480 521 Sed
502 441 612 520 tamen
633 457 791 521 transisse
811 453 948 518 videtur
967 452 1121 530 modum3
1144 448 1275 536 quippe
1291 455 1352 536 qui

51 564 53 571 ’
195 542 238 604 ob
272 560 342 602 eam
374 554 504 602 cansam
530 561 551 602 a
571 543 642 601 vita
663 540 848 604 recesserit.
893 535 1104 601 Moderatius
1127 539 1236 624 igitur
1257 538 1353 598 ferre

102 712 104 715 Ι
196 623 323 697 debuit.
378 621 486 686 Quint
514 625 552 701 si,
575 642 677 706 quum
696 621 732 684 id
752 625 861 684 ferret
879 619 1028 697 modice,
1050 639 1141 683 mors
1163 619 1352 681 liberorum

126 822 130 825 ’
196 779 385 875 do'oetshunc
403 794 534 873 fratrem,
553 809 604 880 qui
621 809 721 862 fratris
743 809 889 878 repulsam
906 814 965 859 tam
984 821 1069 928 affre
1093 790 1176 870 tulit,
1200 805 1352 880 consulem

194 881 305 932 iactum
324 897 383 950 esse
402 879 544 948 Scipionis
563 880 677 932 Maioris
694 880 788 954 gratia
806 888 835 932 et
855 880 965 930 favore.
1029 876 1073 927 ius
1099 884 1195 928 autem
1218 884 1352 947 tempore

196 966 255 1005 non
272 951 398 1004 exstabat
416 950 526 1015 consul,
544 951 593 1002 cui
610 941 717 1003 nomen
734 958 807 1003 esset
826 947 942 1012 Rutilio,
961 945 1077 1024 sedhic
1094 945 1125 998 P.
1145 946 1289 1014 Rupilius,
1316 955 1351 1000 ut

233 1030 276 1075 tet
294 1037 330 1073 ex
348 1021 439 1075 Fastis
458 1021 628 1090 Capitolinis
647 1037 663 1074 a
680 1021 808 1074 Manutio
832 1019 964 1073 laudatis.
1001 1019 1065 1086 lpse
1089 1017 1224 1086 loquitur
1247 1018 1350 1072 Cicero

195 1039 232 1145 dd
249 1091 472 1146 hoe-consulatu
489 1092 521 1142 in
532 1092 612 1162 epp.
632 1092 668 1144 ad
684 1091 744 1145 Att.
763 1092 842 1144 xlll.
859 1093 906 1146 32.
942 1091 1091 1141 Praeterea
1108 1088 1226 1163 Pighius
1245 1089 1277 1140 in
1292 1087 1352 1140 An-

196 1162 267 1215 nall.
296 1163 330 1215 ad
353 1181 378 1215 a.
398 1181 426 1214 u.
453 1177 479 1214 c.
498 1164 559 1218 623.
584 1164 753 1234 suspicatur,
780 1161 860 1214 hunc
887 1177 920 1213 eo
947 1175 1021 1211 anno
1050 1159 1138 1212 fuisse
1168 1158 1351 1216 mortuum.“

196 1231 286 1287 Boni.
322 1233 448 1286 Praeivit
464 1231 580 1285 Davisio
599 1233 656 1286 iam
675 1234 740 1286 Fre.
760 1233 843 1293 Febr.
863 1239 963 1290 contra
981 1230 1142 1282 Manutium
1160 1230 1258 1282 eodem
1275 1232 1350 1296 fere,
1394 1239 1402 1250 ‘

197 1321 255 1374 quo
273 1304 336 1369 ille,
361 1304 444 1356 modo
466 1303 623 1374 disputans.
657 1303 800 1368 ¹Ernestus
822 1318 893 1356 vero
918 1302 950 1352 in
969 1299 1055 1354 Glave
1074 1300 1133 1354 cic.
1159 1319 1189 1352 v..
1208 1299 1349 1366 Rutilius,

197 1376 254 1440 „tt
273 1372 426 1444 Rispiiium,
446 1372 496 1440 ait,
515 1372 647 1426 Africani
671 1374 798 1427 amicitia
820 1372 855 1425 ad
872 1371 1059 1428 Consulatum
1084 1371 1258 1441 pervenisse,
1283 1389 1352 1423 cum

197 1446 281 1498 tenui
304 1445 368 1498 loco
391 1453 474 1496 natus
501 1451 583 1509 esset,
608 1445 642 1498 de
667 1461 700 1501 eo
723 1444 867 1498 convenit.
894 1473 928 1485 -
965 1440 1104 1494 Rutilium
1128 1447 1200 1494 ‘sero
1218 1441 1352 1494 Africani

197 1514 341 1585 Scipionis
368 1531 455 1585 opera
473 1512 658 1568 Consulatum
683 1522 880 1580 consecutum,
902 1529 987 1566 uerno
1011 1512 1206 1565 demonstrare
1229 1513 1349 1582 poterit.

196 1585 299 1655 ltaque
317 1583 391 1636 mihi
406 1585 492 1642 >valde
509 1585 544 1637 fit
561 1586 738 1650 verosimile,
757 1593 787 1639 et
805 1586 836 1637 in
854 1584 1023 1638 Tusculanis
1049 1592 1078 1635 et
1096 1584 1128 1634 in
1144 1584 1352 1652 Laelio'Bupi·

197 1655 254 1712 iios
273 1673 331 1709 esse
349 1657 540 1726 reponendos:
562 1657 638 1725 quod
657 1665 686 1710 et
703 1656 827 1709 Boherio
845 1655 942 1725 placet
960 1655 995 1707 ad
1011 1655 1097 1707 Tusc.
1115 1655 1136 1705 l.
1157 1670 1181 1708 c.
1211 1661 1241 1707 et
1257 1652 1353 1723 pluri·

197 1727 249 1779 bus
268 1726 395 1779 defendit
413 1727 556 1779 Drakenb.
575 1726 610 1779 ad
629 1728 691 1780 niv.
710 1727 790 1796 Epit.
809 1726 875 1782 59.“
901 1724 941 1794 [ᾳ.
958 1743 987 1782 v.
1015 1725 1068 1778 Ed.
1094 1723 1202 1797 stuttg.
1228 1743 1256 1794 p.
1277 1722 1352 1788 231]

198 1797 269 1851 adv.
290 1797 402 1871 Sigonii
420 1798 527 1851 Corum.
548 1798 579 1849 in
597 1799 695 1851 Festos
713 1794 905 1866 etTriumph.
923 1798 1004 1852 Rom.
1023 1798 1124 1865 ptos.
1145 1796 1186 1848 ed.
1203 1796 1239 1847 H.
1250 1794 1360 1865 steph..

122 1905 129 1921 .
199 1865 318 1922 Schiitz.
338 1869 406 1940 Les.
418 1867 478 1921 Gic.
498 1869 532 1920 T.
547 1869 568 1921 1.
586 1887 616 1920 v.
630 1867 770 1938 Rupilius.
784 1869 878 1921 Beier.
898 1867 1001 1920 adGic.
1012 1866 1090 1920 Lael.
1101 1869 1145 1921 20.
1166 1885 1194 1936 p.
1207 1868 1266 1921 115.
1287 1867 1350 1923 Mr.

270 1939 364 2007 Aegre
391 1940 490 1993 tulisse
511 1936 543 1993 P.
564 1938 741 2009 Rupilium]
777 1940 843 1991 Non
864 1937 948 2007 potui
970 1955 1029 1991 non
1051 1937 1168 2007 obsequi
1193 1936 1352 2009 ratianibus

198 2009 330 2063 virorum
354 2010 513 2076 doctorum,
543 2026 612 2080 quos
656 2011 766 2062 roxima
797 2009 980 2065 annotatione
1008 2007 1136 2072 laudavi,
1172 2007 1351 2072 certissimis,

198 2080 525 2205 stititittdtt
540 2098 609 2204 tit
638 2079 1201 2208 diiiidihiffii'..dirissimi.
1214 2078 1350 2199 titis

169 2208 172 2212 Δ
199 2221 336 2289 Rutilum,
364 2222 395 2274 in
416 2170 475 2275 dlis
494 2221 525 2274 P.
545 2223 598 2289 tt„
616 2221 725 2292 Incipit
749 2221 817 2274 eod.
836 2220 934 2272 Duisb.
963 2219 1061 2274 tulisse
1082 2185 1175 2287 aegde,
1198 2235 1273 2270 unus
1293 2219 1346 2270 Ox.

158 2330 160 2334 .
198 2291 380 2360 egritudinis.
417 2293 459 2346 De
479 2292 682 2345 Genitivorum
700 2292 895 2344 cumulatione
913 2290 1015 2356 fratris
1033 2291 1171 2359 repulsam
1187 2289 1352 2341 consulatus

198 2364 257 2416 vid.
279 2363 419 2415 Goerena.
439 2362 474 2415 ad
491 2363 553 2416 Cic.
572 2362 607 2415 de
625 2363 716 2429 Finn.
731 2363 784 2416 111.
804 2365 846 2418 15.
867 2365 912 2418 51.
931 2379 960 2431 p.
980 2364 1042 2417 379.
1061 2359 1270 2418 Laudatlliihn.
1288 2359 1351 2411 cic.

201 2432 235 2485 de
261 2432 345 2486 Finn.
364 2434 387 2486 1.
407 2434 438 2488 5.
455 2435 505 2489 14:
546 2431 732 2518 Tdeopdrasti
758 2433 895 2488 metionis
919 2439 1088 2515 marmenia,
1118 2430 1168 2483 nbi
1191 2431 1250 2486 vid.
1280 2431 1353 2513 item

198 2580 309 2628 uestrae
326 2565 451 2627 uirtutis.
475 2506 757 2629 mnffizrapbpp:
775 2506 1150 2647 dduldieddledzqddepdeddrds
1165 2502 1354 2627 ὅὲὴζῗιῖῗὰῗιξ

199 2645 299 2700 Indica
322 2645 357 2698 ad
373 2645 432 2699 cie.
452 2645 573 2728 Eelogg.
599 2651 638 2716 p?
646 2649 708 2702 471.
734 2647 803 2716 ibiq.
827 2645 923 2699 laudd.
941 2646 1035 2698 Beier.
1061 2645 1097 2697 ad
1114 2643 1174 2698 Cic.
1200 2643 1235 2696 de
1254 2641 1308 2697 Off.
1328 2643 1352 2695 1.

200 2718 243 2772 14.
262 2720 306 2773 43.
323 2734 353 2786 p·
374 2719 425 2772 107
443 2733 484 2786 sq.
505 2715 574 2785 ibrq.
594 2716 687 2769 laudd.
712 2707 890 2788 eundemque
917 2716 952 2769 ad
970 2715 1031 2769 cic.
1056 2715 1091 2768 de
1117 2713 1170 2768 Off.
1195 2715 1234 2768 11.
1260 2717 1287 2769 8.
1307 2715 1357 2772 28..
1403 2762 1406 2767 .

198 2804 227 2857 p·
248 2790 291 2844 58.
329 2787 448 2841 Neidius
466 2787 502 2840 ad
518 2785 606 2839 huius
624 2787 682 2840 loci
702 2788 973 2858 interpretationem
996 2787 1068 2839 haec
1092 2784 1191 2854 affert:
1228 2785 1372 2858 „Argu-³

199 2865 346 2910 mentatur
364 2858 465 2910 Cicero
486 2856 550 2910 hoc.
566 2859 629 2911 fere
653 2859 753 2913 inodo:
784 2860 852 2925 Fac,
882 2857 1164 2928 Rupilium-quum
1182 2855 1243 2909 eius
1261 2856 1354 2907 frater

184 2927 1141 3053 ⁸tritissimi?‘emittentisisitii.itti&
1162 2925 1353 3071 :titiis

377 3033 386 3063 2
531 3042 533 3047 ·
1009 3035 1018 3064 i

198 3067 410 3194 iiimnfiiii
428 3069 1354 3215 52⁸titii}:tiitstt..t{⁰..ittittti⁰tttitte

187 3219 261 3265 erat
287 3211 489 3286 aegritudine?
523 3211 603 3336 Erpp
629 3213 780 3266 absurdum
807 3222 858 3277 est,
884 3212 1001 3264 modum
1028 3211 1060 3263 in
1081 3209 1353 3280 perturbationibus

199 3282 374 3336 constituere
392 3279 501 3336 velle.“
518 3300 553 3320 ‘-
599 3301 652 3336 nus
671 3284 721 3336 Ox.
740 3285 826 3338 habet
843 3285 962 3337 Fortium
984 3297 1039 3351 pro
1058 3280 1204 3336 Fannium.
1229 3283 1306 3333 Mon.
1325 3283 1351 3335 1.

198 3353 329 3408 Ennium.
351 3352 418 3405 God.
438 3350 528 3407 Rehd.
549 3354 658 3407 omittit
675 3354 763 3408 verba
781 3354 924 3423 repulsam
943 3385 975 3396 -
996 3359 1043 3405 est.
1080 3352 1141 3406 Mr.

246 3423 326 3478 ·Sed
344 3428 433 3477 tamen
451 3427 588 3479 transisse
612 3423 723 3487 videtur
749 3424 891 3492 modum3]
920 3423 1008 3477 ¹Unus
1036 3427 1086 3476 Ox.
1113 3422 1225 3476 omittit
1250 3424 1351 3476 tumen.

197 3493 299 3568 Pergit
316 3493 405 3548 Rehd.
424 3493 535 3548 uidetur
552 3489 690 3549 transisse
708 3499 813 3550 modo.
838 3496 922 3549 Vind.
943 3499 968 3552 1.
997 3494 1109 3548 uidetur
1138 3493 1279 3547 transisse
1295 3509 1354 3546 mo·

198 3564 279 3630 dum}
305 3564 377 3617 Edd.
397 3567 426 3618 P.
445 3565 479 3618 A.
498 3566 530 3618 Β.
550 3567 581 3620 G.
601 3568 638 3618 Μ.
657 3569 690 3623 1..
709 3568 780 3619 Ven.
800 3575 889 3620 nostr.
908 3564 972 3618 Asc.
993 3570 1018 3620 1.
1038 3568 1063 3621 2.
1084 3567 1165 3618 Junt.
1185 3565 1251 3617 Ald.
1270 3565 1352 3616 Boul.

198 3635 261 3690 Gar.
281 3633 381 3705 Steph.
400 3635 480 3690 Brut.
501 3637 587 3690 lreod.
608 3636 695 3705 Goth.
716 3636 796 3708 sylb.
816 3634 955 3701 transisse
973 3637 1084 3690 modum
1101 3636 1223 3689 uidetur.
1255 3627 1324 3709 'Mn

270 3722 289 3759 a
306 3707 365 3761 vita
383 3705 554 3775 recesserit]
590 3707 667 3773 „Sic
686 3724 782 3761 omnes
804 3715 876 3775 vett.
903 3707 981 3760 codd.
1002 3707 1082 3760 Fort.
1110 3725 1125 3760 e
1148 3708 1210 3763 rita
1229 3706 1355 3760 decesse-

197 3776 268 3830 rit.“
294 3780 383 3853 Marg.
412 3775 522 3832 Lamtb.
553 3785 581 3831 et
609 3776 688 3831 Getis.
725 3778 812 3831 Dedit
839 3795 854 3831 e
879 3777 937 3830 uita
951 3776 1107 3832 decesserit
1131 3795 1199 3830 cum
1216 3777 1354 3833 Lambino

196 3847 264 3900 Fre.
290 3848 385 3914 Febr„
412 3848 461 3918 qui
488 3857 585 3902 tamen
609 3866 691 3901 suum
718 3866 833 3919 quoque
858 3848 925 3901 Cod.
953 3867 1019 3903 cum
1041 3848 1166 3924 vulgatis
1191 3849 1354 3902 consentire

196 3918 247 3970 ait.
286 3917 367 3971 Solus
386 3919 453 3972 Cod.
472 3918 557 3972 Vind.
578 3922 603 3980 1.
622 3915 708 3972 habet
727 3920 891 3986 decesserit,
910 3928 964 3973 nec
981 3925 1078 3973 tamen
1097 3937 1112 3973 s
1129 3936 1182 3990 pro
1201 3935 1227 3971 a.
1249 3921 1284 3973 ln
1296 3935 1354 3972 uno

198 3990 248 4043 Ox.
267 3990 378 4063 legitur
395 3987 537 4055 recessit,
555 3995 641 4043 nata
659 3999 761 4045 esset.
799 3991 851 4044 Est
870 3992 957 4053 etiam
974 3990 1091 4045 recessit
1109 3991 1141 4043 in
1161 3990 1229 4043 God.
1243 3989 1317 4044 Gud.
1326 3992 1353 4047 2.

196 4059 269 4132 Edd.
289 4063 317 4113 P.
336 4061 370 4114 A.
389 4060 420 4112 Β.
441 4061 521 4113 Junt.
542 4062 613 4114 Ven.
632 4071 722 4115 nostr.
742 4063 806 4115 Asc.
828 4068 851 4117 1.
871 4066 898 4119 2.
935 4064 1003 4116 Μν.
1409 4070 1413 4074 “

268 4131 447 4185 Moderatius
468 4129 562 4198 igitur
584 4133 660 4196 ferre
687 4133 807 4200 detuit]
843 4133 909 4187 eod.
935 4133 1025 4186 Marb.
1053 4134 1248 4198 moderatus,
1280 4151 1355 4188 unus
1383 4133 1390 4142 '

198 4203 248 4256 Ox.
268 4201 340 4268 fieri.
377 4200 420 4254 De
438 4204 650 4257 constructione
667 4207 747 4272 ferre
763 4206 888 4259 debuit
904 4204 962 4257 vid.
983 4221 1034 4257 nos
1052 4205 1088 4256 ad
1107 4205 1167 4258 Cic.
1188 4204 1223 4257 de
1232 4204 1298 4257 Div.
1316 4205 1353 4261 11.

197 4275 240 4329 43.
260 4277 304 4330 91.
327 4290 356 4342 p.
375 4275 437 4327 45⁷.
461 4274 497 4327 ad
519 4274 619 4328 verba:
649 4286 771 4346 quae-
790 4276 890 4331 uidere
913 4276 1058 4340 dedebant,
1087 4275 1157 4346 ibiq.
1185 4275 1280 4328 laudd.
1320 4276 1356 4329 ln

196 4344 338 4469 proximis
362 4361 436 4395 unus
455 4344 514 4397 Ox.
536 4346 647 4399 omittit
664 4348 704 4412 id,
731 4346 805 4422 Aug.
824 4346 910 4400 habet
928 4349 1001 4412 feret
1017 4364 1072 4417 pro
1090 4349 1186 4413 ferret.
1224 4348 1356 4424 Pergunt

220 4415 265 4470 od.
284 4413 381 4470 Duisb.
401 4414 473 4484 Edd.
493 4416 522 4470 Ρ.
541 4415 575 4470 A.
587 4418 617 4472 B.
638 4417 666 4477 S.
677 4417 709 4474 0.
719 4419 800 4477 tunt.
811 4419 881 4472 Van.
898 4415 956 4475 Alt.
978 4426 1007 4473 et
1024 4425 1114 4472 nostr.
1134 4417 1270 4476 Asc.'l·2.
1290 4419 1353 4474 Mr.
