2842 5070
209 276 275 375 'esu
408 303 641 372 monaoms
661 276 910 404 reseniis.
932 302 1164 383 merumr.

214 472 344 536 dicitur
362 472 594 557 pulchritudo:
616 475 664 535 sic
683 474 721 534 in
742 472 865 549 animo,
888 472 1083 554 opinionum
1096 469 1369 556 iudiciorumque

212 557 426 638 aequabilitas
448 565 482 619 et
502 557 700 633 constantia,
729 573 804 616 cum
831 555 995 617 firmitate
1017 553 1157 637 quadam
1180 565 1213 616 et
1235 557 1368 617 stabili-

211 646 292 716 tate,
314 645 477 702 virtutem
499 640 700 722 subsequens
722 647 781 700 aut
801 639 938 699 virtutis
959 641 1029 701 vim
1051 641 1155 718 ipsam
1178 643 1368 718 continens,

73 728 78 738 '
158 775 164 779 .
211 721 434 803 pulchritudo
462 731 614 786 vocatur.
661 721 810 804 Itemque
843 722 972 783 viribus
1004 722 1156 800 corperis
1185 730 1221 781 et
1251 726 1369 785 nervis

213 806 462 869 eteificacitati
482 805 606 866 similes
627 806 857 886 similibusque
882 804 995 866 verbis
1017 804 1120 863 animi
1139 804 1230 866 vires
1258 808 1369 867 uomi-

1302 916 1369 926 ——-

208 983 362 1075 ponantq‘r.
391 976 445 1029 ,ubi
474 992 533 1030 non
566 975 722 1029 audiendus
755 983 817 1028 erat
843 973 992 1047 Pearcius,
1031 973 1083 1044 qui
1115 975 1272 1046 scripserat
1305 992 1367 1041 eus,

210 1047 522 1188 qualequdqliicitur
550 1114 764 1187 peelcbritudoe]
800 1110 925 1169 Restitui
949 1133 1015 1169 cum
1038 1115 1108 1169 Dav.
1135 1116 1167 1168 in
1190 1118 1242 1171 Ed.
1263 1121 1289 1174 3.
1316 1121 1365 1178 Or.

100 1186 105 1202 ⁸
209 1184 283 1242 Tbn.
302 1202 395 1256 eaque,
415 1180 580 1259 quintiaco,
608 1197 642 1241 ut
660 1197 739 1241 recte
757 1188 872 1240 monuit
891 1189 948 1253 On,
979 1187 1154 1258 respondent
1171 1191 1366 1260 superioribus

209 1272 296 1330 euque
315 1260 404 1314 animi
422 1266 463 1313 est
480 1260 578 1313 uirtus.
616 1259 696 1325 Quod
722 1266 817 1311 autem
840 1256 946 1323 utha,
976 1257 1026 1328 qui
1052 1259 1198 1314 Wolhum
1222 1263 1365 1331 sequitur,

210 1332 246 1383 ad
264 1330 475 1384 defendundum
494 1330 569 1383 illud
588 1345 622 1384 sa
640 1345 718 1400 quae,
737 1318 814 1399 quod
831 1338 1004 1399 receperunt
1025 1330 1086 1382 siue
1103 1329 1249 1384 librorum
1268 1342 1367 1388 aucto-

210 1402 298 1454 ritate
316 1403 387 1455 Ern.
408 1403 504 1459 Wolf.
524 1401 609 1454 Sehz.
629 1401 732 1465 Nebb„
750 1400 846 1452 laudat
864 1402 912 1453 IV.
925 1405 950 1455 l.
970 1403 1001 1454 2:
1022 1417 1103 1469 quum
1120 1401 1235 1463 floreret
1253 1403 1286 1456 iu
1303 1406 1365 1457 ltu-

210 1471 254 1524 lio
279 1472 402 1527 Graecia
421 1472 634 1542 ¹potentissimis
661 1500 695 1536 -τ
721 1471 844 1535 urbibus,
872 1486 906 1524 ea
932 1486 1001 1540 quae
1024 1485 1130 1539 magna
1158 1471 1235 1526 dieta
1262 1482 1303 1528 eet
1328 1507 1362 1519 .-

209 1543 323 1596 collatis
348 1545 383 1598 ad
407 1562 473 1598 eum
495 1545 593 1596 locum
615 1552 645 1596 et
668 1542 732 1596 aliis
756 1552 785 1596 et
809 1550 917 1607 nostro,
950 1559 1049 1595 eorum
1079 1545 1211 1596 locorum
1236 1545 1292 1598 alia
1322 1555 1365 1600 est

98 1669 102 1675 ,
153 1679 156 1687 ,
208 1615 294 1678 ratio,
314 1632 402 1685 quam
419 1616 520 1669 nestri.
557 1615 665 1669 Eadem
683 1622 766 1677 esset,
786 1613 809 1664 si
827 1612 884 1665 hoe
901 1613 993 1666 vellet
1010 1614 1126 1679 Cicero:
1148 1610 1209 1666 ei'm
1228 1616 1364 1694 intelligo

209 1683 259 1749 (sc.
279 1686 405 1761 figuram
427 1705 459 1740 v.
477 1685 657 1751 suavitatem)
678 1702 758 1757 ‘quae
781 1684 892 1736 dieitur
912 1682 1110 1754 pulchritudo.
1152 1685 1209 1738 Sed
1229 1688 1307 1740 vult:
1336 1698 1365 1743 et

209 1764 243 1808 ut
262 1773 292 1808 ea
304 1757 421 1823 dicitur
437 1756 628 1842 pulchritudo
646 1754 816 1826 [eorporis]:
841 1755 883 1807 sic
901 1754 933 1806 in
951 1756 1046 1808 animo
1064 1756 1138 1809 item
1155 1766 1276 1811 vocatur
1300 1759 1365 1830 pul-

209 1824 344 1881 chritudo
369 1829 539 1900 opinionum
563 1860 596 1871 -
624 1827 783 1881 constantia
809 1835 864 1879 etc.
902 1824 968 1879 Sola
991 1826 1045 1879 Ed.
1064 1828 1095 1880 P.
1122 1844 1158 1880 ex
1182 1836 1254 1882 vett.
1278 1830 1364 1884 habet

209 1890 245 1951 ὲα
263 1912 315 1969 que
333 1901 452 1965 seorsim
474 1899 590 1970 scriptis
615 1899 749 1952 vocibus:
778 1897 827 1950 sed
853 1913 943 1963 casu.
959 1898 1071 1969 opinor.
1109 1899 1189 1952 Unus
1207 1899 1256 1952 Ox.
1277 1900 1364 1955 habet

208 1984 253 2035 eu,
280 1970 382 2025 omisso
444 1987 468 2023 e.
502 1971 579 2025 Gud.
599 1975 624 2026 1.
652 1969 795 2036 dicuutur,
819 1985 836 2021 a
858 1971 883 2024 l.
908 1984 947 2023 m.
976 1969 1053 2039 quod
1077 1970 1198 2023 secunda
1222 1973 1362 2038 correxit,

208 2042 305 2108 tertia,
323 2051 359 2095 ut
375 2043 406 2094 ui
427 2052 502 2110 etur,
527 2043 665 2094 restituit.
703 2040 762 2095 Mr.

277 2112 321 2166 sic
338 2112 370 2167 in
388 2116 490 2179 auimo,
509 2113 670 2181 opinionum
682 2110 731 2180 -]
751 2111 817 2165 (lod.
834 2110 930 2162 Duisb.
950 2107 1121 2165 iudiciorum
1138 2109 1359 2180 opinionumque.

121 2191 125 2197 “
207 2179 279 2237 Tres
306 2184 375 2237 Oxx.
402 2188 476 2238 lllon.
498 2189 522 2240 l'.
547 2183 620 2249 Edd.
645 2187 673 2237 Ρ.
702 2181 744 2243 Α,
761 2183 793 2236 Β.
819 2181 847 2235 S.
873 2181 909 2234 E.
929 2180 961 2234 C.
984 2183 1054 2234 ven.
1079 2189 1166 2233 nostr.
1193 2181 1257 2234 Asc.
1284 2187 1309 2237 1.
1330 2185 1359 2237 2.

206 2255 288 2307 Junt.
309 2257 466 2325 aequalitas
487 2255 758 2325 pro·aequobililue.
796 2254 868 2306 Mira
891 2251 1118 2306 hallucinatione
1141 2251 1173 2303 in
1188 2251 1242 2305 Ed.
1263 2252 1362 2320 Schz.‚

206 2322 239 2376 in
258 2342 315 2394 qua
333 2326 498 2378 coniunctio
517 2340 587 2390 eum,
607 2326 691 2377 utin
708 2333 805 2377 nostra
824 2323 962 2376 scribitur
980 2339 1071 2393 quum,
1090 2322 1146 2377 hoc
1165 2340 1279 2394 quoque
1296 2324 1362 2377 loco

138 2415 143 2431 ·
227 2394 338 2448 roxima
356 2413 424 2466 prae
446 2394 531 2450 esitio
550 2411 612 2448 eum
638 2396 746 2467 scripta
774 2402 816 2449 est
834 2409 925 2465 quum.
963 2396 997 2447 In
1017 2412 1097 2465 seqq.
1125 2412 1197 2446 unus
1221 2395 1288 2449 eod.
1310 2396 1360 2449 Ox.

205 2412 292 2518 habet
317 2472 344 2520 et
367 2415 609 2522 stulilitatem
642 2474 675 2520 et
707 2466 848 2523 uirtutem.
875 2463 972 2519 llehd.¹
995 2465 1154 2519 uirtutum
1179 2467 1361 2538 subsequens.

204 2534 287 2589 Alius
306 2538 355 2590 Ox.
376 2540 488 2592 omittit
511 2538 577 2591 uim.
614 2539 674 2592 Mr.
989 2562 998 2574 ⁸

277 2609 393 2662 uirtutis
409 2608 466 2662 uim
483 2608 574 2678 ipsum
592 2608 745 2676 continens]
769 2608 817 2662 Ex
824 2606 951 2661 Bentleii
969 2607 1111 2661 sententia
1128 2607 1198 2659 Dav.
1218 2607 1251 2659 in
1268 2608 1322 2661 ud.
1333 2611 1360 2664 2.

206 2674 271 2745 (nec
295 2696 365 2733 vero
389 2682 421 2732 in
447 2680 486 2744 3.)
514 2680 592 2732 dedit
618 2679 693 2748 ipso,
721 2680 855 2750 idemque
882 2680 1017 2732 feceruut
1038 2679 1187 2735 FAWolf.
1212 2679 1245 2730 in
1261 2679 1315 2731 Ed.
1336 2685 1360 2735 l.

204 2744 290 2818 Koel.
313 2751 381 2804 Bill.
418 2753 497 2805 lusto
525 2749 666 2820 cupidius,
698 2767 868 2822 quamquam
902 2750 979 2803 illud
1006 2748 1107 2820 probat
1139 2749 1227 2802 etiam
1254 2748 1361 2816 Kiihn.,

204 2822 292 2874 allata
309 2823 434 2889 Bentleii
452 2822 573 2874 ratione.
611 2821 692 2876 Libri
711 2838 769 2875 non
788 2819 956 2886 assentiunt,
982 2837 1076 2890 neque
1095 2822 1169 2874 ratio
1191 2839 1252 2874 earu
1270 2830 1362 2873 muta·

204 2892 317 2946 tionem
334 2894 456 2968 flagitat.
485 2894 538 2945 Est
556 2893 587 2944 in
600 2893 666 2949 cod.
687 2896 762 2947 Ilion.
785 2897 809 2947 l.
829 2894 942 2946 uirtutis
958 2894 1015 2946 uim
1033 2893 1219 2945 continens
1236 2891 1360 2967 ipsam3

66 2995 72 3009 .
138 3006 141 3011 .
204 2963 236 3014 in
255 2963 330 3017 Gud.
349 2967 375 3019 2.
403 2964 522 3017 uirtutis
547 2978 713 3018 summum
739 2964 834 3033 ipsam
850 2964 1003 3017 continens.
1042 2962 1172 3017 Stoicum
1191 2981 1251 3015 esse
1269 2980 1360 3028 usum,

203 3035 428 3101 etnubentium,
459 3037 500 3088 ait
517 3036 614 3092 Wolf.
640 3037 673 3089 in
699 3036 816 3102 scholis,
848 3036 925 3106 quod
952 3034 1105 3088 adhibetur
1124 3031 1308 3102 pulchritudo
1326 3033 1361 3086 ds

204 3102 296 3159 enimi
313 3109 498 3179 praestantia.
535 3107 595 3160 Mr.
664 3140 668 3147 ·
688 3124 699 3143 ¹
1394 3141 1399 3152 .

249 3220 252 3229 .
273 3178 394 3249 itemque
411 3178 521 3233 mribus
540 3176 671 3248 corporis
690 3186 716 3232 et
733 3177 887 3247 serua-J
906 3177 974 3232 cod.
988 3175 1220 3245 Duisb.·ltaque
1238 3182 1271 3229 et
1288 3172 1380 3246 siri--

202 3246 262 3302 bue.
283 3274 319 3288 -·
354 3250 501 3304 scribitur
526 3249 594 3303 item
619 3265 703 3321 quoe
728 3250 759 3302 in
784 3250 855 3303 Edd.
875 3247 910 3301 Α.
929 3249 960 3300 B.
980 3246 1014 3299 E.
1035 3249 1104 3299 Ven.
1131 3256 1221 3299 nostr.
1241 3247 1306 3300 Asc.
1328 3252 1360 3313 l;

202 3319 269 3374 &em
287 3337 337 3389 que
355 3323 386 3373 in
399 3322 456 3374 Ed.
476 3324 505 3374 P.
544 3316 614 3374 lude
638 3323 802 3389 acorporis
827 3336 918 3390 usque
936 3319 971 3372 ad
988 3317 1123 3384 celeritas
1146 3319 1242 3370 omnia
1260 3318 1361 3371 desunt

202 3389 234 3442 in
247 3390 320 3450 ¹(lod.
341 3386 415 3446 Gud.
437 3397 460 3447 1.
481 3396 507 3448 2.
542 3394 609 3445 Post
636 3392 764 3463 corporis
786 3408 860 3442 uuus
879 3391 929 3444 Ox.
949 3391 1049 3464 pergit
1068 3395 1095 3441 et
1120 3394 1271 3442 naturae
1295 3389 1359 3442 uis.

202 3458 332 3546 Sequens
355 3469 382 3517 et
397 3465 522 3516 'omittit
548 3462 623 3516 MonL
644 3469 669 3517 1.
695 3461 861 3528 Efficacitas
886 3463 919 3513 iu
941 3460 1007 3512 aliis
1026 3460 1173 3513 Ciceronis
1200 3459 1285 3511 libris
1303 3477 1362 3512 non

200 3531 322 3610 legitur,
355 3534 405 3588 sed
427 3537 502 3607 apud
528 3534 559 3601 Q.
580 3533 750 3586 Ciceronem
775 3534 809 3601 de
833 3534 917 3585 Petit.
938 3530 1082 3584 consulat.
1102 3535 1129 3595 3,
1157 3530 1206 3582 ubi
1228 3531 1363 3603 iungitur

201 3621 269 3657 cum
287 3612 362 3659 erte:
398 3604 518 3660 Tantum
535 3636 568 3649 -
587 3601 667 3658 lubet
684 3634 718 3646 -
736 3604 768 3658 in
791 3604 909 3659 libidine
926 3603 1009 3668 artis,
1038 3607 1146 3655 torulum
1172 3601 1361 3669 efficacitatis,

198 3692 218 3743 μ
250 3678 407 3813 &gemelli
416 3726 615 3816 similibusque
632 3747 736 3814 uerbis]
773 3747 867 3831 Vulgo
885 3744 1005 3811 similes,
1024 3743 1165 3799 similibus
1180 3745 1283 3798 uerbis.
1305 3743 1362 3797 Sed

200 3816 270 3892 Reg.
290 3817 436 3870 Pithoeau.
456 3817 572 3871 iialliol.
598 3826 628 3871 et
644 3826 759 3881 ueteres
770 3817 849 3879 ,editi
867 3817 1033 3883 lectionem,
1058 3832 1144 3886 quam
1162 3824 1361 3885 repraesenta·

180 3904 273 3954 mus,
293 3887 439 3942 exhibent.
476 3887 512 3942 D.
548 3923 552 3937 ι
819 3936 831 3956 ,

272 3957 391 4031 similes,
410 3958 790 4030 similibusqu'euerbis]
809 3959 925 4013 Servari
943 3959 1010 4011 vult
1028 3957 1187 4010 lectionem
1207 3958 1260 4013 Ed.
1271 3957 1365 4011 Grut-

192 4028 352 4096 similibus,
378 4044 457 4101 ¹quae
490 4039 587 4084 tamen
622 4031 701 4083 omni
729 4034 793 4084 fere
826 4028 957 4085 codicum
988 4030 1161 4082 auctoritate
1190 4030 1363 4093 destituitur

200 4100 319 4168 (hebent
337 4102 454 4155 nonnisi
474 4101 529 4155 duo
547 4102 629 4168 Oxx.)
648 4102 888 4173 Wopkensiusl.
908 4120 932 4160 c.
953 4120 981 4173 p.
1004 4103 1055 4156 1⁴5
1073 4118 1113 4170 sq.
1139 4100 1363 4169 similibusque

200 4171 308 4225 hebent
325 4172 411 4225 cedd.
436 4173 505 4250 Reg.
534 4174 607 4227 Gud.
629 4178 653 4228 1.
678 4173 752 4248 Aug.
781 4175 869 4229 Rehd.
894 4172 992 4226 Duisb.
1017 4173 1100 4226 Bern.
1126 4173 1210 4224 Vind.
1231 4177 1256 4227 l.
1286 4189 1362 4223 unus

200 4242 280 4313 heid.
301 4242 426 4312 quituor
444 4245 512 4300 Ου’.
538 4247 609 4299 Edd.
629 4248 658 4298 P.
678 4246 711 4298 A.
731 4248 761 4298 B.
782 4246 810 4300 S.
830 4247 864 4299 Ε.
884 4246 914 4300 G.
935 4247 968 4296 V.
988 4246 1059 4298 Ven.
1084 4251 1172 4296 nostr.
1201 4242 1267 4296 Asc.
1288 4247 1312 4297 1.
1333 4245 1359 4297 2.

201 4316 283 4369 Junh
303 4315 390 4368 heod.
419 4315 565 4371 Sei-ibitur
582 4323 677 4371 autem
694 4317 887 4388 similibusque
904 4333 959 4389 prq
978 4321 1006 4367 el
1025 4313 1135 4384 quidem
1152 4314 1294 4369 siusilibus
1311 4315 1362 4367 vel

202 4386 344 4457 similibus
362 4402 507 4461 quoque:
532 4406 621 4461 quare
639 4406 699 4443 nnn
721 4384 914 4444 necessarium
932 4387 1095 4451 existimavi
1114 4387 1245 4456 recipere
1265 4393 1362 4455 poste·

204 4458 314 4515 iissem
330 4459 509 4530 lectionem·
529 4478 616 4533 quem
636 4459 744 4517 habent
768 4462 835 4517 God.
855 4458 929 4516 lton.
949 4463 975 4516 1.
1003 4457 1077 4513 udo.
1099 4461 1136 4512 bl.
1156 4459 1188 4513 1..
1208 4457 1274 4511 Ald.
1293 4457 1357 4511 oar.

416 4552 422 4581 l
