2842 5070
205 317 268 386 aso
316 314 321 325 “
405 273 1156 384 o1ora0u1sruscuunu.msrurnr.

164 462 169 475 ,
205 484 477 548 aliterrecentiai
499 486 664 565 sapientes
675 504 718 546 ne
731 485 875 572 attingat
888 481 1020 565 quidem
1039 485 1184 548 omnino.
1207 483 1362 548 Etenim
1374 466 1383 481 ..

211 611 822 620 —m——q-W———m
827 613 854 619 ...-
859 614 890 619 ὡ
908 615 1025 621 .-.,...-,.
1030 614 1214 622 -..ψ-...ᾂ-
1219 616 1248 622 --
1258 617 1360 624 w«.-

203 670 233 725 si
249 688 366 724 rerum
383 678 521 738 naturam,
541 688 596 725 non
613 670 797 740 ignominiam
815 669 938 724 nominis
956 669 1115 739 quaerimus
1134 679 1188 725 etc.
1210 672 1260 724 ubi
1278 675 1313 725 V.
1326 673 1360 725 D.

203 743 372 809 [Bentleius]
391 743 504 808 volebat
521 743 575 796 rei.
601 744 639 796 N.
657 742 743 795 Deor.
762 744 801 796 11.
821 744 851 795 3:
872 758 939 811 quos
959 774 991 785 -
1011 758 1132 809 augures
1148 758 1182 795 ne
1200 742 1280 812 ipsae
1299 744 1362 814 qui·
1382 777 1395 786 -

203 814 266 866 dem
289 814 400 881 fabulae
424 813 615 880 adscivissent,
643 815 669 867 si
694 829 750 866 res
774 812 886 865 omnino
915 813 1112 880 repudiarent:
1143 813 1203 877 ubi,
1231 832 1299 866 cum
1325 816 1360 868 de

202 885 262 936 sola
280 884 429 937 divinandi
447 895 509 937 arte
527 887 621 938 'sermo
640 885 686 947 sit,
705 900 766 935 rem
784 883 897 956 legebat
923 884 1062 935 Boherius
1089 878 1214 1004 [lepit'ur
1235 886 1361 939 nuncsi

203 970 262 1006 res
280 984 293 996 -
311 955 516 1024 repudiaretJ.
546 955 638 1008 bliror
655 954 750 1018 etiam,
770 953 910 1022 quomodo
926 953 961 1004 in
978 954 1025 1006 his
1034 954 1108 1006 Veli.
1150 963 1237 1007 atero.
1251 958 1289 1009 ΙΙ.
1308 959 1362 1011 aar

62 1080 70 1091 l
147 1030 148 1034 ’
202 1024 275 1076 Nam
294 1041 376 1092 neque
394 1025 551 1094 Pompeius,
574 1031 605 1078 ut
621 1024 743 1092 primum
762 1025 800 1077 ad
825 1040 911 1090 remp.
932 1040 1088 1092 aggressus
1112 1030 1164 1087 est,
1195 1041 1359 1094 quemquam
1404 1034 1409 1044 ’

202 1098 297 1150 animo
318 1095 349 1161 [l.
368 1097 417 1148 rel
435 1097 555 1160 omnino,
573 1096 622 1148 vel
641 1110 729 1163 aequo
747 1094 851 1160 animo]
868 1110 967 1161 parem
985 1095 1065 1159 aazia
1088 1103 1114 1148 et
1136 1097 1167 1148 in
1195 1097 1294 1165 quibus
1313 1113 1359 1149 re·

202 1166 253 1218 ius
267 1166 376 1235 primus
393 1183 453 1220 esse
472 1168 591 1232 debebat,
611 1167 686 1235 solus
705 1182 762 1218 esse
780 1167 922 1232 cupiebat:
942 1166 1043 1231 rniror,
1063 1166 1192 1234 inquam,
1216 1169 1359 1235 quornodo

202 1234 332 1302 Heinsio,
351 1238 426 1307 quod
444 1238 632 1307 praecesserit
650 1252 747 1303 remp,
772 1236 814 1287 sic
837 1236 1023 1288 invenustum
1049 1237 1144 1287 visum
1169 1237 1260 1289 fuerit
1275 1238 1357 1290 'illud

202 1307 291 1373 rebus,
311 1309 515 1383 ntlegendum
535 1316 663 1360 censeret
681 1306 793 1373 inqua
812 1306 1022 1375 urbeprimus
1040 1314 1094 1358 etc.
1123 1307 1224 1359 Rerum
1240 1310 1358 1361 nomine
1384 1357 1389 1363 ,

201 1379 306 1448 passim
325 1380 391 1430 cnm
409 1396 471 1436 rem
497 1380 638 1448 quandam
656 1377 819 1447 specialem,
843 1384 905 1428 tum
925 1393 1037 1446 quoque
1056 1377 1101 1428 rei
1117 1376 1251 1446 publicae
1270 1380 1360 1438 admi-

202 1448 404 1501 nistrationem
423 1450 479 1500 insi
521 1450 571 1513 iri,
591 1449 656 1518 quis
675 1449 786 1517 estqui
805 1446 961 1499 dubitet?“
991 1447 1135 1514 Wopkens.
1162 1448 1183 1498 l.
1203 1466 1227 1500 c.
1256 1467 1285 1518 p.
1307 1453 1357 1504 lll

198 1536 243 1587 sq.
281 1517 406 1572 Assentit
430 1520 457 1572 ei
474 1467 575 1581 ζώῃ
600 1534 654 1570 nec
679 1533 750 1569 vero
777 1519 809 1569 in
828 1534 870 1582 eo,
901 1518 977 1586 quod
999 1517 1088 1587 ipsius
1107 1519 1305 1584 coniecturam
1322 1521 1357 1573 ad

104 1644 107 1651 ,
202 1589 236 1641 de
264 1590 301 1641 N.
322 1590 354 1641 D.
374 1588 413 1644 ll.¹
431 1593 457 1645 3.
486 1589 628 1659 reprobat.
665 1587 805 1640 sProbavit
829 1586 1007 1641 FAWollins
1043 1589 1074 1639 in
1101 1588 1207 1641 scholis
1231 1590 1357 1642 Bentleii

201 1661 407 1725 coniecturam,
427 1677 547 1729 eamque
566 1661 598 1710 in
617 1657 703 1710 Codd.
723 1658 851 1728 reperiri
870 1658 920 1722 ait,
939 1675 1005 1709 cum
1024 1667 1120 1711 tamen
1130 1660 1230 1712 nullus
1239 1661 1357 1713 omnino

103 1749 106 1754 ·
200 1729 278 1781 liber
295 1729 396 1782 habeat
414 1745 454 1782 re.
492 1732 554 1783 Nec
572 1739 669 1782 tamen
688 1745 749 1780 eam
769 1729 894 1799 recepit:
928 1728 976 1780 sed
1002 1728 1083 1781 dedit
1109 1747 1176 1781 cum
1193 1746 1241 1782 res
1260 1732 1358 1795 eadem

199 1808 317 1865 maneat,
336 1810 370 1858 ut
387 1801 493 1854 habent
510 1801 583 1853 Edd.
604 1798 636 1850 0.
656 1800 689 1854 V.
708 1801 746 1849 Μ.
766 1801 797 1850 L.
818 1801 998 1851 Ven.·nostr.
1017 1800 1081 1851 Asc.
1103 1805 1127 1854 l.
1147 1804 1173 1856 2.
1193 1802 1274 1853 lunt.
1288 1801 1354 1855 Rob.

200 1878 229 1922 et
248 1870 312 1923 Car.
332 1870 431 1941 Steph.
451 1871 530 1923 Brut.
551 1869 638 1924 Goth.
666 1869 751 1922 Leod.
779 1869 869 1923 Gebh.
897 1869 969 1920 Ern.
991 1869 1075 1924 Schz.
1095 1871 1149 1922 'On
1170 1872 1259 1923 Nobb.
1279 1873 1351 1925 Tbn.

198 1940 320 2010 aliquot,
338 1951 372 1993 ut
388 1942 513 2006 videtur,
532 1940 617 1995 Godd.
639 1941 707 1992 (lxx.
727 1938 824 1992 Duisb.
845 1940 927 1991 vind.
948 1944 973 1994 l.
992 1943 1017 1995 2.
1038 1941 1124 1993 llarb.
1161 1942 1221 1995 Mr.

151 2043 155 2050 ·
201 2038 211 2095 j
271 2036 312 2094 ut,
350 2046 413 2084 aum
431 2045 490 2082 res
509 2030 633 2083 eaedem
650 2027 815 2094 maneant]
836 2028 879 2079 lta
897 2028 962 2080 dedi
982 2045 1017 2081 ex
1036 2037 1157 2099 quatuor
1175 2024 1259 2082 codd.
1281 2032 1352 2082 Oxx.

187 2101 273 2172 Aug.
299 2049 386 2154 nella.
415 2101 489 2153 Gud.
515 2103 590 2153 Mon.
612 2099 636 2150 l.
656 2101 683 2153 2.
708 2115 802 2167 neque
827 2099 916 2172 longe
943 2098 1048 2152 abeunt
1071 2099 1153 2156 eodo.
1178 2101 1247 2173 Reg.
1276 2101 1351 2152 Gud.

174 2175 176 2178 ’
199 2175 226 2226 1.
245 2174 271 2226 2.
292 2171 343 2240 qui
360 2171 466 2224 habent
482 2187 540 2224 res
559 2170 663 2224 eadem
681 2175 835 2232 maneant,
863 2186 928 2220 cum
956 2169 1022 2222 God.
1048 2169 1120 2222 Pith.
1154 2171 1245 2240 Prope
1272 2186 1354 2221 acce-

199 2241 271 2293 dunt
289 2241 360 2303 Edu.
380 2243 463 2294 Eur.
485 2240 552 2305 (nisi
572 2240 648 2310 quod
665 2240 696 2290 in
713 2238 769 2290 hac
788 2245 831 2290 est
849 2244 898 2290 aui
916 2254 968 2308 pro
985 2241 1041 2305 ul),
1060 2239 1090 2291 in
1108 2238 1209 2309 quibus
1229 2247 1271 2291 est
1290 2254 1356 2291 eae-

200 2311 263 2364 dem
280 2327 325 2363 res
344 2318 478 2365 maneant.
515 2311 661 2362 Pluralem
678 2319 747 2360 'vero
766 2309 830 2360 loco
848 2310 939 2384 magis
959 2326 1017 2376 esse
1030 2310 1271 2362 accommodatum
1290 2328 1356 2362 sen·

200 2381 293 2433 tentia
316 2382 374 2450 ipsa
401 2381 496 2434 docet,
512 2380 665 2443 ,Handiuq
697 2379 874 2449 Wopkensii
902 2381 1072 2433 sententiam
1099 2379 1220 2450 probans
1255 2380 1358 2449 (quam

200 2449 334 2520 equidem
354 2467 411 2503 non
430 2451 571 2521 improbo,
598 2449 738 2521 quitenus
761 2450 917 2521 opponitur
941 2452 1123 2504 coniecturae
1148 2450 1284 2516 Bentleii,
1309 2451 1358 2504 sed

200 2520 301 2573 cedere
330 2521 400 2575 iussi
427 2530 456 2574 et
481 2522 588 2573 rationi
614 2530 643 2572 et
667 2519 836 2572 melioribus
860 2519 953 2587 libris)
980 2521 1053 2581 haec
1084 2522 1216 2592 apposuit
1239 2538 1267 2590 p.
1290 2524 1356 2576 13⁰:

200 2591 402 2675 „Comparatis
428 2592 568 2661 exemplis
594 2591 816 2652 demonstratur,
842 2600 871 2643 et
894 2590 1039 2660 pluralem
1067 2598 1097 2643 et
1115 2592 1292 2675 singularem
1311 2593 1358 2644 ad-

200 2662 280 2715 mitti
300 2680 331 2712 m
348 2681 403 2714 usu
420 2661 554 2714 vocabuli
570 2676 625 2716 res.
664 2660 825 2744 Singularis
851 2670 946 2725 autem
968 2662 1098 2730 ponitur,
1122 2662 1243 2732 ubrsaut
1268 2659 1356 2736 genus

200 2732 245 2786 rei
264 2732 472 2798 consideratur,
491 2740 540 2784 aut
557 2730 602 2784 ies
621 2740 777 2800 opponitur
793 2730 843 2782 vel
862 2740 997 2784 externae
1016 2730 1132 2801 speciei,
1152 2732 1200 2784 vel
1215 2723 1355 2802 opinioni,

198 2803 248 2856 vel
267 2804 393 2854 nomini·
426 2804 461 2855 ln
481 2802 546 2854 aliis
563 2818 666 2872 parum
686 2800 754 2866 [non
772 2801 910 2867 multum]
935 2800 1047 2866 differt,
1072 2803 1104 2853 in
1122 2801 1355 2855 aliistsententia

115 2903 120 2908 ·
199 2879 338 2925 mutatur.
377 2872 468 2938 Quare
486 2873 578 2925 miror
596 2872 628 2924 ab
647 2872 756 2925 Orellio
777 2888 890 2942 quoque
908 2873 1070 2942 praedicari
1090 2872 1120 2923 in
1138 2872 1196 2925 hoc
1220 2872 1285 2926 loco
1308 2874 1355 2925 bo-

141 2994 146 3001 ,
175 2973 176 2976 =
198 2960 265 2994 narn
283 2943 408 2994 Bentleii
428 2942 655 2996 coniecturam.“
691 2943 744 2995 Cui
771 2959 849 2994 nunc
874 2944 992 2994 assentit
1012 2943 1058 2995 Or.
1087 2944 1121 2995 ad
1138 2943 1248 2997 Woliii
1276 2942 1355 2995 scho-

159 3035 165 3043 ’
198 3013 249 3065 las.
286 3013 350 3087 Ego
368 3027 438 3065 vero
456 3014 588 3083 praefero
606 3013 749 3084 pluralem
769 3030 931 3076 numerum,
960 3030 1048 3082 quum
1072 3012 1194 3083 pluralis
1218 3031 1353 3065 numerus
1393 3078 1395 3082 λ

193 3092 229 3136 -et
248 3082 396 3139 antecedat
421 3083 517 3152 [eaque
535 3082 640 3149 omnia]
665 3093 695 3136 et
719 3091 856 3151 sequatur
883 3084 1048 3149 [inueterata
1068 3088 1099 3126 “-“-
1120 3081 1263 3148 recentia].
1300 3083 1355 3135 Res

199 3162 295 3206 autem
314 3154 412 3206 intelli
434 3155 532 3221 treas,
561 3172 632 3224 quae
650 3163 699 3206 aut
717 3153 803 3205 nirnis
828 3153 935 3216 tristes,
958 3154 1040 3223 quasi
1066 3154 1167 3219 malae,
1193 3163 1243 3206 ant
1268 3153 1354 3205 nimis
1406 3184 1409 3188 <

198 3225 299 3286 laetae,
321 3171 518 3294 quasilonaa
538 3242 636 3278 errore
654 3225 733 3279 fiant.
772 3225 832 3278 Mr.

270 3294 357 3348 aliter
375 3295 469 3358 ferant
487 3298 651 3359 inveterata,
671 3294 756 3346 aliter
773 3292 913 3359 recentia]
950 3330 968 3358 ‚,
977 3295 1072 3358 Ferat,
1092 3294 1214 3367 vulgati.
1245 3293 1353 3364 Opinor

198 3363 354 3437 legendum
379 3370 444 3417 esse‘
459 3366 565 3430 ferani,
589 3365 730 3433 siquidem
755 3364 790 3415 ad
807 3379 909 3415 vocem
934 3364 1030 3415 stultis
1048 3364 1208 3418 refertur.“
1235 3363 1267 3416 P.
1287 3365 1353 3417 Ma-

199 3433 305 3493 nutius.
342 3437 397 3498 „’P.
418 3436 573 3499 Manutius,
603 3435 737 3504 quoniam
756 3434 790 3485 de
809 3434 904 3485 stultis
924 3433 1017 3486 sermo
1037 3442 1088 3498 est,
1112 3433 1223 3485 rnavult
1249 3436 1351 3486 ferant.

101 3563 105 3572 ἡ
199 3502 255 3556 Sed
274 3512 302 3556 et
320 3506 397 3571 ferat
415 3505 448 3557 ad
466 3505 594 3574 aliquem
612 3522 628 3558 e
647 3504 743 3556 stultis
761 3505 868 3556 referri
885 3511 996 3574 potest,
1014 3513 1043 3555 et
1062 3504 1215 3573 sapientem
1234 3520 1353 3556 nurnero

199 3574 341 3649 singulari
359 3576 522 3628 nominat.“
541 3576 605 3628 Frc.
625 3575 733 3628 Fabric.
760 3574 887 3627 Fabricii
905 3574 1047 3626 rationein
1066 3574 1095 3625 h.
1115 3575 1136 3625 1.
1157 3575 1270 3626 nullam
1284 3591 1353 3637 esse,

198 3662 293 3711 uerno,
321 3645 441 3730 opinor,
464 3645 631 3728 non-ridet.
668 3645 779 3696 Habent
805 3646 901 3728 ferant
929 3653 1037 3715 septem
1066 3643 1151 3727 Codd.
1185 3644 1256 3697 Oxx.
1282 3643 1352 3719 aeg.

179 3715 270 3849 tu:
290 3715 482 3838 iiiiii·
500 3715 587 3853 lii·
600 3714 1351 3839 tiufur,uttasubstituturus

198 3857 247 3910 20:
277 3855 326 3924 qui
342 3871 408 3907 suos
431 3870 513 3907 casus
532 3857 645 3908 aliter
663 3858 783 3920 ferani
803 3864 857 3907 etc.
887 3864 916 3907 et
934 3855 969 3908 de
989 3855 1053 3907 Sen.
1074 3857 1122 3910 20:
1150 3855 1353 3920 conglutinatio

197 3941 322 3979 recens
341 3940 436 3990 aegre,
456 3927 662 3977 inueterata
680 3924 766 3989 facile
791 3924 945 3977 discilium.
982 3924 1053 3977 Add.
1079 3924 1234 3995 Philippio.
1255 3927 1289 3976 V.
1311 3930 1351 3980 ll.

196 4005 273 4048 extr.
291 3995 340 4046 ubi
358 3994 511 4046 inveterato
530 3994 605 4046 rnalo
624 3995 779 4064 opponitur
796 4011 919 4048 nascens.
958 3997 1018 4048 Mr.
1307 4031 1310 4036 -

267 4067 408 4131 sapientes
433 4080 466 4115 ne
489 4067 613 4130 attingat
640 4065 765 4132 quidem]
802 4066 976 4129 „Victorius
1001 4065 1052 4128 ita,
1078 4073 1106 4117 et
1124 4072 1182 4116 vet.
1203 4067 1266 4119 cod.
1287 4082 1353 4118 cum

196 4134 267 4188 Pall.
287 4152 330 4204 pr.
349 4151 405 4186 sec.
426 4141 493 4195 tert.
519 4143 612 4202 quart.
630 4137 736 4201 Vatia-3
765 4136 920 4202 sapientis
941 4151 977 4188 ne
1001 4134 1141 4202 attingam
1170 4136 1228 4188 Pal
1277 4136 1351 4188 nint.

195 4205 333 4276 sapientis
352 4204 462 4271 quidem
482 4220 516 4256 ne
534 4205 656 4271 attingat
683 4204 828 4259 amerino.“
845 4204 928 4261 Geor.
965 4205 1114 4258 Accedunt
1138 4205 1243 4274 optimi
1289 4204 1354 4275 odd,

108 4342 110 4344 Ι
195 4278 264 4350 Bag.
285 4273 359 4329 eud.
382 4279 405 4329 1.
423 4278 450 4330 2.
471 4275 544 4327 Gud.
565 4276 651 4328 Nlarb.
668 4276 799 4346 ‚quinque
819 4276 888 4328 Oxx.
906 4275 978 4329 Edd.
996 4277 1030 4327 V.
1049 4276 1117 4329 Rob.
1136 4274 1186 4328 Ste
1206 4275 1237 4328 h.
1252 4276 1352 4331 Herw.

197 4348 281 4419 Laod,
303 4346 370 4413 [nisi
396 4345 471 4414 quod
497 4347 528 4397 in
550 4345 597 4398 his
615 4346 755 4402 scribitur
775 4345 936 4414 sapientcis]
957 4345 1048 4398 Gebh.
1069 4362 1148 4416 seqq.
1185 4293 1221 4399 ln
1249 4347 1352 4415 quibus

197 4417 280 4471 libris
298 4433 388 4487 quum
406 4416 474 4481 sint,
493 4417 543 4485 qui
561 4415 684 4470 habeam
701 4415 840 4486 sapientis
857 4419 902 4483 (ut
920 4416 1073 4470 ediderunt
1090 4415 1159 4469 Dar.
1185 4424 1214 4471 et
1233 4416 1351 4482 FAW.)
