2842 5070
191 318 276 405 ,368
415 313 644 379 CICERONIS
666 313 912 382 TUSCULAN.
935 314 1167 381 DISPUTAT.
1257 400 1262 419 .

214 500 291 544 cere
311 497 418 563 posse.
459 479 572 543 Noctu
593 481 781 544 ambulabat
801 484 835 543 in
858 482 989 564 publico
1003 480 1257 560 Themistocles,
1279 481 1368 565 quod

214 580 515 644 somnnmcapere
546 583 613 626 non
640 573 771 645 possets
804 565 1103 645 quaerentibusque
1131 563 1368 645 respondebat,

213 646 379 710 Miltiadis
402 644 543 724 tropaeis
563 665 598 708 se
619 665 635 706 e
655 666 761 708 somno
782 649 946 710 suscitari.
991 645 1054 709 Cui
1076 666 1142 707 uon
1163 656 1243 708 sunt
1271 647 1368 713 autli-

165 735 193 788 b.
212 739 265 792 tae
287 727 521 791 Demosthenis
547 727 702 812 vigiliae?
731 731 788 810 qui
819 727 934 790 dolore
962 749 998 790 se
1025 729 1146 804 aiebat,
1175 731 1205 789 si
1235 729 1368 811 quando

214 811 372 894 opificum
407 811 600 871 antelucana
636 815 743 874 rictus
772 819 868 913 'esset
900 810 1076 873 industria.
1131 810 1369 894 Philosophiae

216 919 580 930 η--ω--ο-οφμ
737 920 887 926 -..Μ
893 921 900 924 .
906 921 996 926 ....-..-.
1161 921 1174 924 ..
1179 920 1240 926 ,-

283 975 342 1030 nisi
365 978 438 1047 quod
462 977 590 1043 libeat]
626 978 788 1030 Ediderunt
816 978 905 1030 lubeat
927 975 964 1029 V.'
990 986 1019 1030 ct
1046 976 1115 1029 Dav.
1142 977 1240 1030 tacite.
1287 978 1368 1031 Idem

213 1047 299 1100 habet
318 1048 385 1102 Cot.
406 1048 490 1100 Vind.
512 1052 545 1113 13
570 1048 656 1100 Codd.
680 1046 769 1102 Rehd.
790 1048 863 1101 Gud.
883 1048 978 1100 Duisb.
998 1047 1098 1100 iubeat.
1137 1050 1203 1101 lllox
1220 1066 1296 1100 unus
1315 1049 1365 1103 Ox'.

214 1119 389 1177 ambulans.
427 1118 507 1183 Quod
523 1119 553 1170 h.
573 1118 593 1169 l.
613 1129 747 1171 narratur
765 1119 799 1171 de
817 1117 1023 1183 Themistocle,
1050 1118 1187 1170 eiusmodi
1215 1118 1368 1192 ingenium

214 1188 390 1242 adscribitur
408 1190 496 1241 etiam
513 1188 623 1242 Theseo
641 1190 716 1259 apud
735 1189 878 1242 Plutarch.
908 1189 938 1240 in
957 1188 991 1252 ej.
1011 1189 1071 1240 vita
1089 1191 1163 1258 p.·3.
1183 1189 1216 1240 F.
1236 1198 1266 1241 et
1285 1190 1366 1243 Julio

214 1260 328 1313 Caesari
350 1278 395 1330 ap.
415 1258 531 1312 Sueton.
547 1276 581 1311 c.
603 1264 627 1314 7.
665 1259 744 1313 Adde
770 1260 851 1314 locis,
865 1278 882 1311 a
899 1258 1012 1310 Davisic
1039 1258 1160 1311 laudatis
1178 1259 1365 1313 Plutarchum

214 1330 249 1383 de
268 1330 411 1400 capienda
434 1347 470 1382 cx
496 1329 625 1382 hostibus
649 1332 777 1383 utilitate
799 1349 828 1401 p.
849 1333 892 1388 92.
924 1329 953 1382 G.
974 1330 1008 1382 de
1028 1331 1171 1382 Profecit.
1200 1329 1232 1380 in
1253 1331 1365 1383 virtute

214 1409 285 1454 sent.
313 1419 340 1471 p.
361 1403 403 1456 84.
432 1399 462 1452 Β.
484 1427 516 1445 -ν
550 1401 616 1454 God.
637 1400 711 1455 Gud.
737 1401 785 1470 qai
811 1417 864 1471 pro
889 1401 968 1467 quod.
1012 1401 1068 1452 Pro
1094 1414 1219 1453 sensnum
1244 1401 1318 1452 Gud.
1339 1406 1363 1456 l.

213 1470 299 1525 habet
317 1469 413 1525 sonum
432 1470 479 1537 [ex
495 1471 584 1537 νῦνῆ.
612 1472 656 1523 Ad
675 1479 850 1525 structuram
869 1471 944 1539 quod
961 1503 992 1513 —
1015 1487 1068 1523 uon
1084 1475 1201 1539 posset
1241 1487 1274 1523 ro
1294 1471 1366 1538 quod

214 1573 247 1586 -
266 1559 320 1595 nen
335 1547 481 1612 poterat
498 1542 531 1593 F.
551 1542 707 1607 Bucherius,
726 1543 800 1594 Prof.
820 1540 1004 1594 llctwilensis
1022 1542 1173 1596 inProlus.
1194 1487 1365 1594 scholastica

155 1659 161 1671 ,
212 1612 255 1666 De
279 1614 385 1666 Tribus
408 1614 533 1666 Graecae
559 1614 592 1664 L.
617 1613 764 1665 idiomatis
790 1611 904 1676 (1826.)
930 1630 969 1681 p·-
986 1614 1012 1666 9.
1046 1614 1161 1665 confert
1187 1610 1365 1664 locutionem

193 1714 195 1719 ν
214 1683 367 1737 Graecam:
387 1678 482 1744 νυκτὸς
499 1677 651 1751 διεβάδιζεν
668 1681 699 1736 ἐν
716 1683 805 1752 ἀγορᾷ
824 1677 1036 1750 despectantis
1047 1683 1199 1736 καθεύδειν
1215 1682 1260 1750 μή
1282 1677 1366 1736 δυνά-

213 1769 305 1826 μενος.
342 1754 468 1818 Alteras,
501 1753 597 1823 nescio
614 1753 700 1819 unde,
719 1748 864 1806 dedits-
888 1769 941 1806 non
963 1754 1080 1822 posset?
1112 1753 1365 1824 quaerentibus

213 1824 398 1893 respondebat
417 1853 450 1863 -
468 1825 612 1879 omittunt
630 1825 717 1877 etiam
730 1824 883 1893 'quecodd
902 1823 991 1876 Rehd.
1010 1823 1107 1882 Duisb.
1128 1832 1166 1888 et,
1186 1833 1219 1876 ut
1236 1824 1365 1889 videtur,

213 1896 333 1950 vindo.
355 1894 422 1948 cod.
442 1895 539 1947 Duisb.
558 1894 644 1948 habet
663 1895 790 1964 respond
796 1897 808 1948 i
814 1901 833 1946 t.
853 1895 919 1948 Gud.
934 1893 1008 1967 Aug.
1029 1895 1225 1962 quaerentibus
1243 1895 1362 1963 quidem.

194 1967 403 2040 'PergitGud
423 1965 595 2020 militiam
620 1966 809 2034 distropey
832 1981 862 2016 se
886 1981 942 2028 νος
970 1963 1067 2017 Duisb.
1095 1965 1283 2020 Miliciudis
1307 1969 1365 2016 tro-

210 2034 302 2106 pheis
319 2055 347 2089 se
365 2054 397 2100 e;
416 2037 499 2088 vind.
513 2040 535 2090 1.
555 2034 772 2101 Melchiadis,
792 2036 878 2088 Marb.
898 2034 1120 2091 miliciadiis
1137 2033 1269 2104 tropheie.
1285 2035 1361 2087 Gud.

212 2109 239 2161 2.
266 2105 405 2178 militia
428 2105 669 2176 distropham
697 2107 752 2158 duo
781 2107 851 2161 Oxx.
871 2103 1049 2172 Miltiadis,
1071 2107 1128 2169 ,tuo
1152 2123 1217 2158 cum
1237 2103 1311 2156 Gud.
1333 2109 1359 2157 1.

214 2175 381 2246 trophaeis,
405 2186 441 2229 ut
463 2178 561 2247 plures
587 2186 658 2230 vett.
678 2177 749 2229 Edd.
769 2177 835 2230 Cod.
855 2178 935 2228 Mon.
950 2181 975 2232 l.
1005 2175 1142 2246 tropheie
1158 2191 1189 2228 se
1213 2187 1231 2224 a
1250 2188 1357 2226 sumna.

212 2247 301 2300 Rehd.
321 2265 337 2300 e
355 2264 448 2301 sonno.
469 2249 555 2300 Marb.
574 2248 647 2300 Gud.
669 2250 692 2300 l.
712 2249 738 2300 l.
758 2248 904 2310 suscitare,
925 2247 980 2298 duo
999 2248 1066 2299 Oxx.
1086 2243 1230 2299 excitari.
1259 2245 1321 2296 Mr.

282 2313 430 2370 Miltiadis
453 2318 577 2385 tropaeis
602 2332 633 2370 se
658 2332 673 2368 e
695 2333 789 2370 somno
813 2316 961 2382 suscitari]
995 2317 1063 2368 Bak.
1082 2325 1187 2378 noster,
1211 2313 1362 2367 Miltiadis

212 2396 328 2456 tropaea
345 2402 375 2438 se
393 2405 407 2439 e
425 2401 519 2440 somna
537 2388 687 2450 suscitare3
707 2405 760 2441 nec
778 2386 865 2440 aliter
882 2387 969 2439 multi
979 2387 1105 2452 Codices,
1124 2386 1158 2438 ael
1171 2401 1272 2439 vocem
1289 2384 1363 2435 ulti-

155 2466 159 2474 “
212 2474 289 2508 ruam
313 2456 389 2526 quod
411 2458 523 2511 attinet.
562 2458 617 2510 Sed
642 2456 763 2527 perinde
791 2465 841 2510 est.
884 2458 1015 2510 Valerius
1042 2457 1182 2511 Maximus
1206 2454 1256 2509 lib.
1282 2455 1362 2507 v111.

212 2544 273 2596 cap.
292 2527 364 2593 XIV,
385 2531 409 2581 1.
430 2537 488 2580 ext.
529 2526 735 2582 Themistoclem
759 2532 852 2596 terunt
877 2527 1000 2580 stimulis
1017 2529 1151 2582 uirtutum
1168 2523 1318 2592 agitatum,
1338 2528 1363 2576 et

174 2620 177 2631 ν
212 2599 245 2651 ob
264 2599 296 2652 id
314 2593 404 2650 noctes¹
425 2598 562 2667 inquietas
580 2599 743 2664 exigentem,
768 2599 961 2682 quaerentibus
983 2598 1052 2668 quid
1074 2614 1106 2650 eo
1124 2602 1246 2665 tempore
1265 2595 1296 2648 in
1310 2610 1363 2663 pu-

211 2668 286 2723 blico
310 2676 478 2733 uersaretur,
508 2670 701 2735 respondisse;
728 2687 798 2737 ,qma
824 2687 870 2721 me
897 2678 1011 2737 tropaea
1034 2667 1174 2720 Miltiadis
1202 2668 1236 2719 de
1263 2681 1361 2718 somno

117 2788 120 2793 ,
212 2742 347 2791 excitant.
385 2738 540 2792 Marathon
558 2739 694 2792 nimirum
711 2738 834 2792 animum
860 2739 921 2791 eius
945 2746 970 2790 et
987 2737 1173 2795 Artemisium
1191 2742 1217 2789 et
1236 2735 1374 2806 Salamis⁸

211 2840 244 2866 ,-
264 2811 360 2863 tacitis
377 2811 485 2875 facibus
502 2811 665 2863 incitabant.
702 2810 741 2877 At
758 2809 926 2862 Plutarchus
945 2810 976 2861 in
993 2807 1104 2862 Theseo
1119 2808 1203 2869 ,Tum
1216 2808 1238 2860 l.
1258 2824 1323 2880 pag.
1333 2808 1358 2860 3.

146 2934 149 2938 ,
211 2887 240 2932 et
259 2881 290 2931 in
308 2879 504 2933 Themistocle
522 2899 586 2953 pag.
608 2883 666 2935 113.
685 2898 752 2954 euru
769 2881 873 2932 dixisse
892 2888 1024 2944 testatur,
1051 2879 1087 2940 οἷς
1109 2877 1256 2932 καθεύδειν
1274 2877 1361 2930 αὐτὸν

211 2950 262 3001 οὐκ
280 2948 333 3016 iniq
352 2947 382 3004 τὸ
396 2955 450 3006 τοῦ
468 2952 693 3004 ΜΙΛΤῙᾸΔΟΥ
713 2951 912 3002 ΤΡΟΉΑΙΟΝ.
950 2951 1009 3015 Quo
1033 2950 1094 3002 sola
1116 2948 1295 3018 Marathonia
1314 2948 1362 3000 de-

210 3021 340 3094 signatur
357 3022 488 3073 victoria.
526 3023 573 3075 Sic
592 3031 622 3075 et
640 3024 671 3074 in
689 3022 903 3095 Apophthegm.
929 3017 1066 3075 domn.
1085 3037 1150 3094 pag.
1171 3021 1231 3073 185.
1269 3020 1307 3072 D.

279 3088 477 3145 Demosthenis
493 3093 622 3160 uigiliae,
650 3092 699 3163 qui
717 3093 835 3146 dolere
859 3107 889 3144 se
907 3091 1043 3156 aiebat]
1074 3089 1278 3143 Bentleianmn
1303 3091 1371 3143 dor

160 3205 164 3222 ,
210 3163 285 3214 lore
310 3178 339 3215 se
364 3162 528 3231 angebat,
563 3166 639 3235 quod
658 3181 717 3218 esse
736 3164 787 3216 ille
815 3164 845 3214 in
865 3179 920 3214 uno
938 3161 1090 3213 Davisieuo
1107 3161 1235 3229 scripsit,
1256 3176 1311 3237 ego
1330 3161 1361 3212 in

209 3232 290 3284 nullo
314 3234 400 3302 plane
428 3234 526 3287 codice
552 3235 608 3288 MS.
634 3234 730 3304 reperi
760 3234 959 3285 coniunctum:
988 3232 1035 3283 sed
1058 3230 1164 3283 habent
1191 3230 1265 3286 Gud.
1287 3236 1312 3287 l.
1333 3234 1358 3285 2.
1412 3269 1417 3275 .

209 3302 336 3356 dolore
353 3321 383 3357 ee
402 3305 502 3371 aiebat,
533 3308 611 3358 htlcn.
632 3310 656 3360 1.
683 3306 779 3358 dolere
803 3320 834 3356 se
860 3303 1015 3367 angebat.
1052 3300 1110 3354 Sed
1133 3300 1260 3353 Bentleii
1286 3303 1360 3354 ratio

118 3369 121 3375 ’
208 3373 290 3424 nulla
308 3382 369 3439 est3
388 3392 481 3443 neque
499 3378 620 3427 mutatio
631 3375 806 3428 necessaria.
831 3375 929 3447 Pergit
947 3389 1020 3423 unus
1037 3372 1087 3425 Ox.
1107 3370 1135 3423 si
1153 3372 1261 3438 quaudo
1277 3387 1360 3440 pon-

209 3442 369 3503 tificum.
399 3446 526 3520 Egregie
545 3446 665 3498 scilicet.
702 3447 767 3497 uox
794 3444 871 3496 idem
895 3442 1006 3495 omittit
1024 3441 1131 3508 ipsius3
1162 3441 1217 3492 duo
1239 3441 1292 3492 alii
1310 3441 1360 3493 ha·

207 3512 277 3565 bent
291 3513 442 3583 princeps
470 3534 536 3568 cum
553 3516 642 3568 Rehd.
670 3525 699 3568 et
722 3515 819 3567 Duisb.
848 3530 970 3582 quorum
996 3513 1080 3582 prior
1105 3529 1190 3582 supra
1217 3512 1360 3581 scriptum

172 3635 180 3644 .
207 3582 294 3637 habet
311 3583 400 3637 Plato.
422 3586 496 3638 Gud.
517 3589 542 3641 l.
565 3586 638 3654 ipsi
652 3584 805 3654 principes.
834 3587 909 3636 Mon.
931 3588 955 3637 l.
975 3590 1005 3635 et
1022 3581 1110 3635 Rehd.
1131 3582 1271 3634 omittunt
1289 3585 1358 3636 suis.

109 3696 110 3700 1
208 3657 284 3706 ltlon.
306 3659 329 3710 l.
349 3654 434 3708 habet
452 3659 571 3722 facere
589 3649 821 3723 siheflagrante
838 3653 1002 3723 cupiditate.
1032 3653 1096 3705 Duo
1115 3653 1184 3704 Oxx.
1205 3669 1272 3704 cum
1291 3653 1358 3706 Cod.

200 3725 296 3777 vRehd.
314 3724 479 3791 potuisset,
502 3727 599 3778 Duisb.
616 3726 763 3795 potuissit.
800 3727 861 3778 Mr·
1228 3725 1232 3729 ’

278 3794 383 3846 Dotere
401 3812 430 3846 se
449 3797 552 3860 aiebat,
577 3797 605 3848 si
626 3797 734 3866 quando
752 3795 889 3861 opificum]
915 3795 1108 3864 Hieronymus
1127 3791 1201 3844 atvs.
1221 3792 1362 3844 Rufinum

112 3871 113 3875 ’
208 3864 259 3918 lib.
280 3864 302 3915 1.
320 3881 383 3932 cap.
403 3866 450 3916 IV.
470 3884 534 3938 pag.
554 3869 616 3922 495.
653 3864 848 3920 Demosthenes
864 3866 931 3934 plus
948 3865 1006 3918 elei
1023 3880 1102 3932 quam
1120 3862 1177 3915 uini
1195 3846 1362 3931 expendisse

209 3932 328 3997 dieitur,
357 3939 385 3986 et.
401 3951 495 3987 ornnes
514 3935 626 4002 opifices
644 3938 783 3989 nocturnis
801 3952 909 4002 semper
926 3935 1037 4002 uigiliis
1050 3933 1240 4002 praevenisse.
1278 3934 1364 3987 Prius

209 4005 271 4074 ipse¹
287 4004 477 4056 confitebatur
494 4006 706 4060 Barnosthenes.
727 4007 871 4076 ἐρωτηθεὶς
893 4006 953 4077 γάρ,
972 4013 1030 4067 πῶς
1052 4008 1097 4072 τῆς
1115 4007 1255 4074 ῥητορικῆς
1274 4021 1365 4072 περιο-

208 4074 308 4143 γένονς
337 4077 431 4141 πλέον,
460 4075 475 4127 ἔ
496 4096 522 4144 q,
549 4075 642 4130 ἔλαιον
667 4082 744 4132 οἴνου
772 4070 939 4140 δαπανήσας.
982 4078 1043 4128 Ηοο
1076 4078 1169 4128 refert
1191 4073 1366 4129 Aristoteles
1391 4120 1396 4126 .

207 4145 282 4215 apud
300 4143 451 4197 stobaeum
490 4165 560 4200 erm.
580 4150 678 4202 xxix.
699 4167 763 4223 pag.
783 4151 844 4202 2⁰6.
872 4147 1041 4199 Plutarchus
1060 4145 1091 4197 iu
1109 4143 1256 4197 Dernostli.
1278 4147 1364 4203 Tam,

200 4216 245 4269 Ἡ.
265 4233 329 4289 pag·
349 4219 410 4272 ets.
447 4216 597 4289 ‘lampadae
625 4219 658 4272 dt
682 4221 719 4278 ὡς
740 4215 806 4272 otte
831 4215 935 4285 λύχνον
959 4219 1080 4284 ἔσβεσεν,
1106 4217 1174 4283 ἄχρι
1192 4212 1367 4282 usveihona

206 4285 274 4350 ἐτῶν
294 4285 410 4351 ἐγένετο,
430 4286 576 4360 διακρίνων
594 4286 657 4351 τοὺς
674 4289 780 4356 λόγους.
814 4287 893 4338 'Hinc
910 4285 996 4340 αὐτοῦ
1015 4287 1047 4340 τοὶ
1067 4285 1247 4354 ἐνθυμήματα
1267 4287 1367 4356 iilux-

112 4405 115 4410 .
206 4361 276 4480 gitur
300 4359 385 4482 ὄζειΊν,
413 4361 598 4481 ῗιροοδνονίῐ
622 4359 752 4430 Pytheas.
790 4358 862 4410 Vide
886 4359 924 4411 sis
951 4359 1030 4411 inter
1056 4358 1128 4410 alios
1153 4356 1312 4411 Aelianum
1332 4362 1365 4412 V.

183 4471 186 4479 ,
234 4465 240 4479 .
265 4430 329 4494 Vll,
368 4465 375 4480 .
441 4466 448 4481 .
