2842 5070
493 301 621 365 uram
641 299 703 380 111,
726 302 827 365 n.
975 350 1016 379 ,.
1173 302 1217 377 aa,

145 456 239 532 Haec
260 464 367 544 igitur
388 437 645 548 praemeditatio
666 469 859 527 futurorum
873 462 1036 537 malorum
1056 465 1140 527 lenit
1161 485 1216 527 eo·
1239 467 1279 532 lt

62 549 140 615 rum
168 552 371 614 adventum..
389 569 471 631 quae
500 548 668 612 venientia
696 549 795 640 longe
821 555 898 609 ante
922 546 1060 609 rideris.
1102 548 1215 630 ltaque
1231 552 1275 607 19.

868 668 960 683 .-.⁴--
973 676 983 680 -
990 675 1018 681 —-
1027 675 1208 683 -—···---———--

127 740 250 793 Scibam
268 755 310 792 mc
329 739 360 791 in
378 735 567 804 mortiferam]
590 736 639 790 Sic
657 738 768 790 Ennius
787 737 860 806 apud
879 735 1047 788 Festum-in
1065 731 1183 800 obsidio,

232 810 326 864 Scibas
346 816 440 860 natum
459 809 608 876 ingenuum
625 809 751 873 Aiacem,
771 808 818 858 cni
835 814 863 859 ta
882 806 1054 860 obsidionem
1072 819 1170 872 paroc.

62 878 148 948 Apud
171 881 312 943 Plautum,
338 881 518 944 Terentium,
546 880 673 948 aliosque
704 880 796 930 multa
827 887 894 930 sunt
921 877 1085 929 huiusmodi
1114 876 1215 942 quibus

63 951 251 1024 congereridis
275 968 331 1003 non
364 950 544 1008 immorabor.
591 950 662 1002 Vide
690 949 852 1003 Charisium
877 951 945 1001 lust.
974 950 1071 1001 Gram.
1099 948 1148 999 lib.
1175 948 1213 1000 11.

63 1022 118 1073 col.
141 1026 199 1075 157.
235 1021 392 1073 Fatendum
412 1029 507 1072 tamen
527 1021 557 1071 in
576 1021 655 1071 ltlstis
674 1020 724 1072 hie
748 1020 810 1094 legi
833 1019 954 1081 sciebam
972 1036 1015 1072 me
1039 1019 1068 1073 in
1087 1017 1216 1086 mortife·
1315 1054 1319 1064 -

63 1107 125 1144 rum
143 1092 248 1157 bellam,
268 1093 443 1161 molesteque
462 1093 521 1144 fert
541 1089 716 1155 Gebhardus,
744 1092 777 1143 D.
798 1091 966 1142 barnbinum
989 1090 1105 1161 scriptis
1118 1090 1215 1145 ‚Codi-

62 1163 140 1214 cibus
158 1179 215 1214 non
233 1164 367 1234 paruisse.
405 1162 436 1214 si
455 1161 601 1214 redivivus
624 1164 716 1213 faetus
746 1163 875 1230 querelas
901 1170 1139 1230 suas-repeteret,
1169 1179 1214 1214 eas

60 1249 125 1285 sane
149 1233 232 1285 flocci
259 1250 316 1286 non
344 1236 486 1297 facerem3
518 1250 584 1284 cum
607 1233 694 1301 probe
721 1235 826 1295 norim,
861 1241 987 1284 metrum
1010 1232 1212 1298 Trochaicum,

61 1320 145 1372 quam
165 1320 256 1372 propo
279 1313 326 1356 nat
344 1303 499 1356 lectionem
519 1320 576 1356 non
599 1304 760 1356 admittere.
799 1303 834 1355 D.
961 1352 963 1358 .

131 1322 277 1440 Sciebami
305 1377 370 1439 „lta
389 1374 455 1426 Cod.
475 1375 543 1448 Reg.
564 1391 636 1423 unus
655 1375 734 1426 heid.
756 1381 784 1425 et
805 1375 943 1444 plerique
958 1374 1066 1444 reliqui
1086 1375 1213 1444 itemque

60 1453 157 1496 nostra
176 1446 218 1497 ed.
239 1455 296 1498 vet.
318 1454 346 1498 et
366 1462 462 1515 omnes
486 1446 547 1498 fere
572 1461 649 1512 seqq.
689 1444 732 1496 Ad
751 1463 822 1517 quae
841 1462 898 1497 non
917 1445 1042 1499 attendit
1057 1447 1126 1497 Dav.
1147 1463 1214 1498 cum

59 1517 203 1583 reciperet
222 1517 327 1570 scidam
346 1517 512 1584 diceretque
538 1518 660 1566 sormam
684 1515 806 1567 sciebam
824 1532 882 1566 non
907 1517 1058 1568 admittere
1075 1526 1212 1577 metrum.

60 1584 186 1638 Sciebam
205 1589 283 1640 enim
301 1587 375 1657 apud
393 1594 494 1664 poetas
506 1595 618 1638 veteres
638 1586 765 1651 eandem,
794 1603 879 1654 quam
897 1587 1005 1638 acidam>
1026 1585 1111 1639 habet
1134 1605 1215 1638 men·

59 1674 164 1722 suram,
184 1666 217 1709 ut
235 1659 368 1726 pluribus
387 1657 526 1725 exemplis
545 1657 741 1725 comprobavit
761 1656 920 1724 Giphanius
940 1657 970 1707 in
989 1657 1087 1709 indice
1106 1656 1215 1712 Lucre·

60 1728 139 1779 tiano
157 1746 185 1778 v.
207 1730 311 1781 acidam
332 1728 370 1795 [p.
391 1730 457 1781 423:
487 1728 616 1789 sciebam,
645 1728 694 1790 ait,
719 1727 940 1797 episynaloephe
967 1728 1086 1796 quadam
1102 1727 1147 1779 ‘fit
1172 1729 1216 1792 diff
1258 1739 1261 1743 “

60 1798 261 1866 syllabon‚·ut
280 1799 311 1848 in
328 1803 378 1862 fiai
397 1797 600 1861 diximus.]*et
625 1796 692 1847 Chr.
712 1798 843 1850 Wassius
867 1797 909 1849 De
932 1798 1031 1849 licent.
1052 1801 1119 1852 Vet.
1135 1802 1212 1855 root.
1267 1854 1270 1861 ,

60 1884 85 1919 ο.
105 1872 130 1923 9.
151 1887 178 1938 Ρ.
202 1872 269 1923 113..
298 1868 384 1920 Nihil
410 1867 503 1988 igitur
528 1881 641 1918 necesse
666 1874 708 1917 est
733 1867 880 1938 corrigere
906 1867 936 1917 h.
956 1868 976 1917 l.
999 1868 1112 1930 acidam,
1140 1872 1227 1938 quodi

58 1940 154 1990 voluit
173 1940 241 1990 Dav.
266 1947 330 2009 post
358 1941 426 1990 ham
448 1975 454 1987 .
475 1945 503 1988 et
521 1936 652 1987 Vossium
679 1936 712 1989 de
737 1937 844 2012 Tragg.
872 1939 948 1988 Vett.
976 1955 1003 2005 p.
1025 1941 1067 1991 44.
1105 1940 1230 1992 Eodem.

59 2010 143 2061 modo
163 2010 371 2062 restituendum
390 2006 615 2067 censeoveciebaa
633 2008 707 2077 apud
725 2007 842 2060 Festum
860 2026 889 2059 v.
910 2007 1028 2073 odaidio,
1049 2009 1099 2077 qui
1116 2026 1215 2062 versus

61 2088 156 2132 estex
176 2081 272 2132 eadem
291 2081 381 2132 Ennii
399 2089 444 2132 tra
484 2079 554 2130 edia.
576 2076 614 2142 [v.
635 2097 699 2130 ann.
719 2077 829 2143 Dav.]“
853 2077 986 2131 Bonitier.

131 2151 266 2216 sciebam]
296 2153 339 2204 Ita
357 2151 459 2230 scripsi
478 2148 562 2202 Codd.
584 2144 733 2201 obsecutus
750 2149 889 2214 omnibus,
910 2157 1051 2217 quotquot
1070 2149 1105 2201 ad
1122 2167 1216 2203 meam

60 2221 194 2273 notitiam
212 2231 417 2291 pervenerunt,
442 2224 569 2290 itemque
593 2220 664 2272 Edd.
685 2221 755 2272 Ven.
785 2229 872 2272 nostr.
902 2219 965 2272 Asc.
988 2225 1011 2276 1.
1032 2224 1057 2275 2.
1084 2222 1164 2274 Junt.
1185 2223 1215 2274 P.

60 2290 94 2341 A.
114 2291 144 2342 Β.
165 2292 192 2344 S.
213 2294 247 2344 E.
268 2294 298 2346 C.
318 2296 351 2343 V.
370 2292 438 2345 Rob.
468 2290 566 2360 Steph.
593 2291 721 2359 itemque
740 2308 776 2342 ex
794 2292 1003 2344 recentioribus
1025 2293 1109 2344 Grut.
1129 2292 1214 2344 Verb.

60 2362 131 2413 Ern.
161 2362 219 2414 Alt.
238 2362 321 2416 'otia
365 2363 508 2431 Equidem
536 2363 675 2427 συνίζησιν
702 2379 761 2414 esse
786 2363 928 2427 existimo,
955 2363 1047 2431 qualis
1074 2372 1117 2415 est
1140 2362 1216 2434 apud
1274 2407 1277 2411 .

60 2433 159 2484 Horat.
181 2435 271 2502 Epod.
291 2435 353 2486 Xll.
375 2438 399 2488 7.
1136 2460 1138 2463 ·

228 2503 282 2559 Qai
299 2505 385 2557 cador
409 2503 518 2556 vietia
544 2509 571 2556 ei
589 2520 670 2574 paam
689 2503 780 2555 maine
798 2501 916 2570 undique
933 2503 1072 2557 mandrie.

61 2573 315 2629 collatunnam
342 2576 454 2628 Prosod.
480 2594 507 2642 p.
528 2578 571 2630 48.
593 2608 624 2619 —-
663 2574 730 2627 Cod.
748 2577 823 2627 lion.
843 2577 869 2630 2.
896 2575 1008 2627 omittit
1032 2593 1152 2645 sequens
1174 2577 1212 2630 in.
1277 2587 1280 2595 '

59 2645 123 2696 Duo
142 2645 212 2696 Oxx.
232 2646 338 2698 hahent
355 2646 584 2711 immortiferum.
623 2647 682 2698 Mr.
816 2672 817 2675 ¹

133 2751 158 2785 c.
179 2735 221 2788 14.
259 2735 336 2787 Haec
363 2736 460 2803 igitar
485 2733 720 2801 praemeditatio]
755 2734 821 2787 Cod.
848 2731 920 2805 Aug.
953 2733 1021 2786 laec
1055 2735 1142 2787 enim
1168 2751 1213 2803 pr.

21 2815 23 2818 ·
60 2804 158 2855 Duisb.
187 2803 255 2856 iaec
278 2804 497 2858 recordatio.
541 2806 640 2879 Pergit
662 2823 735 2855 unus
762 2807 812 2856 Ox.
835 2793 1214 2875 raiiapruwnanram.

43 2866 136 2927 ”Gud.
157 2877 225 2928 lenit
249 2877 433 2928 adventum
460 2891 583 2927 eoram.
629 2874 673 2927 Ad
698 2876 869 2928 sententiam
896 2877 985 2928 totius
1008 2876 1066 2928 lool
1088 2878 1215 2943 'faciunt‚

61 2962 133 3013 quae
152 2946 251 2996 attulit
271 2945 516 3014 Wyttenbachius
539 2946 573 2997 ad
591 2945 737 2997 Plutarch.
758 2947 868 2998 Consul.
893 2949 926 3010 atl
945 2947 1079 3017 Apellen.
1103 2965 1132 3017 p.
1153 2951 1214 3004 745.

61 3015 106 3067 ed.
127 3015 177 3067 Ox.
197 3034 225 3083 Ρ.
246 3019 281 3069 66
300 3033 340 3083 sq.
361 3016 403 3070 ed.
429 3015 506 3084 Lips.
526 3016 559 3066 T.
580 3018 617 3067 ll.
647 3017 695 3067 ubi
723 3017 810 3067 etiam
829 3017 863 3069 de
883 3018 1067 3080 Graecorum,
1096 3021 1216 3086 quasin

59 3103 141 3154 seqq.
161 3086 192 3134 in
210 3087 345 3136 Latinum
364 3085 508 3138 convertit
527 3086 638 3149 Cicero,
667 3103 801 3136 versuum
827 3088 952 3139 lectione
971 3090 1092 3139 rnonuit.
1112 3116 1146 3126 -
1181 3091 1216 3141 ln

60 3163 142 3224 seqq.
165 3154 330 3206 Gebhardus
350 3173 385 3207 ex
405 3156 470 3208 Cod.
491 3155 548 3221 Pal.
570 3163 661 3222 quart.
682 3157 808 3207 enotavit
827 3172 896 3224 patae
915 3157 1120 3210 evenientia.
1156 3159 1216 3223 Quo

59 3226 150 3278 verbo
169 3225 193 3276 si
212 3243 277 3276 usus
297 3236 369 3278 esset
379 3228 490 3288 Cicero,
510 3225 831 3294 scripsisset‘coentnra.
856 3229 919 3277 Post
938 3228 1020 3292 longe
1038 3227 1104 3279 Cod.
1124 3229 1214 3280 Rehd.

61 3306 92 3350 et
109 3297 162 3348 Ed.
182 3305 240 3348 vet.
256 3296 345 3348 Bouh.
367 3297 472 3349 habent
492 3299 557 3346 ante
572 3295 782 3364 praevideris,
801 3296 962 3347 unusheid.
984 3305 1048 3349 ante
1065 3296 1215 3364 videras,
1291 3316 1296 3321 ·

60 3385 136 3418 unus
156 3367 205 3418 Ox.
227 3374 291 3419 ante
317 3368 453 3433 ridetis,
486 3383 559 3416 unus
585 3365 799 3431 detererem,
826 3384 899 3439 unus
919 3368 1030 3420 omittit
1054 3373 1117 3421 ante
1139 3368 1217 3423 oide-

60 3437 114 3491 ric.
152 3439 212 3493 Mr.

132 3509 230 3576 Itaque
262 3511 336 3577 apud
362 3508 524 3576 Euripidem
554 3523 578 3559 ‘a
607 3505 709 3560 Thesea
733 3502 808 3562 dicta
839 3508 1021 3575 laudantem]
1057 3511 1138 3564 Unus
1163 3514 1214 3566 Ox.

62 3579 174 3633 omittit
192 3580 297 3648 itaque.
319 3581 391 3634 Gud.
414 3585 437 3634 1.
458 3577 618 3646 Euripiden
636 3577 787 3644 etiamen,
808 3581 880 3632 Gud.
892 3584 917 3636 2.
938 3580 1094 3648 Euripiden
1111 3581 1214 3635 thesea.

61 3652 143 3704 Unus
163 3651 211 3702 Ox.
233 3657 330 3703 terea..
357 3653 454 3716 „Haec
474 3649 653 3702 transtulisse
672 3650 705 3701 de
724 3651 873 3704 Posidonio
888 3652 1065 3715 Ciceronem,
1086 3652 1216 3729 intelligi

60 3729 156 3791 potest
175 3739 210 3773 ex
229 3722 273 3785 iis,
306 3739 378 3790 quae
399 3721 523 3774 Galenus
547 3722 638 3772 refert
666 3719 716 3771 lib.
736 3722 783 3772 IV.
813 3721 847 3772 de
872 3721 960 3791 Hipp.
982 3729 1010 3773 et
1027 3721 1098 3773 Plat.
1120 3722 1214 3798 dogm.
1238 3737 1242 3745 '

63 3809 134 3862 quae
154 3792 189 3844 ad
201 3790 309 3844 horum
336 3801 364 3843 et
382 3792 568 3844 intellectum
594 3798 622 3842 et
646 3790 868 3859 explicationem
890 3793 1051 3861 plurimum
1075 3796 1215 3847 momenti

61 3863 184 3914 allatura
203 3863 301 3912 sunt.“
321 3863 512 3915 Camerarius.
551 3863 612 3913 lam
630 3860 688 3912 vid.
708 3862 735 3916 J.
753 3862 835 3913 Bakii
855 3864 981 3918 Posiden.
1002 3864 1096 3934 Reliq.
1115 3865 1214 3919 Doctr.

60 3951 90 4003 Ρ.
111 3936 171 3987 2114.
192 3934 309 4005 Baguet.
331 3933 365 3984 de
385 3933 548 4003 Chrysippo
567 3951 595 4001 Ρ.
617 3933 678 3986 294.
702 3949 743 4000 sq.
764 3933 948 3985 Valckenarii
966 3933 1087 3986 Diatrib.
1108 3935 1139 3986 in
1157 3938 1216 3988 Eu-

61 4004 118 4074 rip.
138 4022 166 4073 Ρ.
187 4006 229 4058 28.
249 4007 352 4056 lliuret.
372 4005 436 4054 Var.
458 4007 537 4061 Lect.
558 4005 591 4053 V.
613 4005 655 4056 12.
683 4016 711 4071 p.
733 4007 793 4056 111.
823 4004 864 4056 ed.
894 4003 1009 4057 Ruhnk.
1035 4006 1158 4056 Victorii
1181 4008 1216 4059 ad
1294 4046 1295 4050 .

18 4080 21 4086 ’
61 4073 91 4125 h.
111 4074 132 4126 l.
153 4084 247 4126 annot.
267 4074 339 4126 haeo
358 4081 412 4124 est:
440 4074 564 4125 Graecos
581 4073 731 4140 Euripidis
749 4091 857 4139 versus,
883 4091 952 4143 quos
969 4075 1019 4125 hic
1038 4075 1139 4127 Cicero
1159 4077 1218 4129 ele-

33 4177 35 4181 ·
83 4145 229 4197 antissime
248 4146 468 4213 interpretatur,
497 4143 594 4213 reperi
612 4143 686 4211 apud
704 4144 890 4196 Plutarchum
915 4145 946 4195 in
965 4145 1163 4198 Consolatione
1182 4147 1218 4199 ad

62 4162 268 4285 {polloniurm
290 4232 336 4268 eos
354 4213 404 4265 hio
423 4230 565 4283 apponere
583 4213 680 4264 volui:
706 4231 760 4264 nec
780 4215 859 4269 enim
877 4213 908 4263 in
925 4214 981 4277 his,
1003 4233 1074 4283 quae
1095 4224 1215 4280 exstant,

62 4287 123 4340 eius
142 4288 242 4356 po'e'tae
261 4284 365 4336 fabulis
384 4284 505 4336 memini
523 4282 574 4332 hos
600 4299 727 4349 unquam
745 4284 864 4357 legisse:
895 4292 935 4338 et'
951 4285 1033 4336 valde
1060 4287 1133 4336 utile
1158 4302 1218 4337 esse

84 4366 144 4421 uto,
163 4357 361 4410 huiuscemodi
380 4356 458 4408 locos
477 4372 492 4406 a
511 4352 650 4404 Cicerone
669 4368 819 4407 conversos
844 4371 909 4406 cum
929 4356 1047 4406 Graecis
1072 4357 1215 4407 conferre.

52 4375 152 4502 'Digni
170 4436 266 4480 autem
284 4437 350 4482 sunt
369 4426 427 4492 illi,
454 4426 539 4496 quia
564 4420 795 4490 prudentissimis
814 4433 843 4478 et
868 4425 1035 4479 clarissimis
1053 4424 1216 4478 auctoribus
