2842 5070
158 341 161 355 =
192 320 261 389 an
354 264 631 425 x'cmmo'ms
653 316 1141 421 ausonianunaumr.
1190 415 1192 418 ι

181 479 289 548 vvaldo
311 482 495 567 expetenda
514 484 569 558 sit,
591 483 819 546 inhaerentem
841 495 876 548 et
896 487 1029 567 penitus
1047 485 1194 545 insitam.
1247 483 1347 548 Quod

192 572 302 628 autem
324 569 475 627 nascitur
495 587 535 629 ex
556 568 747 647 offensione,
767 567 818 630 i'ta
837 565 1016 629 definiunt:
1039 569 1231 647 opinionem
1244 569 1347 631 vehe-

106 653 108 657 ’
155 658 171 677 ·’
189 659 331 710 mentem
356 646 456 726 dere
469 670 534 710 non
552 653 587 711 iu
611 649 719 728 ienda,
742 651 970 712 inhaerentem
991 655 1025 712 et
1045 651 1177 730 penitus
1196 652 1347 729 insitam,

145 739 172 792 b.
193 739 362 812 tamquam
388 723 564 818 ‘fugiendat
588 671 677 795 liaeo
710 740 820 793 autem
851 734 1000 813 opinatio
1033 741 1084 793 est
1115 729 1277 794 iudicatio
1310 753 1346 796 se

190 814 289 890 scira,
312 812 401 895 quod
422 817 559 876 nesciat.
602 813 836 894 Aegrotatiani
856 823 965 875 autem
987 815 1066 877 talia
1089 813 1248 894 quaedam
1269 815 1347 878 sub-

190 895 277 957 iecta
297 904 385 972 sunt,
413 900 566 974 auaritia,
599 897 740 975 ambitio,
767 896 990 972 mulierositas,
1018 898 1213 977 peruicacia,
1242 897 1345 980 ligur-

190 980 280 1056 ritia,
303 979 490 1057 vinolentia,
513 981 680 1060 cuppedia,
703 988 736 1042 et
756 981 784 1042 si
806 1001 870 1064 qua
890 978 1035 1041 similia·
1058 979 1115 1041 Est
1136 986 1247 1040 autem
1267 999 1346 1044 ava-

189 1183 223 1220 rc
241 1183 297 1219 nan
315 1167 487 1235 expetenti
493 1183 519 1219 a.
557 1168 650 1220 Verba
668 1163 856 1220 inhaerentem
870 1183 970 1235 ,usque
993 1165 1028 1218 ad
1055 1171 1184 1235 tanquam
1203 1167 1343 1235 fugienda

189 1237 294 1290 absunt
318 1256 333 1291 a
357 1237 444 1291 Codd.
473 1237 559 1290 Viud.
579 1244 605 1294 l.
629 1241 704 1290 Mon.
725 1242 749 1294 1.
776 1237 907 1310 unoIOx.
933 1236 1007 1289 Edu.
1035 1237 1063 1290 Ρ,
1083 1239 1153 1291 Ven.
1182 1238 1243 1294 Att.
1273 1239 1341 1292 Cod.

189 1307 265 1366 Mon.
285 1311 311 1363 2.
338 1308 450 1361 omittit
474 1315 500 1360 et
524 1317 592 1361 ante
612 1307 732 1378 penitas.
748 1309 832 1361 Gud.
852 1312 877 1364 2.
903 1306 990 1359 babet
1014 1314 1040 1360 et
1068 1309 1182 1375 penitas
1210 1316 1344 1379 tanquam

188 1376 375 1451 baccanum,
403 1379 515 1432 omissis
539 1380 636 1433 verbis
662 1380 778 1433 insitam
805 1387 835 1432 at
861 1377 1002 1445 fugienda.
1040 1377 1121 1431 Unus
1147 1379 1196 1432 Ox.
1226 1380 1344 1434 exhibet

189 1466 257 1504 oum
276 1450 362 1504 Marb.
390 1456 519 1517 tanquam
543 1451 766 1518 fugiendam
790 1448 864 1502 alius
890 1449 940 1504 Ox.
968 1454 1099 1518 tanquam
1117 1449 1259 1516 fugienda
1281 1455 1369 1516 sits

189 1520 267 1575 alius
284 1519 383 1595 pergit
402 1537 468 1572 cum
486 1521 570 1574 Vina.
592 1526 617 1577 1.
636 1522 709 1594 Aug.
729 1518 799 1573 baec
816 1525 907 1573 antem
926 1521 1052 1585 opinio·
1068 1527 1117 1572 cst.
1157 1522 1217 1574 Mr.

260 1589 327 1643 baec
344 1596 436 1643 autem
461 1592 585 1659 opinatio
612 1599 651 1645 est
670 1593 800 1652 iudicare
824 1607 855 1644 ce
879 1588 972 1655 scire]
1009 1592 1112 1656 „Haec
1130 1622 1162 1633 ·-
1182 1598 1224 1644 est
1243 1591 1346 1646 iudi-

73 1704 75 1709 .
101 1724 102 1727 Ἴ
190 1661 286 1715 catio
304 1675 335 1713 ce
353 1661 434 1727 scire,
453 1661 520 1715 cad.
544 1662 682 1733 Gryph.“
698 1663 782 1714 Brut.
819 1662 904 1729 „Pau
930 1668 1023 1729 quart.
1050 1671 1107 1717 vat.
1136 1661 1200 1730 cod.
1220 1666 1283 1721 Vat.
1303 1670 1343 1717 est

167 1731 544 1787 ·iadioatiascacire.“
580 1732 662 1787 Geta.
1285 1772 1287 1776 ⁷

197 1860 200 1865 ,
261 1802 393 1872 Opinatio
413 1809 454 1855 est
472 1804 610 1873 iudicatio
629 1821 659 1858 se
677 1804 763 1872 scire]
799 1802 849 1857 Sic
867 1812 947 1858 recte
964 1802 1173 1881 Reg.'Gryph.
1193 1807 1292 1859 Vatia
1313 1813 1344 1858 et

188 1873 248 1929 Pal.
268 1881 362 1943 quart.
399 1874 493 1948 Vulgo
511 1876 648 1929 indicare.
686 1876 722 1929 D.
795 1905 802 1929 t

198 1988 200 1993 .
260 1944 389 1998 iudicare
407 1962 436 1998 se
454 1946 538 2012 scire]
576 1946 690 2014 „Recte
716 1946 786 2000 Dav.
814 1957 850 1999 ex
872 1947 1043 2000 melioribus
1062 1946 1150 1999 Codd.
1179 1946 1210 1998 in
1239 1946 1343 2016 quibus

189 2023 233 2071 est
249 2014 367 2091 Regius,
386 2017 497 2087 recepit
515 2017 683 2070 indicatio.“
701 2017 789 2076 Boub.
810 2017 876 2071 Non
893 2019 1023 2088 placebat
1042 2017 1178 2070 indicatio
1195 2019 1339 2069 Ernesto:

188 2087 241 2151 aed
257 2089 363 2159 maristo
381 2088 494 2210 placuit
511 2088 633 2153 Wolfio,
654 2087 744 2146 Saba.
756 2090 814 2142 'On
835 2087 907 2141 Tbn.
935 2098 963 2142 et
981 2088 1088 2142 habent
1112 2088 1248 2150 iudicatio
1266 2087 1338 2158 Reg.

188 2154 334 2227 (quamvis
352 2174 385 2210 co
400 2159 470 2224 latio
489 2167 588 2214 nostra
606 2167 712 2213 taceat:
742 2168 785 2213 est
803 2160 880 2213 enim
899 2161 930 2211 in
951 2161 1010 2213 eius
1030 2158 1190 2224 simillima)
1215 2157 1289 2210 Gud.
1311 2163 1337 2212 l.

189 2237 220 2283 et
247 2229 303 2282 duo
328 2228 397 2283 axx.
436 2229 518 2296 Quod
541 2247 612 2295 vero
636 2231 764 2293 Wolfius
792 2231 825 2282 in
850 2229 956 2283 scholis
983 2230 1018 2282 ad
1036 2247 1064 2283 ec
1081 2228 1154 2283 scire
1172 2227 1268 2280 addit:
1298 2244 1338 2280 sc.

189 2299 324 2368 aliquem:
344 2299 374 2351 id
393 2301 560 2352 accuratius¹
571 2300 615 2352 ita
634 2300 693 2355 dici
712 2301 823 2355 debuit:
851 2299 919 2355 baec
941 2309 1032 2354 autem
1058 2298 1182 2369 opinatio
1201 2298 1342 2351 eiusmodi

159 2367 233 2427 ‘eat
251 2369 334 2438 quasi
349 2370 487 2438 aliquio
505 2369 608 2423 iudicet
625 2388 654 2424 se
671 2374 745 2425 scire
763 2371 796 2425 id
815 2374 886 2439 qaod
904 2375 1015 2426 nesciat.
1051 2372 1120 2425 Esse
1139 2377 1234 2422 autem
1253 2386 1341 2422 voca·

56 2494 59 2501 ,
141 2480 144 2484 ι
187 2441 256 2496 bula
273 2439 423 2509 complura
441 2441 473 2493 in
490 2441 521 2494 io
538 2460 554 2494 a
574 2442 713 2496 Cicerone
732 2444 794 2512 ipso
813 2445 892 2508 ficta,
911 2444 943 2495 in
961 2442 1007 2495 his
1028 2444 1116 2496 etiam
1135 2441 1228 2510 iapsia
1247 2440 1268 2506 §-
1284 2443 1340 2504 28„

187 2521 218 2568 at
235 2511 371 2567 iudicatio
389 2509 418 2565 h.
439 2511 469 2577 1,
497 2520 596 2566 monet
615 2514 757 2567 Goerenz.
777 2512 812 2566 ad
832 2513 903 2567 Cio.v
915 2515 949 2567 de
968 2513 1053 2565 Finn.
1074 2513 1097 2566 1.
1111 2513 1159 2578 20.
1179 2515 1222 2568 67.
1243 2529 1271 2581 p.
1293 2513 1339 2566 95.

258 2599 386 2660 ambitio,
403 2601 601 2671 mulierositas,
618 2602 790 2670 peruicacia,
809 2602 981 2669 lignarium]
1017 2603 1111 2655 Verba
1129 2603 1244 2655 ambitio
1272 2601 1338 2652 mul.

184 2669 344 2741 peruicacia
362 2669 467 2734 desunt
490 2672 521 2724 in
541 2671 609 2725 coa.
630 2673 751 2726 cua-t.
789 2674 873 2727 Unus
889 2673 939 2725 Ox.
967 2672 1053 2726 habet
1072 2675 1225 2735 ambitum
1251 2671 1339 2726 Marb.

182 2741 318 2818 pnicacia
333 2741 407 2807 (sic).
430 2742 504 2795 Gud.
523 2746 692 2810 pertinacia:
712 2745 951 2812 frequentissima
969 2744 1190 2812 permutatione.
1221 2743 1340 2796 Utram-

187 2830 244 2885 que
262 2830 363 2867 vocem
382 2813 535 2867 Beroaldus
554 2812 589 2868 ad
606 2815 638 2868 h.
654 2815 682 2872 l.
701 2817 743 2868 ita
762 2816 934 2899 distinguit:
946 2815 1013 2867 ‘Est
1028 2815 1192 2883 peruicacia
1210 2814 1340 2883 opinatio

188 2883 354 2947 vehemens,
375 2886 456 2953 quasi
474 2885 558 2938 valde
576 2886 818 2955 perseverandum
839 2893 878 2938 stt
897 2886 929 2938 in
949 2903 981 2939 eo
1001 2885 1077 2956 quod
1100 2885 1268 2955 pertendit:
1295 2883 1340 2935 di·

187 2963 264 3013 atans
289 2974 305 3007 a
326 2955 494 3022 pertinacia,
525 2958 601 3025 quod
631 2957 792 3025 peruicacia
819 2965 862 3010 est
893 2957 1041 3010 interdum
1066 2957 1207 3009 bonarum
1238 2972 1340 3008 reram

174 3024 413 3096 perseverantia:
430 3027 593 3094 pertinacia
612 3046 726 3097 semper
744 3028 901 3081 malarum:
928 3045 1103 3097 quamquam
1126 3027 1204 3096 apud
1220 3027 1339 3079 bivium

186 3105 216 3150 ot
233 3093 370 3150 Senecam
392 3098 526 3165 pertinax
549 3101 644 3152 virtus
665 3107 694 3152 et
709 3101 843 3167 pertinax
860 3098 972 3153 bonitas
988 3099 1113 3161 dicitur,
1142 3096 1220 3166 quod
1247 3097 1340 3148 laudis

187 3173 239 3222 est.
276 3169 381 3221 Accius
401 3171 433 3222 in
451 3169 700 3240 Myrmidonibus:
721 3166 765 3223 Tu
782 3171 974 3241 pertinaciam
991 3176 1061 3236 esse,
1080 3167 1245 3244 antilocho,
1265 3166 1340 3220 hano

185 3239 431 3308 praedicas,·Ego
453 3243 642 3309 pervicaciam
667 3242 713 3294 aio
739 3248 764 3295 et
786 3259 804 3294 a
831 3259 874 3294 me
896 3241 938 3294 ati
960 3243 1029 3293 uoto.
1068 3240 1141 3292 Nam
1165 3243 1340 3307 pervicacem
1375 3241 1379 3246 '

186 3310 245 3364 dici
262 3328 305 3362 me
323 3327 383 3364 este
401 3319 426 3364 et
443 3316 562 3376 uincere,
580 3312 848 3381 Perfacilepatiom·
872 3315 1044 3381 pertinacem
1063 3311 1105 3364 nil
1122 3326 1224 3363 moror.
1262 3311 1339 3362 Haec

133 3381 141 3387 ’
186 3383 272 3447 fortes
288 3383 425 3450 sequitur.-
445 3384 528 3437 ittam
545 3384 650 3436 indocti
665 3386 816 3452 possident.
832 3407 835 3420 τ
853 3384 925 3436 Eam
942 3385 1036 3453 ipsam
1060 3382 1094 3436 ob
1118 3382 1339 3434 distinctionem

184 3450 405 3506 Doederleinius
429 3455 461 3506 in
479 3456 553 3507 Lat.
580 3454 660 3524 Syn.
689 3474 716 3507 u.
736 3454 894 3525 Etymol.
922 3454 969 3507 lv.
996 3473 1025 3524 p.
1046 3457 1097 3509 1⁷4
1117 3471 1157 3522 sq.
1183 3454 1246 3523 (qui
1273 3453 1339 3504 ani·

184 3538 270 3577 verse
289 3524 324 3577 de
342 3532 466 3594 utraque
483 3542 555 3579 noce
574 3525 727 3592 videndus)
752 3546 766 3579 a
785 3527 910 3579 Gadiani
931 3525 1046 3578 Codicis
1065 3524 1192 3577 lectione
1209 3524 1339 3591 pertina-

184 3594 231 3648 cia
250 3611 361 3649 sennan
385 3596 513 3650 alienum
537 3597 703 3666 profitetur.
740 3599 805 3673 Ego
831 3597 862 3648 in
881 3605 961 3649 tanto
986 3596 1164 3664 optimorum
1192 3595 1339 3647 librorum

185 3682 328 3720 consensu
345 3667 480 3720 audacius
499 3684 585 3739 agere
603 3668 696 3721 nolui.
733 3671 788 3721 Pro
806 3667 966 3725 vinulentia,
977 3675 1020 3719 eet
1038 3666 1174 3719 uiolentia
1197 3667 1229 3718 in
1249 3664 1338 3718 Codd.

183 3737 221 3789 ad
247 3755 339 3811 marg·
367 3736 432 3789 Asc.
451 3741 481 3792 2:
506 3738 581 3790 Mon.
598 3740 627 3793 ⁴2.
655 3739 743 3791 Manli.
768 3739 840 3791 Edd.
867 3738 900 3790 A.
920 3739 951 3794 B.
973 3737 1000 3791 S.
1022 3737 1073 3804 E.;
1112 3737 1279 3790 carnulentia
1306 3736 1339 3788 in

184 3807 260 3860 Gud.
280 3810 313 3871 23
333 3808 493 3869 temulentia
512 3810 542 3860 in
561 3808 638 3863 Edd:
653 3810 682 3860 P.
704 3810 734 3862 C.
755 3809 819 3863 Asc.
839 3812 864 3865 2.
885 3809 965 3862 Junt.
1002 3809 1061 3861 Mr.

254 3877 379 3931 Ambitio
398 3909 431 3919 —
449 3879 594 3946 cuppedia]
632 3880 717 3933 Hune
741 3880 839 3933 locum
864 3880 981 3934 adducit
999 3879 1111 3932 Nonius
1136 3879 1167 3931 in
1192 3877 1336 3947 cuppedia.

183 3948 222 4000 Ei
240 3956 338 4000 tamen
357 3947 431 4000 male
449 3949 588 4016 cupiditas
604 3953 771 4020 exponitur,
795 3951 861 4004 nain
880 3954 1016 4022 φιλοψίαν
1041 3951 1089 4006 vel
1114 3949 1339 4004 immoderatam

183 4018 387 4072 delicatiorum
405 4019 536 4073 ciborum
554 4022 742 4093 cupiditatem
765 4024 890 4080 denotat.
927 4024 963 4075 D.
998 4084 999 4089 η

184 4109 398 4235 edcolpppedip,
422 4109 505 4234 ptdslp'
530 4125 583 4180 qua
613 4110 738 4194 cimilia]
775 4112 868 4196 ilabet
893 4129 1026 4234 prpaam·
1040 4113 1164 4234 glpssam
1174 4111 1341 4232 Pcupiditas

183 4195 467 4321 qpa.adpipiw.mm
494 4225 525 4304 in
533 4181 1002 4324 {ippoppppphvepfiaperpceeptps
1018 4202 1054 4310 ll
1082 4189 1352 4320 etatxhobpspteephsp

183 4326 311 4394 itemque
329 4322 361 4376 in
380 4321 468 4404 (iadd.
489 4324 573 4377 Vind.
594 4329 618 4379 1.
637 4328 663 4381 2.
690 4325 799 4378 duobus
817 4325 887 4381 Oxx.
913 4327 956 4379 Aa
981 4363 986 4375 .
1007 4328 1080 4378 Mon.
1101 4328 1126 4380 2.
1142 4323 1229 4377 'Gud
1269 4324 1341 4377 Post

183 4396 310 4450 auaritia
337 4394 470 4464 sequitur
492 4395 587 4464 opinio
611 4396 643 4448 in
668 4396 736 4450 cot.
769 4394 852 4448 vind.
874 4399 898 4450 1.
923 4397 950 4448 Ε
970 4397 996 4452 d.
1022 4395 1055 4450 A.
1079 4395 1110 4452 B.
1138 4394 1164 4447 S.
1191 4394 1225 4446 E.
1250 4396 1338 4448 Junt.

182 4471 252 4523 ven,
272 4473 363 4522 nostr·
382 4465 445 4522 Aac.
466 4469 492 4524 2.
514 4467 549 4523 ln
569 4483 648 4539 seqq.
668 4483 723 4538 pro
742 4467 825 4536 quasi
842 4480 916 4523 unus
935 4468 985 4522 Ox.
1006 4466 1093 4563 babet
1110 4473 1253 4536 tanquam.
1273 4465 1354 4541 Mr.⁴
