2842 5070
36 274 39 286 ’
150 308 152 313 ’
188 308 231 376 a
387 303 619 371 clansoris
637 274 885 371 man
907 302 1138 370 aaronis.

189 490 290 615 ipsqpq
312 488 458 614 aganpps,
471 557 479 572 θ
493 473 563 617 qpiit
584 468 976 616 Ιίνονίιοῖὴὲὲἔὶιμῄ
996 472 1107 534 solent
1126 478 1342 559 argumentur

147 641 168 704 ’1
213 573 245 616 m
269 573 741 714 Ozinifonislnessnuidegiagst
765 598 887 709 ‘idonee
915 645 958 682 '⁶-
985 637 1144 736 quoniem
1176 607 1344 720 confidens

123 721 168 775 14.
190 719 274 779 mala
305 718 548 782 consuetudine
574 718 731 800 loquendi
756 721 793 779 in
818 716 903 780 vitio
927 726 1079 801 tumtur,
1101 717 1238 781 dumam
1265 739 1344 783 vor-

189 799 268 861 bum
289 821 309 861 a
330 802 528 884 confidendo,
549 801 640 882 quod
660 800 767 864 laudis
788 808 849 864 ost.
870 816 912 845 ²·-
942 798 1008 865 Qti
1020 810 1137 864 autem
1157 808 1209 867 est
1225 800 1344 879 tideus,

187 883 217 944 is
239 887 390 963 proiecto
412 904 479 946 uon
507 887 710 948 extimescito
741 882 908 964 discrepat
924 885 1017 944 enin
1042 902 1065 946 a
1083 882 1234 946 timendo
1264 902 1344 947 ooa-

189 1069 375 1135 etringere
394 1067 491 1120 solent.
510 1069 620 1126 ,Minus
638 1069 721 1132 bene,
748 1066 797 1122 vel
815 1067 890 1119 male
906 1058 1011 1137 potius.
1048 1058 1260 1135 aasumensi·
1277 1084 1343 1123 ver-

187 1139 256 1190 bum
279 1139 311 1189 in
334 1139 389 1192 hac
412 1138 554 1192 sententia
577 1140 745 1208 proprium:
778 1139 834 1190 vid.
864 1138 898 1190 de
922 1134 992 1190 Pata
1013 1141 1055 1205 14,
1074 1140 1124 1193 32:
1160 1135 1230 1192 Meo
1249 1139 1343 1194 artius

188 1209 334 1278 adstringi
352 1209 428 1264 ratio
448 1227 501 1264 nan
516 1215 613 1278 potest.
632 1211 714 1262 Brut.
734 1213 779 1274 95,
797 1212 863 1265 327:
892 1209 1035 1263 oeriorton
1063 1207 1201 1262 adstricta
1211 1224 1343 1280 eompre-

189 1275 293 1347 hensio.
330 1283 410 1334 Unus
429 1274 479 1334 Ox.
500 1281 609 1334 omittit
626 1283 725 1334 solent.
745 1280 832 1335 Itlarb.
859 1278 945 1332 habet
970 1296 1031 1333 enea
1055 1296 1108 1348 pro
1133 1288 1343 1405 nomwm

190 1352 241 1404 Ox.
261 1353 355 1406 studia
373 1369 426 1423 pro
446 1351 582 1407 instituto.
615 1350 657 1405 De
676 1351 818 1418 sententia
833 1351 915 1403 verbi
933 1344 1044 1419 nagan,
1064 1369 1136 1420 quae
1154 1351 1239 1407 hioo
1305 1371 1320 1407 e

189 1440 217 1474 v.
238 1421 354 1476 Sohiitz.
374 1425 443 1476 Lex.
464 1423 522 1476 Cic.
542 1443 564 1475 s.
583 1441 611 1475 v.
640 1441 669 1473 n.
689 1425 715 1477 4.
742 1421 899 1475 Forcellin.
920 1440 940 1472 s.
960 1439 988 1474 v.
1017 1422 1198 1490 adstringere
1216 1418 1344 1497 expiiont

189 1491 367 1546 locutionem
384 1494 470 1547 hanc:
511 1493 588 1546 aucis
606 1492 755 1567 colligere.
793 1491 846 1544 Ad.
865 1510 892 1544 v.
912 1488 1081 1560 vagabimur
1098 1501 1195 1547 nostro
1213 1486 1342 1549 institttio

190 1562 332 1640 intelligit
349 1565 434 1628 Leod.
453 1583 470 1617 a
488 1511 632 1630 gustam
650 1561 789 1617 oratorio.
827 1563 887 1616 Mr.
922 1618 926 1628 ,
1288 1606 1293 1614 .

260 1654 326 1724 Cap.
348 1658 373 1709 7.
409 1653 468 1710 Qut
493 1653 579 1720 fortis
598 1662 640 1706 est
660 1680 693 1690 -
712 1651 865 1717 confidere]
899 1647 992 1718 Ῥῆσιν
1018 1652 1092 1706 hanc
1117 1653 1214 1706 laudat
1232 1655 1344 1710 Nonius

190 1724 435 1790 incontinentiam
467 1725 515 1777 sed
534 1725 688 1795 corruptis,
708 1731 742 1774 ut
759 1723 842 1788 solet,
863 1723 1073 1794 exemplaribus
1092 1734 1135 1778 est
1152 1743 1227 1778 usus.
1265 1727 1303 1784 D.

263 1795 317 1852 Qui
343 1795 431 1862 fortis
454 1800 498 1849 est
523 1794 595 1860 etc]
631 1797 694 1860 „Le
716 1795 821 1847 endum
847 1810 907 1846 esse
932 1795 1075 1847 existimo:
1124 1796 1156 1848 ui
1177 1795 1275 1864 fortis,
1303 1803 1344 1852 stt

189 1863 266 1918 idem
281 1867 379 1933 fidens,
392 1875 432 1919 ut
445 1866 554 1941 legisse
567 1867 683 1920 videtur
731 1865 813 1917 onius
824 1866 976 1918 Marcellus
991 1884 1018 1917 v.
1031 1810 1224 1933 anagninae,
1245 1887 1345 1938 quam·

189 1953 277 2058 &iarn
293 1937 379 2003 hodie
398 1939 544 1992 distinctio
564 1945 606 1991 est
625 1945 769 2006 corrupta.
794 1935 905 1989 Scimus
919 1944 1096 2008 quantopere
1114 1943 1164 1990 soit
1179 1940 1344 2006 λακωνίζειν

224 2009 302 2060 erint
319 2010 438 2063 studiosi
449 2009 578 2062 'Stoici.“
595 2005 777 2063 Bouhierius.
814 2007 900 2060 Nihil
923 2013 959 2059 e'x
983 2009 1127 2082 corruptis
1151 2011 1241 2064 Nonii
1266 2012 1345 2066 codi-

189 2077 269 2131 cibus
287 2089 388 2134 contra
406 2081 529 2152 optimos
547 2080 636 2134 libros
654 2077 831 2130 mutandum.
868 2078 1002 2133 Alterum
1027 2086 1069 2132 est
1093 2081 1233 2133 omittunt
1258 2082 1345 2136 etiam

190 2148 278 2203 Godd.
299 2151 372 2205 Gud.
394 2159 423 2203 et
439 2150 525 2203 Vind.
545 2154 570 2204 l.
608 2153 643 2203 la
659 2149 749 2203 liehd.
769 2149 906 2201 scribitur
922 2151 1014 2215 fidens
1032 2157 1083 2203 est.
1106 2178 1138 2193 -
1174 2151 1250 2206 Ante
1275 2169 1345 2224 quo.

191 2218 270 2275 niam
294 2230 393 2293 repete
426 2220 630 2296 intelligendo:
661 2222 751 2286 fidens
776 2218 849 2272 dico.
891 2219 934 2273 De
960 2220 1014 2273 hac
1045 2224 1259 2276 constructione
1284 2224 1344 2278 vid.

190 2293 383 2361 disputantem
400 2292 576 2367 Madvigium
600 2293 636 2345 ad
654 2290 712 2344 cic.
730 2290 843 2344 Philoso
864 2290 930 2343 hica
947 2292 969 2344 1.
992 2309 1020 2361 p.
1041 2296 1101 2350 110.
1138 2294 1180 2347 De
1203 2294 1347 2348 sententia

72 2413 76 2418 .
189 2363 272 2416 verbi
294 2364 433 2430 confidere
460 2372 489 2416 et
506 2363 655 2434 participii
673 2362 813 2428 confidens
859 2362 951 2414 ‘versa
968 2362 1063 2415 Kiihn.
1083 2365 1180 2417 laudat
1197 2365 1346 2419 Bremium

173 2434 225 2487 ‚ad
235 2433 357 2559 {impp
375 2435 459 2488 Fiun.
479 2436 517 2489 11.
537 2438 563 2490 3.
591 2453 620 2506 p.
640 2435 700 2490 115.
737 2435 792 2486 Pro
817 2433 949 2504 quoniam
972 2434 1027 2487 duc
1053 2436 1123 2488 Oxx.
1148 2435 1256 2491 habent
1276 2453 1345 2509 quo·

188 2521 233 2559 aaa
254 2521 278 2558 o.
351 2523 376 2558 r.
1367 2518 1370 2524 ’

259 2578 400 2643 confidens
426 2609 458 2619 -
484 2575 516 2629 in
544 2573 615 2630 uitio
643 2573 782 2644 ponitur]
818 2573 893 2640 „Ait
925 2576 1079 2628 Terentius
1111 2578 1142 2630 in
1171 2579 1345 2635 Phormione

191 2644 227 2713 [1.
242 2649 272 2716 2.
284 2648 338 2714 ts]
357 2649 409 2700 Est
425 2647 574 2715 parasitus
593 2646 707 2715 quidam
718 2644 859 2712 Phormio,
877 2644 956 2699 domo
975 2649 1126 2714 confidente
1145 2650 1194 2702 ubi
1213 2669 1228 2704 e
1269 2652 1346 2704 osuit

188 2717 314 2772 Donatus
341 2720 518 2786 confidentem
539 2718 759 2793 pro·improbo,
787 2717 887 2770 audaci
907 2735 939 2770 aa
959 2721 1112 2772 temerario
1130 2723 1209 2791 poni.
1270 2722 1346 2775 onsi-

147 2804 164 2817 *
188 2789 301 2843 militer
324 2791 400 2862 apud
417 2790 574 2865 Virgilium
599 2787 853 2855 confidentissimus
877 2803 982 2840 nomen
1000 2799 1044 2842 est
1066 2791 1134 2843 vitii
1152 2791 1276 2867 [Georg.
1294 2793 1344 2846 IV.

188 2860 263 2927 tos]
281 2861 357 2914 Nam
375 2861 436 2929 quis
453 2868 489 2926 te,‘
519 2861 647 2914 iuvenum
665 2858 909 2925 confidentissime,
939 2867 1053 2913 nostras
1077 2862 1168 2914 Iussit
1192 2863 1278 2917 adire
1296 2864 1346 2918 do-

188 2931 271 2990 mus?
301 2934 375 2986 Item
392 2933 542 2985 Pacuvius:
572 2932 726 3000 improbus,
760 2931 911 3003 confidens,
940 2947 1066 3001 nequam,
1096 2936 1186 2986 matus
1210 2934 1346 2988 videatur

189 2999 227 3066 [V
228 3003 265 3055 id.
284 3005 401 3057 Pacuvii
419 3003 643 3078 Tragoediarum
661 3001 798 3070 reliquias
817 3003 848 3052 in
867 3004 895 3054 P.
916 3000 1057 3056 Scriverii
1074 3003 1252 3058 Colleotann.
1270 3011 1354 3060 vett.-

188 3073 296 3199 'Pragql-
313 3094 342 3146 p.
362 3077 419 3143 85]
441 3073 615 3139 Confidentiae
634 3073 826 3124 temeritatem
850 3073 995 3148 significat
1018 3075 1217 3139 etaudaciam.
1254 3076 1346 3142 Confi·

189 3145 256 3199 dere
296 3155 426 3200 onestum
443 3147 565 3199 verbum
583 3152 626 3196 est
644 3145 673 3195 et
692 3161 758 3196 cum
779 3144 863 3197 laude
890 3145 1007 3198 dicitur.
1043 3147 1081 3201 M.
1100 3146 1215 3199 Tullius
1240 3147 1272 3199 in
1290 3146 1344 3203 111.

189 3216 224 3270 de
243 3219 331 3294 [segg.
361 3218 575 3283 Vir-excellens
598 3221 623 3268 et
645 3213 734 3281 tortis
758 3216 894 3280 confidere
917 3215 976 3269 sibi
994 3217 1071 3269 dedet
1089 3223 1117 3269 et
1135 3233 1203 3271 suae
1222 3218 1299 3272 citae
1316 3223 1345 3272 et

102 3290 106 3300 “
189 3295 269 3341 actae
293 3296 320 3343 et
343 3287 530 3357 consequenti.
552 3315 584 3323 -
620 3285 725 3339 Fidens
751 3302 820 3339 vcro
846 3295 874 3338 et
891 3286 1009 3353 fidentia
1033 3289 1064 3338 in
1082 3287 1166 3340 laude
1184 3297 1343 3359 ponuntur.

188 3359 270 3411 Dixit
294 3363 330 3413 M.
355 3361 469 3412 Tullius
494 3361 524 3410 in
548 3359 584 3410 ΙΙ.
597 3355 739 3432 ‘Rhetern
767 3355 818 3422 [de
836 3359 949 3410 invent.
969 3359 1006 3410 11.
1027 3360 1070 3413 54.
1090 3357 1172 3424 loa]
1199 3360 1345 3425 fidentiam

189 3437 302 3512 partem
321 3448 379 3483 esse
397 3429 586 3490 fortitudinis,
603 3443 656 3494 per
674 3444 755 3494 wara
772 3425 885 3496 magnis
896 3436 924 3481 et
943 3426 1067 3482 honestis
1085 3429 1114 3482 in
1126 3431 1210 3483 rebus
1225 3432 1346 3484 multum

189 3515 252 3568 epse
269 3501 381 3553 animus
397 3501 429 3554 in
448 3517 478 3554 se
495 3499 616 3564 fiduciae
634 3514 696 3551 oum
713 3505 790 3553 certo
809 3516 857 3568 spe
875 3500 1055 3553 collocavit.“
1078 3501 1245 3554 Beroaldus.
1270 3501 1343 3559 Add.

190 3571 248 3627 cic.
268 3590 322 3642 pro
342 3572 453 3627 Gascin.
472 3574 516 3627 10.
537 3577 565 3622 et
583 3568 737 3640 Philippic.
757 3573 806 3625 XI.
826 3576 850 3625 7.
871 3571 920 3622 ubi
938 3572 1010 3636 item
1027 3572 1168 3637 confidens
1189 3573 1221 3623 in
1237 3571 1345 3626 malam

189 3651 302 3714 partem
324 3643 439 3696 dicitur.
477 3641 537 3693 Mr.

260 3731 280 3766 a
297 3712 468 3780 confidendo]
502 3713 588 3765 Godd.
608 3713 691 3764 Vind.
713 3716 738 3766 l.
759 3716 785 3768 2.
813 3729 886 3763 unus
906 3711 956 3767 Ox.
982 3713 1150 3778 confidendo.
1182 3716 1249 3767 Mox
1275 3715 1342 3770 God

189 3785 277 3837 Marb·
297 3783 383 3840 Quis
401 3791 494 3837 autem
512 3788 563 3836 est.
584 3783 682 3836 Duisb.
701 3783 790 3849 fidens
808 3789 858 3836 est.
878 3782 963 3839 Verb.
985 3800 1020 3835 ex
1032 3785 1128 3837 Nonio
1148 3787 1277 3839 enotavit
1301 3794 1343 3842 est

189 3855 329 3922 confidens
348 3854 402 3920 [est
419 3855 459 3907 ibi
476 3873 504 3925 p.
523 3857 584 3911 453.
606 3856 648 3908 ed·
668 3855 788 3908 Meroen
810 3863 839 3907 et
856 3855 971 3923 repetit.
993 3855 1071 3925 Lips.
1091 3857 1245 3926 1826.],1n
1263 3876 1342 3930 seqq.

188 3925 257 3979 Cod.
283 3925 355 4001 Aug.
380 3925 543 3980 estimesoet.
580 3928 642 3980 Mr.
761 3953 766 3958 ·
1369 3958 1374 3965 -

260 4015 412 4084 Discrepat
437 4015 513 4070 enim
532 4031 550 4067 a
567 4015 690 4068 timendo
707 4011 872 4079 confidere]
899 4014 1052 4137 ‘‚‚Lppitur
1073 4013 1160 4070 hodie
1186 4018 1261 4088 apud
1285 4019 1345 4072 No·

189 4087 272 4138 nium
295 4103 313 4139 a
336 4087 460 4143 timendo
484 4087 578 4153 fidens.
616 4086 694 4138 Haec
720 4085 839 4155 scriptio
858 4084 938 4137 nobis
977 4104 1034 4138 ram
1057 4095 1217 4141 monstrare
1235 4090 1346 4159 poterit

191 4157 225 4210 ad
248 4175 347 4211 reram
370 4159 526 4213 lectionem
551 4157 751 4229 reperiendam
779 4157 873 4220 fidere.
916 4157 1063 4227 Improbat
1087 4159 1164 4210 enim
1187 4161 1346 4226 confidendi

190 4229 343 4282 verbum.“
359 4230 448 4285 Bauli.
487 4230 614 4294 „Mirum
632 4227 678 4291 sit,
697 4227 721 4278 si
739 4244 829 4278 unum
847 4226 981 4296 idemque
999 4229 1066 4280 sint.
1105 4231 1172 4283 Non
1198 4239 1257 4285 tam
1275 4250 1345 4302 pue·

191 4300 257 4352 rilia
282 4303 450 4356 Ciceronem
478 4301 581 4354 dixisse
604 4305 694 4370 puto,·
714 4298 762 4351 sed
785 4298 931 4371 scripsisse
956 4315 1020 4352 uon
1041 4301 1137 4366 fidere,
1165 4301 1221 4355 hoc
1243 4320 1343 4358 seusu:

191 4370 245 4437 Qui
263 4373 353 4427 fidens
372 4381 423 4438 cst,
443 4372 466 4423 is
484 4388 543 4424 non
561 4369 736 4424 extimescit:
757 4387 816 4424 non
833 4371 923 4424 fidere
942 4369 1060 4439 quidem
1077 4380 1181 4442 potest,
1201 4374 1345 4446 discrepat

186 4444 268 4501 enim
291 4463 307 4498 a
331 4443 459 4500 timendo
487 4458 545 4497 non
569 4442 667 4498 fidere.
706 4440 763 4497 Sed
790 4442 864 4499 enim
887 4441 1027 4512 saepest
1058 4443 1208 4501 omissum.
1222 4445 1343 4518 aliquid,
