2842 5070
483 308 613 373 mom
639 307 703 390 tv,
730 311 781 376 ιε.
1015 281 1019 289 ’
1155 305 1219 374 sta

38 538 41 549 ,
64 479 121 562 qui
142 477 334 558 voluptatem
354 476 453 548 animi
473 477 599 539 niniam
619 482 764 538 ¹suerranum
782 492 850 537 esse
870 489 1007 535 errorem
1019 470 1216 533 arbitratur.
1240 536 1243 541 ,

62 562 188 635 Eorum
209 563 314 647 igitur
337 559 501 620 malorum
522 560 558 626 ia
579 579 646 621 una
666 560 793 620 virtute
816 559 924 640 posita
945 556 1073 651 sanatio
1095 562 1155 619 est.
1193 564 1197 575 ·

69 674 1225 707 ...a-..ww

135 752 191 799 tum
216 747 332 811 effertur
359 744 527 811 alacritate]
564 740 607 798 Ita
631 743 697 798 dedi
722 761 790 797 cum
813 741 882 795 Dav.
902 742 934 794 in
950 742 996 798 od.
1016 743 1053 807 2.,
1073 739 1218 795 FAWolt'.

65 816 149 870 Schz.
171 816 218 869 Or.
238 817 327 869 Nobb.
349 835 383 869 ex
395 816 530 870 Codicum
547 815 689 890 vestigiis,
708 832 832 885 quorum
850 814 964 897 optimi,
983 815 1052 887 Reg.
1068 812 1142 864 cut.
1154 816 1177 866 l.
1191 814 1219 867 2.

65 897 126 940 tres
145 889 214 940 Oxx.
235 886 308 939 Gud.
328 887 414 940 Marb.
434 886 523 939 Rehd.
543 887 639 940 Duisb.
664 885 770 938 habent
794 885 950 937 ablativum
968 883 1128 936 alacritate.
1165 885 1220 935 Pro

65 959 123 1024 fert
139 957 246 1010 habent
270 959 353 1023 affert
376 976 449 1009 unus
468 957 518 1009 Ox.
542 956 631 1010 Rebd.
657 954 884 1009 Confert'Orell.
914 952 935 1018 5.
956 957 1000 1020 37,
1019 953 1068 1006 ubi
1087 961 1142 1005 est:
1172 952 1221 1006 cui

64 1028 139 1091 nibil
158 1055 190 1064 -
209 1027 295 1080 nimis
313 1027 445 1081 laetabile
463 1029 501 1081 ad
519 1028 742 1093 efferendum
759 1026 853 1080 uideri
867 1032 956 1095 potest
973 1025 1033 1091 (ubi
1052 1024 1122 1076 item
1133 1023 1219 1077 Codd.

65 1100 135 1175 Reg.
154 1098 228 1151 Gud.
251 1103 274 1153 1.
290 1101 315 1152 2.
335 1099 382 1150 all.
402 1098 509 1150 habent
526 1097 684 1164 ferendam)
704 1107 733 1150 et
751 1096 773 1162 i.
790 1099 837 1152 39:
858 1096 931 1164 quod
948 1097 1063 1166 adeptus
1082 1096 1254 1165 efferae‘

67 1176 101 1222 te
118 1167 277 1222 insolenter.
322 1168 410 1221 Addit
433 1177 530 1221 autem
552 1169 656 1223 Tusco.
681 1169 735 1222 111.
760 1166 782 1232 ἕ.
805 1172 845 1222 ll.
871 1170 1003 1232 feruntur
1028 1171 1077 1219 aut
1103 1165 1221 1220 libidine

67 1247 116 1293 aut
142 1238 300 1292 iracundia.
323 1239 411 1292 ‘Cain
433 1256 503 1292 vero
527 1255 543 1292 o
565 1241 631 1292 timi
656 1239 726 1292 libri
744 1238 924 1292 consentiant
946 1239 977 1291 in
996 1241 1061 1305 fert,
1092 1238 1168 1306 quod
1186 1255 1222 1290 ex

66 1311 235 1380 compendio
255 1309 312 1361 scri
332 1305 420 1362 tionis
437 1312 532 1377 fertur
544 1257 646 1376 biert]
663 1309 749 1363 facile
760 1310 858 1380 potuit
871 1310 953 1376 oriri,
973 1317 1002 1362 et
1019 1307 1125 1370 habent
1135 1307 1221 1362 codd.

70 1381 185 1452 Gryph.
206 1390 235 1433 et
252 1328 337 1432 vini.
360 1385 383 1436 1.
410 1389 439 1433 et
456 1381 553 1455 Regiis
572 1381 761 1446 Lallemanni,
789 1380 892 1432 melius
910 1383 1030 1433 fortasse
1049 1395 1115 1433 cuin
1132 1381 1222 1441 Bruto

67 1460 97 1504 et
123 1454 310 1504 hullemanno
335 1453 506 1522 recepissem
536 1458 594 1504 tum
625 1452 736 1517 fertur
762 1451 934 1504 alacritate.
977 1451 1042 1533 Spla
1068 1451 1121 1503 Ed.
1148 1450 1221 1502 Tbn.
1276 1465 1283 1479 ·
1384 1505 1388 1516 ,

67 1522 154 1576 habet
173 1524 340 1589 efferetur
357 1523 518 1576 alacritate.
543 1523 662 1592 Reliqui
678 1521 784 1575 habent
803 1528 861 1575 tum
877 1523 935 1587 fert
952 1522 1139 1575 alacritatem.
1159 1520 1220 1573 Mr.

139 1610 222 1667 Nibil
239 1611 267 1663 ei
286 1616 391 1665 constet
411 1612 481 1680 quid
499 1610 585 1679 agat]
619 1610 714 1685 Vulgo
741 1606 815 1663 nibil
832 1625 890 1660 esse
903 1614 1020 1674 foeneret,
1048 1608 1221 1678 quodagat.

68 1682 187 1736 (lodices
216 1690 311 1734 eutem
335 1699 404 1752 prae
432 1700 461 1735 se
485 1684 585 1734 ferunt
609 1687 638 1734 ut
663 1679 736 1737 nibil
753 1682 815 1734 erse
838 1679 924 1754 (lieg.
944 1681 1000 1747 est)
1024 1685 1128 1749 constet
1152 1677 1225 1750 quid

69 1761 152 1820 agat;
168 1752 245 1804 ,unde
264 1753 307 1806 cl.
328 1753 475 1805 Bentleius
498 1752 528 1804 id
546 1752 624 1819 quod
643 1750 809 1806 exhibemus
827 1750 965 1820 reposuit.
1002 1751 1038 1803 D.
1125 1786 1132 1807 .

138 1829 170 1894 ut
189 1840 264 1895 nibil
273 1847 389 1906 constet,
409 1841 484 1910 qnod
494 1838 576 1908 agat]
595 1830 686 1906 „lim
704 1839 857 1900 delendum
876 1848 926 1892 est.
942 1840 1089 1901 Bentleius
1100 1840 1224 1914 corrigit

70 1912 130 1966 ei.“
154 1914 223 1964 Era.
269 1913 328 1965 Nos
352 1913 437 1982 plane
462 1911 639 1981 sequendum
666 1911 799 1962 duximus
825 1910 989 1963 Bentleium
1012 1912 1043 1962 in
1068 1919 1163 1962 annot.
1189 1910 1224 1962 ad

70 1985 180 2036 calcem
197 1982 268 2034 libri
286 1984 392 2036 nostri:
411 1984 492 2045 cuius
512 1983 598 2035 'etiam
617 1983 758 2035 rationem
777 1989 807 2034 et
825 1982 1047 2051 explicationem
1070 1998 1098 2033 v.
1117 1986 1224 2033 constet

69 2064 199 2107 nostram
217 2054 359 2106 facimus.'
383 2053 532 2118 Accedunt
551 2052 694 2108 Goerenz.
714 2052 750 2105 ad
768 2051 828 2106 Cio.
849 2052 883 2106 de
896 2053 981 2105 Finn.
1001 2054 1038 2106 ΙΙ.
1058 2053 1084 2108 i·
1106 2055 1154 2109 li:
1174 2051 1225 2105 ubi

70 2135 112 2179 est
130 2134 242 2186 versus:
359 2133 368 2144 ¹
892 2178 898 2187 ,

120 2187 125 2197 ’
210 2215 212 2220 s
239 2195 328 2249 Tanta
348 2195 458 2251 laetitia
477 2202 664 2261 noctuarum,
683 2199 715 2248 ut
731 2192 805 2250 nibil
820 2202 940 2259 conetet3

69 2266 197 2337 itemque
215 2267 362 2322 FAWolf.
392 2268 425 2319 in
450 2269 522 2321 aad.
542 2271 568 2323 2.
597 2276 626 2319 et
643 2270 669 2337 3,
695 2268 738 2335 [in
754 2268 851 2336 prima
868 2265 982 2336 recepit
999 2266 1036 2334 er]
1069 2265 1153 2320 Schz.
1174 2267 1228 2320 Or.-

25 2368 31 2378 =
68 2339 143 2391 Reae
166 2339 190 2389 it
209 2338 297 2389 etiam
315 2338 343 2390 ei
361 2339 434 2392 Lall.
455 2356 523 2391 cum
540 2337 626 2402 Dav.;
646 2339 774 2407 itemque
793 2336 877 2409 Bipp.
897 2337 1012 2390 blannh.
1033 2338 1122 2391 Nobb.
1154 2338 1225 2391 Eius
1313 2329 1322 2353 ‘

68 2409 134 2461 loco
175 2408 258 2460 abent
276 2407 334 2475 ipsi
352 2409 423 2461 Edd.
444 2408 494 2461 Ox.
515 2409 589 2461 oliv.
609 2408 699 2473 Tbn.;
726 2407 789 2460 eino
810 2408 897 2460 habet
919 2425 972 2476 pro
997 2426 1057 2462 eoae
1080 2427 1154 2461 unus
1173 2410 1223 2463 Ox.

69 2479 209 2548 Reliquae
227 2478 300 2531 Edd.
319 2488 435 2531 servant
452 2477 527 2532 nibil
545 2493 620 2531 ease
637 2483 750 2532 cortetet.
772 2477 857 2533 codd.
877 2480 946 2552 Reg.
967 2480 1040 2533 Gud.
1054 2485 1077 2534 l.
1093 2483 1119 2537 2.
1137 2481 1224 2548 Bern.

69 2547 175 2601 habent
193 2546 249 2602 'eat
277 2555 386 2606 constet.
423 2549 569 2620 Pro'puod
595 2557 637 2611 est
660 2550 729 2618 quid
755 2549 787 2601 in
812 2548 898 2603 codd.
926 2550 1033 2604 duobus
1058 2552 1128 2605 Oxx.
1152 2553 1224 2626 ch.

72 2620 145 2673 Gud.
167 2623 191 2674 1.
212 2623 238 2674 2.
257 2619 346 2674 Rehd.
370 2620 560 2675 Gud.1tuisb.
597 2621 658 2674 ΜΓ.

141 2710 249 2775 atille,
270 2709 318 2778 qui
334 2711 503 2778 uoluptatem
522 2709 572 2777 -]
609 2711 666 2774 „In
687 2708 780 2780 Epist.
803 2710 843 2773 ,ed
869 2710 999 2763 Caelium
1024 2708 1075 2765 lib.
1100 2709 1138 2762 ΙΙ.
1164 2706 1225 2774 [9.]

72 2781 268 2852 παροιμιωδῶς
285 2789 398 2850 partem
415 2781 502 2834 huius
520 2781 593 2833 dicti
612 2782 714 2835 Cicero
734 2781 872 2842 inseruit:
901 2781 935 2833 ln
954 2797 1005 2850 quc
1031 2796 1111 2849 quum
1130 2780 1226 2833 obiur-

72 2868 168 2922 garer,
189 2852 260 2921 quod
278 2851 366 2906 nimio
385 2854 491 2919 gaudio
508 2867 596 2920 paene
622 2851 786 2920 desiperem,
811 2852 856 2905 ita
873 2869 915 2904 me
936 2852 1129 2919 defendebam:
1162 2851 1226 2920 Ego

72 2925 238 2991 uoluptatem
258 2925 347 2976 animi
365 2924 483 2976 nimiam
496 2953 529 2965 -
548 2923 652 2975 Versus
671 2932 713 2975 est
720 2924 846 2976 Trabeae
860 2923 978 2987 comici,
993 2932 1027 2974 ut
1045 2922 1228 2998 significatur

73 2995 107 3046 de
126 2995 220 3046 Finib.
241 2994 278 3045 Π.
300 2991 349 3059 [4.]
385 2995 460 3047 Nam
487 3001 515 3046 et
539 2993 591 3046 ille
610 2994 684 3065 apud
700 2995 839 3054 Trabeam
861 2994 1042 3063 voluptatem
1060 2994 1150 3046 animi
1168 2994 1229 3049 lae-.

73 3066 171 3116 titiam
197 3064 319 3115 nimiam
337 3063 422 3117 dicit:
451 3064 583 3128 eandem,‘
610 3083 697 3134 quam
719 3066 772 3116 ille
801 3064 990 3127 Caecilianus,
1018 3066 1069 3132 qui
1097 3064 1227 3117 omnibus

72 3134 195 3186 laetitiis
218 3134 328 3186 laetum
355 3152 384 3186 se
413 3140 471 3188 e'sse
497 3134 628 3189 narrat.“
656 3135 802 3188 Gamerae.
839 3135 983 3202 „Quidam
1007 3134 1093 3189 Godd.
1121 3133 1227 3186 hebent

73 3223 130 3258 non
145 3204 253 3267 animi,
284 3204 332 3256 sed
354 3203 470 3268 bomini,
500 3213 534 3256 ut
558 3205 596 3254 sit
619 3222 731 3258 sensus:
762 3205 890 3264 nimiam·
906 3204 1020 3256 homini
1048 3205 1228 3273 voluptatem

74 3295 133 3330 esse
151 3294 263 3328 causam
283 3275 501 3344 desipientiae.“
520 3276 652 3333 Beroald.
670 3276 738 3328 Dav.
759 3276 791 3327 in
802 3275 854 3328 Ed.
865 3277 891 3331 2.
910 3275 1037 3328 Bentleii
1056 3274 1230 3328 emendatio-

73 3366 140 3400 nem
159 3363 311 3416 aegrorem
329 3363 383 3415 pro
402 3363 529 3400 errorem
555 3348 674 3417 recepit.
712 3349 774 3401 Mr.

74 3509 90 3560 b
114 3468 118 3474 =
148 3437 323 3559 Voluptatpm
342 3435 431 3492 animi
447 3435 565 3492 nimiam
582 3451 717 3490 summum
735 3451 798 3505 esse
815 3452 945 3491 errorem
962 3435 1130 3505 arbitratur]
1157 3437 1230 3501 'l'ra-¹

93 3524 140 3560 eae
158 3525 256 3561 versus
293 3508 345 3574 uit,
371 3558 374 3563 ,
455 3517 457 3521 “
601 3512 603 3516 “
909 3525 914 3529 ’

168 3592 178 3600 ·
239 3580 302 3646 ligo
313 3581 481 3648 uoluptatem
494 3577 583 3633 animi
600 3578 717 3633 nimiam
730 3595 862 3633 summum
876 3594 937 3633 esee
954 3594 1080 3633 errorem
1090 3577 1228 3631 arbitror.

75 3646 146 3699 Vide
164 3647 228 3698 Fin.
249 3648 289 3714 11,
307 3653 334 3705 4.
355 3651 505 3710 etFamil.
526 3652 608 3717 11‚9.
636 3653 717 3705 lnfra
739 3667 799 3721 cap.
819 3652 908 3704 xvtl.
947 3651 1040 3720 anue
1064 3648 1160 3702 omnia
1176 3653 1228 3703 aut
1251 3708 1255 3719 ,

75 3716 166 3840 nimiae
185 3718 287 3771 tristia
312 3727 361 3843 alpe
388 3721 472 3776 nimis
495 3723 571 3776 loeta
593 3739 694 3778 errore
715 3722 798 3789 fieri?
835 3723 891 3779 Qui
914 3720 943 3775 ei
961 3737 1045 3776 error
1061 3719 1159 3775 staltis
1179 3736 1230 3774 ex·

75 3797 202 3843 tenuc'ur
225 3797 279 3841 etc.
345 3830 352 3843 .

147 3884 178 3930 at
202 3876 253 3929 ille
278 3879 325 3947 qui
350 3881 522 3950 uoluptatem
549 3880 640 3937 animi
665 3882 784 3940 nimiam
803 3883 857 3951 -]
895 3870 1230 3947 coenantium

11 4004 22 4024 Ι
75 3947 131 4018 qui.
169 3951 250 4003 Unus
268 3949 318 4002 (lx.
338 3951 460 4004 animae.
484 3954 575 4007 Rehd.
600 3956 764 4024 voluptatem
789 3955 880 4010 animi
906 3969 1041 4009 summum
1063 3954 1135 4007 iam
1162 3969 1229 4019 ease,
1293 3976 1296 3989 ·

76 4021 180 4075 omisso
198 4021 324 4073 nimiam.
344 4024 418 4075 Mon.
440 4028 465 4078 1.
484 4040 685 4095 summumque
703 4044 860 4081 errorem
878 4043 960 4081 eree.
975 4025 1064 4090 Nind.
1087 4028 1110 4078 l.
1130 4024 1230 4077 bannim

75 4109 130 4163 pro
149 4107 283 4158 errorem,
310 4109 346 4146 ex
364 4110 420 4162 quo
439 4110 537 4149 errore
557 4097 654 4149 iuncto
677 4114 744 4150 cum
761 4097 988 4151 hallucinatione
1007 4095 1119 4149 Codicis
1136 4095 1246 4163 Retia„

77 4163 228 4217 Nissenius
246 4181 311 4217 suae
328 4163 516 4217 hariolationi
534 4167 729 4236 patrocinium
747 4177 880 4237 repetere
919 4168 1045 4221 cluisset.
1082 4165 1242 4219 Scribitur‘

79 4252 204 4289 errorem
221 4251 281 4289 esse
304 4235 335 4287 in
353 4236 439 4289 Codd.
467 4237 550 4291 Vind
571 4240 597 4292 2.
625 4237 721 4290 Duisb.
748 4238 820 4291 Edd.
840 4241 869 4290 P.
894 4187 928 4291 b.
947 4240 979 4293 B.
1002 4238 1031 4293 S.
1049 4239 1084 4292 Ε.
1105 4236 1135 4290 0.
1155 4238 1228 4288 Ven.

79 4315 168 4358 nostr.
188 4308 269 4359 Junt.
289 4307 353 4360 Asc.
375 4311 399 4361 1.
421 4309 445 4362 2.
484 4303 528 4371 Ad
553 4309 724 4362 sententiam
749 4309 807 4361 vid.
826 4308 894 4373 ,cie
921 4310 955 4363 de
974 4311 1059 4363 Finn.
1080 4309 1116 4360 11.
1136 4308 1163 4360 4.
1185 4308 1227 4361 13.

79 4394 109 4446 p.
129 4380 248 4448 131..sq.
269 4381 312 4432 ed.
335 4379 477 4433 Goerenz.
498 4397 525 4448 q.
544 4397 572 4431 v.
591 4378 654 4433 Duo
675 4381 744 4433 Oxx.
764 4378 870 4435 habent
888 4381 1078 4444 arbitrantur,
1102 4376 1229 4431 Vinea.

82 4448 245 4505 arbitretur.
270 4451 351 4506 Unus
360 4451 410 4506 Ox.
431 4451 572 4506 Errornm
588 4467 642 4522 pro
659 4451 771 4508 liuram.
792 4452 866 4508 aud.
878 4456 906 4517 2.
925 4453 1037 4509 omittit
1053 4465 1118 4505 una.
1137 4444 1228 4503 Rehd.
