2842 5070
102 277 116 285 '¹
198 315 262 383 tes
399 311 628 384 donnolus
650 311 897 377 rosunum.
920 309 1152 375 uteremur.
1268 383 1276 387 ,

200 480 304 540 simus
324 485 446 539 auctor
466 478 502 538 in
523 478 719 562 Originibus
741 476 830 555 dixit
849 473 944 553 Cato,
964 493 1092 536 morem
1106 471 1194 554 apud
1215 473 1387 536 maiores.

199 561 288 622 hunc
304 560 477 641 epularum
490 561 603 635 fuisse,
621 569 659 621 ut
669 558 824 640 deinceps
840 560 896 641 qui
912 559 1126 632 accubarent‚
1141 564 1303 617 canerent
1318 554 1361 617 ad

199 643 316 703 tibiam
339 642 508 702 clarorum
528 643 684 703 virorum
706 641 818 703 laudes
839 650 939 722 atque
953 641 1110 701 virtutes.
1138 637 1186 698 Ex
1201 656 1266 719 quo
1286 656 1361 718 per·

199 726 354 805 spicuam
370 730 431 801 est,
453 733 488 785 et
509 731 719 791 cantustum
741 726 844 785 fuisse
859 723 1042 802 rescriptos
1059 739 1181 782 vocum
1202 720 1305 796 sonis,
1328 729 1363 783 et

270 907 375 944 morem
393 892 470 959 apud
491 856 617 944 ποιοῖο-νει
641 889 712 944 hunc
739 893 883 959 epulorum
909 888 1018 956 fuisse]
1056 888 1203 941 scribitur
1221 887 1253 938 in
1272 887 1358 941 Codd.

198 961 282 1013 Vind.
305 966 329 1016 1.
350 964 375 1016 2.
394 959 467 1014 dureo
485 962 561 1029 opud
579 962 710 1015 maiores.
742 964 797 1015 Pro
816 962 864 1030 qai
881 979 954 1012 unus
974 962 1024 1013 Ox.
1043 956 1130 1011 habet
1150 972 1214 1026 pua.
1232 958 1360 1010 Verbum

200 1033 335 1083 accubare
365 1028 493 1101 explicat
520 1033 678 1085 Forcellin.
703 1050 723 1084 s.
749 1051 778 1082 v.
805 1049 834 1101 p.
861 1035 905 1087 30.
934 1048 958 1083 c.
978 1030 1021 1082 ed.
1051 1030 1150 1083 Germ.
1175 1026 1247 1080 Add.
1273 1027 1359 1081 Fulv.

82 1068 89 1079 ’
199 1102 300 1154 ursini
319 1101 448 1170 Appius.
468 1102 502 1154 aa
522 1103 655 1156 ciaccon.
684 1101 719 1155 ee
746 1101 872 1153 Triclin.
903 1120 931 1171 p.
951 1104 1013 1156 aas.
1035 1132 1068 1142 -
1105 1099 1184 1151 Unus
1204 1098 1254 1150 ox.
1273 1097 1360 1152 nabet

200 1177 332 1225 canerent
351 1171 447 1225 tibia.
485 1173 528 1224 De
548 1174 761 1224 constructione
781 1173 819 1224 ad
837 1171 938 1224 tibiam
960 1185 1058 1223 canere
1082 1170 1139 1221 vid.
1161 1169 1266 1220 blandii
1284 1168 1360 1219 Tur-

104 1306 106 1311 ·
201 1241 298 1294 sellin.
327 1242 349 1297 l.
369 1260 397 1311 p.
413 1240 460 1297 98.
498 1243 533 1296 ln
555 1241 609 1294 nd.
632 1247 656 1298 1.
683 1243 814 1294 Davisius
839 1242 873 1294 ad
896 1241 925 1293 h.
953 1241 975 1293 l.
1001 1240 1178 1297 adnotationi
1204 1256 1264 1309 seq·
1288 1238 1359 1291 haec

201 1312 361 1371 addiderat:
395 1311 519 1377 „Gascos
544 1312 612 1364 illos
639 1314 779 1365 Romanos
804 1329 869 1363 cum
900 1309 1078 1383 philosophis
1103 1309 1213 1363 Italicis
1244 1309 1360 1360 nullum

144 1383 149 1426 ἰ
201 1399 318 1452 prorsus
344 1381 473 1434 habuisse
496 1384 703 1435 commercium
720 1390 891 1458 argumento
910 1383 956 1448 sit,
986 1382 1063 1453 quod
1081 1381 1212 1433 omnium
1227 1378 1360 1449 discipli·

202 1469 305 1506 narum
323 1454 445 1504 fuerunt
463 1470 621 1522 spernaces.
659 1453 735 1506 Hinc
753 1453 868 1505 tandem

365 1520 485 1575 Poenico
508 1523 579 1575 bello
597 1524 718 1576 secundo
736 1524 824 1575 Musa
846 1521 964 1589 pinnato
982 1521 1078 1589 grado

366 1591 467 1644 Intulit
481 1608 515 1645 se
532 1593 692 1646 bellicosam
714 1596 744 1646 ιἰι
761 1593 874 1646 Romuli
891 1599 999 1659 gentem
1017 1592 1124 1656 Ῑὲιοιιιι

204 1679 278 1734 quae
295 1662 384 1715 verba
401 1671 468 1714 sunt
486 1664 581 1730 Porcii
599 1664 802 1732 Licinii-apud
820 1662 950 1716 Gellium
968 1663 1005 1714 N.
1026 1663 1060 1713 A.
1079 1661 1166 1712 XVll.
1187 1659 1254 1716 21.“
1266 1673 1267 1677 ’
1281 1662 1341 1716 Mr.

275 1733 414 1785 canerent
432 1732 471 1784 ad
489 1732 600 1797 tibiam]
619 1733 660 1785 De
678 1733 734 1786 hoc
751 1750 832 1785 inore
851 1733 975 1785 diximus
993 1732 1028 1783 ad
1045 1731 1096 1783 lib.
1112 1732 1134 1782 Ι.
1149 1730 1236 1783 Tusc.
1257 1748 1318 1800 cap.
1333 1735 1359 1788 2.

202 1802 256 1856 Est
283 1819 352 1874 vcro
376 1803 453 1872 quod
474 1803 604 1855 ostendat
625 1804 841 1860 ¹vetustissimos
865 1803 1005 1854 Romanos
1030 1799 1251 1872 aPythagoreis
1276 1802 1361 1853 illum

203 1887 264 1926 non
281 1873 440 1941 accepisse3
460 1890 526 1925 nam
544 1873 577 1924 hi
597 1887 663 1924 sane
680 1874 747 1942 lyra
765 1881 832 1924 sunt
850 1873 916 1924 usit>
930 1867 994 1931 τοὺς
1012 1870 1073 1940 ydp'
1086 1872 1186 1933 αὐλοῠς
1203 1869 1361 1939 ὑπελάμβα-

204 1959 271 1995 νον.
287 1941 445 2011 ὑβριστικόν
471 1962 500 1996 τι
525 1946 572 1994 καὶ
598 1944 787 2010 πανηγυρικὸν
811 1945 855 1994 καὶ
881 1941 1010 2006 οὐδαμῶς
1033 1937 1188 2010 ἐλευθέριον
1213 1942 1264 1995 τὸν
1289 1940 1362 2009 ἦχον

203 2012 287 2080 ἔχειν,
314 2022 348 2064 ut
373 2013 463 2064 tradit
481 2013 661 2066 lamblichus
684 2014 737 2065 vit.
757 2011 878 2083 Pythag.
902 2011 1016 2075 §.JCXL
1053 2012 1126 2064 Vide
1145 2021 1174 2064 et
1192 2012 1363 2077 Quinctilio-

204 2100 274 2134 num
294 2083 364 2136 lnst.
385 2084 461 2135 Orat.
490 2083 540 2133 lib.
561 2084 608 2134 lx.
638 2099 697 2152 cap.
717 2085 743 2136 4.
779 2082 823 2135 Ad
846 2082 953 2134 horum
977 2081 1169 2133 imitationem
1196 2079 1362 2142 αὐλοποιοὺς

205 2156 235 2206 et
254 2152 374 2219 αὐλητὰς
393 2152 515 2205 eiicicns
534 2169 549 2205 e
574 2170 624 2203 sua
641 2154 710 2222 liep.
729 2152 819 2216 Plato,
843 2153 940 2221 lyram
964 2160 1061 2203 tamen
1084 2159 1112 2207 et
1130 2150 1270 2204 citharam
1289 2153 1362 2204 reti-

204 2223 279 2275 nuit.
317 2223 390 2274 Vide
408 2223 531 2278 lib-111.
551 2222 585 2274 de
603 2223 673 2292 liep.
698 2241 734 2291 pa
757 2260 763 2273 .
786 2225 846 2277 196.
873 2222 914 2274 ed.
934 2221 1051 2274 Cantab.
1087 2221 1161 2274 Hinc
1178 2221 1361 2288 Anacharsis,

205 2291 350 2361 ἐρωτηθεὶς
375 2291 400 2345 si
424 2293 495 2346 eleis
521 2290 552 2344 ἐν
576 2292 699 2352 Σκύθαις
722 2295 816 2357 raiol,
844 2283 929 2356 εἶπεν,
948 2293 1006 2344 ἀλλ’
1026 2290 1091 2346 οὐδὲ
1109 2291 1236 2357 ἄμπελοι.
1275 2292 1362 2357 Quasi

204 2363 277 2414 tibia
305 2360 373 2413 solis
398 2358 678 2414 commessationibus
706 2371 778 2416 esset
801 2371 866 2432 apta
889 2372 964 2414 nata.
1001 2364 1177 2431 Responsum
1198 2371 1364 2415 memorant

205 2431 348 2506 Diogenes
375 2430 506 2483 Laertius
530 2430 635 2496 1,,104.
664 2432 772 2503 aliique
794 2433 925 2502 plurimi.
963 2433 1099 2486 Aelianus
1125 2435 1159 2484 V.
1178 2434 1214 2484 ll.
1243 2434 1296 2497 ΠΙ,
1317 2436 1362 2487 14.

201 2501 262 2555 'Art
285 2500 316 2553 δὲ
342 2500 398 2553 ὑπὸ
417 2502 462 2566 τῆς
479 2501 567 2572 μέθης
584 2507 632 2554 καὶ
649 2507 699 2556 τοῦ
724 2507 801 2556 οἴνου
828 2502 999 2573 διοιῤῥέοντες
1017 2499 1196 2567 (Βυζάντιοι)
1213 2500 1366 2557 AY'AOY'

205 2573 260 2640 μέν
278 2573 422 2633 ἀκούοντες
444 2575 585 2643 χαίρουσι,
613 2574 659 2626 καὶ
683 2574 714 2625 τὸ
741 2572 824 2642 ἔργον
848 2577 941 2634 αὐτοῖς
967 2569 1207 2626 ΑῩΛΕΓΣΘΑῙ
1230 2573 1294 2627 ἔστι.
1333 2574 1364 2627 si
1391 2638 1393 2640 η

206 2650 304 2696 minen
326 2641 472 2694 Athenaeo
500 2644 654 2707 credimus,
679 2644 753 2713 apud
778 2643 972 2718 Pythagoreos
996 2645 1083 2696 aliter
1105 2640 1137 2696 'se
1161 2662 1208 2698 res
1232 2643 1361 2697 habebat.

206 2716 264 2765 Keil
281 2716 345 2776 τῶν,
365 2713 463 2779 inquit
481 2712 533 2765 ille
551 2713 602 2764 lib.
621 2715 671 2765 IV.
689 2731 754 2788 pag.
776 2717 837 2769 184.
863 2719 980 2767 καὶτῶν
997 2717 1203 2784 Πυθαγορικῶν
1220 2714 1251 2767 δὲ
1268 2716 1364 2768 πολλοὶ

83 2839 88 2845 ,
152 2846 154 2851 ι
206 2779 257 2850 τὴν
271 2781 519 2834 ’AY3AHT1KH‘N
533 2784 665 2849 ἤσκησαν,
684 2783 722 2842 uic
740 2785 899 2853 Εὐφράνωρ
918 2803 948 2838 rs
964 2787 1011 2837 καὶ
1025 2782 1168 2852 Ἀρχύτας,
1188 2781 1320 2843 Φιλόλαός
1336 2802 1365 2837 te

208 2853 284 2912 ἄλλοι
311 2870 339 2905 τε
363 2849 414 2905 οὐκ
436 2850 533 2928 ὀλίγοι.
579 2854 705 2906 Adeatur
734 2856 822 2907 ctiam
846 2855 1017 2908 Scholiastes
1044 2856 1247 2930 Hermogenis,
1278 2871 1365 2925 quem

168 2948 170 2952 >
207 2922 306 2975 laudat
323 2923 359 2976 ls.
379 2920 556 2974 Gasaubonus
574 2923 608 2975 ad
617 2924 871 2994 Deipnosophistae
889 2927 962 2989 XIV,
975 2928 1000 2981 ὅ.
1020 2927 1176 2994 Utcunque
1196 2928 1242 2992 sit,
1255 2928 1366 2996 sapien-

52 3005 60 3012 ”
147 3056 150 3060 ¹
208 2992 267 3045 tiae
286 2991 425 3044 studiosos
443 2997 507 3044 onte
525 2991 620 3045 Laelii
638 3001 756 3047 oetatem
775 3002 801 3047 et
814 2995 956 3062 Scipionis
974 3012 1028 3048 aon
1046 2997 1153 3064 reperit
1171 2997 1281 3059 Cicero,
1301 3011 1367 3064 quoe

208 3056 351 3132 appellare
368 3067 462 3128 posset
480 3065 651 3128 nominatim,
675 3073 708 3116 ut
726 3066 767 3135 ait
786 3065 863 3117 infra
886 3080 946 3135 cap.
966 3069 992 3121 3.
1020 3075 1048 3118 et
1067 3084 1102 3118 ex
1121 3067 1247 3119 evanidis
1266 3064 1366 3117 huius·

209 3133 288 3186 modi
305 3132 436 3206 vestigiis
453 3149 605 3202 perperam
625 3133 786 3208 colligitur,
814 3135 985 3188 veterrimos
1005 3135 1130 3202 Quirites
1155 3136 1287 3187 instituta
1311 3137 1367 3204 Py-

209 3203 360 3277 thagorica
386 3210 522 3271 sequutus
540 3220 611 3267 esse;
642 3221 708 3260 cum
735 3205 800 3257 talis
826 3220 942 3260 morum
964 3206 1122 3258 similitudo
1146 3207 1223 3258 forte
1249 3206 1368 3257 fortuna

100 3329 103 3338 ,
209 3274 301 3344 possit
319 3273 444 3325 evenire.
483 3273 589 3326 Noster
606 3281 703 3327 tarnen
720 3291 778 3328 non
795 3276 871 3326 solus
889 3276 948 3327 fuit
971 3277 1022 3344 qui
1040 3277 1178 3328 Romanos
1196 3290 1291 3326 mores
1310 3277 1369 3344 Py·
1386 3271 1400 3286 “

102 4138 107 4147 «
211 4114 305 4167 nostri
323 4112 371 4165 MS

210 3343 368 3416 thagoricis
384 3342 503 3395 ‘similes
527 3343 616 3396 fuisse
638 3345 765 3411 censuit,
797 3346 894 3398 eadem
918 3345 996 3396 enim
1019 3343 1145 3398 Castoris
1169 3351 1231 3396 erat
1255 3344 1366 3412 opinio.

142 3450 162 3466 ,Α
184 3421 188 3426 ’
210 3413 284 3466 Vide
301 3412 489 3464 Plutarchum
515 3413 626 3478 Quaest.
649 3415 729 3467 Rom.
749 3432 776 3484 p.
796 3415 858 3470 266.
895 3415 931 3466 D.

284 3482 327 3534 Ex
352 3497 403 3550 quo
426 3482 676 3551 perspicuumst,
708 3490 735 3537 et
759 3481 952 3547 cosmeta]
988 3483 1137 3536 Unus'Ox.
1158 3481 1253 3548 Ergo
1269 3497 1366 3550 persp.

171 3550 174 3555 ’
213 3558 269 3605 est:
289 3552 361 3603 alius
380 3557 407 3603 ei
426 3558 524 3606 contus
542 3560 658 3623 tom-en
675 3555 774 3618 fuisse.
793 3556 869 3606 Mon.
880 3555 907 3608 l.
928 3559 954 3605 et
971 3554 1068 3604 contos
1086 3559 1167 3603 tunc
1183 3552 1280 3615 foisse.
1302 3554 1365 3606 Mr.

283 3627 423 3675 esconius
440 3629 499 3676 tum
516 3619 607 3691 fuisse
624 3623 831 3692 rescriptos
847 3625 1043 3685 occursionis,
1062 3622 1254 3690 sicamina]
1275 3624 1368 3687 „Mal-

212 3691 272 3746 lem
290 3693 542 3766 descriptos-quia
559 3693 678 3764 proprie
696 3702 726 3746 et
746 3711 849 3763 parum
867 3700 978 3745 remote
997 3709 1014 3744 a
1029 3692 1125 3757 litera,
1155 3693 1367 3762 respondetque

214 3762 324 3815 Graeco
338 3764 430 3820 uerbo
448 3763 724 3834 ἀναγεγραμμένους,
761 3760 817 3816 Sed
835 3779 892 3832 quo
910 3763 992 3814 modo
1010 3779 1106 3815 vocum
1124 3764 1221 3816 sonis?
1248 3780 1284 3814 an
1303 3764 1367 3815 soni

213 3832 245 3884 in
263 3832 372 3885 tabulas
389 3835 608 3887 referebantur?
631 3832 729 3901 itaque
742 3831 876 3952 ,placebat
893 3833 1077 3906 Pantagatho,
1105 3843 1140 3885 ut
1157 3850 1210 3904 pro
1228 3832 1306 3887 sonis
1324 3833 1368 3885 le-

160 3901 1366 4028 0stillet?‘sdtttttelt‘t:¹⁵ititffttlt.limittit?
1403 3990 1405 3994 ι

118 4078 121 4083 -
211 4041 283 4096 licet
302 3992 333 4097 lli).
412 4058 478 4093 cum
503 4058 536 4094 co
555 4043 605 4094 Fr.
623 4038 707 4093 Fabr.¹
731 3988 906 4114 deddrdpdos.
922 3993 1251 4114 vi21tescrtptds‘habent
1268 4059 1368 4098 ornnes

360 4060 401 4165 ἒ.
420 4111 490 4163 Pall.
509 4110 593 4164 Febr.
609 4112 720 4165 Gcmbl.
742 4114 850 4166 Victor.
871 4117 914 4169 ed.
935 4116 966 4168 in
982 4118 1112 4170 Vatican.
1134 4133 1247 4186 quoque
1266 4117 1369 4169 rescri-

230 4190 287 4238 tos:
320 4189 350 4234 et
374 4197 457 4248 supra
481 4181 623 4252 scriptum
652 4183 837 4254 descriptos.“
862 4184 949 4241 Gabis
996 4187 1117 4253 „Quum
1144 4196 1241 4239 tamen
1267 4185 1368 4238 Livius

211 4253 297 4307 mitio
314 4249 383 4302 libri
400 4249 465 4314 Vll,
483 4250 562 4304 dicat
580 4252 613 4319 [ᾗ.
634 4253 672 4320 7.]
692 4255 832 4325 descripto
849 4258 887 4309 ad
905 4256 1048 4313 tibicinem
1066 4262 1158 4323 contu,
1178 4256 1245 4310 inde
1265 4265 1294 4308 et
1311 4255 1368 4307 hoc
1388 4274 1397 4310 1

159 4390 163 4395 Ι
192 4325 275 4378 'loco
297 4319 392 4374 Tullii
417 4336 533 4374 manum
561 4323 668 4376 coniici
715 4341 774 4380 osse
802 4327 941 4380 statuebat
968 4336 1053 4397 pater
1079 4329 1111 4378 in
1140 4327 1217 4379 notis
1246 4326 1280 4378 ad
1307 4325 1368 4377 eius

211 4399 298 4465 caput
312 4390 353 4446 11.
362 4388 383 4422 ‘⁴
401 4387 520 4446 Gronov.
533 4392 613 4448 'Dan
633 4395 664 4447 in
709 4395 735 4448 d.
755 4399 780 4450 1.
805 4396 892 4451 haec:
926 4396 1022 4463 „Cum
1048 4397 1119 4449 libri
1144 4413 1231 4450 manu
1259 4395 1367 4449 exarati
