2842 5070
191 265 264 374 ¹112
408 272 636 373 croneoms
657 306 903 374 tuscanen.
926 309 1156 374 nuruum.

203 471 291 558 quod
311 473 402 554 videt
422 475 545 536 malum
566 475 694 537 nullum
714 493 796 553 esse,
824 476 890 537 nisi
911 475 1057 557 culpam=
1090 475 1222 557 culpam
1243 483 1355 537 autem

160 714 163 719 ,
203 660 351 712 Nissenius
369 659 470 728 probat
488 676 617 713 errorem
636 661 669 712 ab
686 661 757 713 Ern.
783 660 875 713 invito
901 660 1090 713 commissum.
1127 658 1256 711 Olivetus
1275 658 1355 711 dedit

202 728 327 795 hamane,
354 730 458 799 probat
483 739 578 783 autem
598 729 724 787 humana.
761 730 908 783 Davisium
927 731 1018 783 secuti
1037 737 1102 782 sunt
1120 728 1183 800 Bip.
1204 737 1232 781 et
1252 729 1354 794 Schz.;

203 801 340 865 wolfius,
360 801 441 853 Koel.
462 802 508 853 Or.
529 801 619 854 Nobb.
640 803 711 854 Tbn.
731 811 905 872 receperunt
932 801 1007 870 quod
1029 798 1148 852 hamana
1170 801 1287 865 ferenda
1310 799 1355 853 in-

204 871 321 939 telligit.
358 871 503 925 Wolfium
521 870 640 924 Billerb.
666 873 708 924 ait
733 870 796 924 ideo
815 873 948 924 reiecisse
967 870 1091 936 humane,
1117 871 1184 940 quia
1215 871 1287 923 haec
1317 870 1356 922 ait

203 941 357 1012 depravata
375 941 511 994 Codicum
529 942 617 994 lectio
635 959 688 1012 pro
707 940 835 1008 humana,
854 940 971 995 humane
989 950 1086 994 autem
1110 941 1168 993 iam
1187 940 1257 993 insit
1276 941 1308 992 in
1324 957 1353 992 v.

204 1013 332 1078 fetendo:
366 1011 425 1063 eius
452 1013 546 1085 igitur
568 1013 647 1065 vocis
674 1013 810 1065 delendae
833 1021 961 1065 auctores
986 1029 1043 1064 esse
1069 1010 1098 1063 et
1127 1011 1301 1064 brevitatem
1325 1019 1355 1064 et

186 1081 385 1156 elegantiam.
423 1083 486 1151 lpse
505 1083 537 1133 in
554 1083 660 1134 scholis
678 1084 719 1134 ait
737 1077 871 1135 sufficere
889 1081 1009 1136 humana
1035 1082 1160 1148 ferenda,
1179 1090 1212 1133 ut
1230 1082 1270 1135 sit
1288 1081 1307 1132 i.
1325 1099 1353 1151 q.

205 1153 301 1206 omnia
319 1169 376 1204 esse
395 1153 523 1218 ferenda,
541 1168 626 1225 ‘quae'
643 1153 757 1205 homini
774 1153 905 1206 accidere
922 1154 1040 1236 possint.
1065 1152 1113 1206 Or·
1132 1161 1161 1204 et
1178 1152 1274 1204 Riihn.
1293 1151 1356 1204 lau-

151 1236 156 1240 “
205 1223 274 1277 dant
297 1223 394 1275 locum
419 1240 454 1274 ex
477 1224 551 1293 Epp.
575 1223 609 1275 ad
634 1222 694 1275 Att.
720 1223 842 1276 aBouh.
869 1232 1034 1276 excitatum.
1070 1223 1193 1275 Videtur
1219 1223 1309 1276 etiam
1327 1222 1354 1276 ei

206 1293 328 1347 lectioni
353 1293 529 1362 patrocinari
560 1294 637 1346 velle
668 1295 720 1352 Or.
746 1293 875 1347 adhibito
907 1294 983 1358 loco,
1020 1310 1107 1362 quem
1133 1292 1261 1345 laudavit
1284 1293 1353 1345 Dav.

206 1365 315 1418 Famm.
335 1366 382 1416 VI.
404 1369 434 1421 1⁴:
472 1366 563 1418 omnia
585 1362 710 1416 humana*
724 1367 837 1432 placate
864 1372 892 1417 et
915 1366 1057 1417 moderate
1084 1366 1220 1429 feramus:
1258 1362 1356 1416 sed.id

207 1436 303 1506 ipsum
322 1443 364 1486 est
387 1435 418 1487 id
442 1435 518 1503 quod
544 1435 692 1487 diceretur
715 1433 835 1487 Murano
859 1433 975 1488 humane
1001 1438 1133 1502 feramur.
1170 1434 1234 1508 Ego
1259 1442 1355 1486 autem

207 1505 365 1558 rationibus
384 1505 547 1588 ponderatis
571 1506 700 1558 erunibus
724 1506 894 1559 servandum
916 1507 984 1558 duxi
1002 1504 1123 1558 humana
1140 1502 1265 1571 humane,
1292 1513 1356 1556 tum

157 1570 170 1589 ²
208 1577 285 1643 quod
302 1579 363 1628 Vat.
385 1584 427 1628 ita
445 1575 569 1640 exhibet,
588 1585 651 1627 tum
670 1577 745 1645 quod
763 1576 796 1631 in
812 1577 969 1645 scriptione
983 1576 1048 1630 Cod.
1062 1576 1120 1628 Pal.
1138 1592 1183 1644 pr.
1203 1574 1355 1628 humanae

204 1655 360 1716 utrumque
384 1647 557 1699 vocabulum
583 1645 674 1698 latere
696 1647 820 1698 videtur.
857 1647 992 1711 Accedit,
1021 1646 1097 1714 quod
1122 1646 1243 1698 fluctuat
1265 1645 1355 1699 lectio

123 1740 125 1746 ¹
204 1717 282 1769 inter
300 1726 456 1784 utrumque
473 1715 654 1780 vocabulum,
673 1717 816 1785 facileque
834 1717 958 1781 librarii,
977 1717 1002 1768 si
1020 1734 1086 1769 casu
1103 1715 1145 1776 his
1158 1717 1258 1770 eodem
1269 1716 1352 1769 modo

203 1789 326 1857 scriptae
346 1795 437 1839 essent
454 1803 537 1839 voces
556 1784 687 1851 [humana
704 1785 831 1853 huutana,
849 1788 898 1840 vel
910 1786 1026 1840 humane
1038 1785 1165 1852 humane]
1184 1788 1355 1840 alterutram
1408 1783 1410 1785 ’

202 1874 261 1916 non
280 1857 490 1931 corrigendam,
509 1858 557 1910 sed
574 1857 746 1920 eiiciendam
764 1875 822 1911 esse
841 1857 1006 1911 existimare
1024 1866 1166 1926 poterant.
1204 1860 1353 1911 Praeterea

203 1929 311 1981 Davisii
338 1944 452 1997 quoque
477 1929 603 1980 rationes
625 1945 682 1981 non
700 1928 815 1984 habent
838 1928 915 1981 nihil
939 1929 1088 1981 momenti.
1130 1928 1284 1981 Librorum
1301 1943 1353 1981 no-

204 2008 329 2052 strorum
351 2000 441 2051 lectio
463 1998 535 2051 haec
560 2007 610 2050 est.
648 2000 777 2051 Humana
803 1999 908 2054 habent
934 1998 1007 2052 Gud.
1029 2003 1056 2072 ¹:
1073 2001 1098 2053 2.
1118 2000 1201 2052 Bern.
1228 2000 1304 2051 Mon.
1325 2000 1352 2052 2.

203 2070 288 2128 Vind.
310 2074 334 2123 l.
354 2084 427 2121 unus
446 2070 495 2121 Ox.
515 2069 586 2122 Edd.
607 2068 640 2120 A.
659 2069 691 2120 B.
711 2068 738 2122 S.
759 2071 792 2122 Ε.
814 2070 845 2123 C.
865 2073 902 2126 Μ.
921 2069 959 2121 Ι..
975 2079 1005 2122 et
1022 2078 1145 2134 nostrae,
1162 2075 1279 2138 praeter
1296 2085 1352 2133 eas,

206 2159 274 2210 quas
292 2140 362 2203 dixi,
389 2155 497 2191 omnes.
534 2140 568 2191 In
586 2138 709 2208 reliquis
727 2140 810 2193 libris
828 2149 870 2193 est
888 2139 1012 2192 hamane.
1049 2142 1102 2192 Pro
1121 2139 1193 2209 quod
1209 2156 1283 2193 unus
1301 2139 1352 2193 Ox.

206 2210 316 2281 quidem
333 2209 492 2284 CodAug.
512 2210 673 2275 ferendas,
693 2213 766 2262 Mon.
787 2212 813 2265 2.
833 2209 1003 2278 intelligat.
1041 2212 1100 2263 Mr.
1349 2224 1350 2228 ’

272 2288 424 2348 postremo,
443 2280 517 2348 quod
533 2280 568 2331 ui
575 2280 634 2332 det
651 2281 757 2335 malurn
773 2282 879 2335 nullum
904 2295 973 2346 esee,
1000 2280 1061 2333 nisi
1083 2280 1226 2349 culpame]
1263 2283 1355 2346 „Per-

226 2368 304 2404 eram
321 2351 411 2423 vulgo
428 2350 539 2424 legitur
556 2350 658 2405 iubet.“
694 2352 753 2406 Hac
772 2362 868 2405 autem
886 2353 1029 2405 sententia
1047 2369 1129 2422 saepe
1140 2360 1189 2406 *est
1207 2366 1283 2416 usus,
1310 2353 1355 2403 ni-

203 2369 250 2472 iil
272 2436 330 2472 esse
356 2420 465 2471 malum
487 2420 544 2474 nisi
570 2421 700 2491 culpam,
726 2440 813 2490 quam
838 2431 866 2476 et
890 2423 980 2475 solam
1008 2422 1206 2492 praestandam
1230 2422 1354 2491 sapienti

204 2490 285 2543 dicit.
321 2492 362 2543 Ut
386 2491 499 2560 Papirio
521 2491 647 2543 scribens
671 2491 717 2557 [ad
734 2493 843 2550 Famm.
863 2494 911 2546 IX.
934 2492 1006 2558 16.]:
1043 2491 1117 2546 nitu
1140 2509 1194 2545 esse
1220 2493 1355 2560 capientia

200 2562 418 2629 praestarentur
435 2563 552 2628 culpam.
588 2562 627 2613 Et
645 2561 686 2615 sic
712 2563 813 2615 scribit
831 2563 929 2632 Sextio
947 2563 999 2617 lib.
1019 2564 1053 2615 V.
1074 2562 1142 2628 [17.]
1169 2560 1292 2616 homines
1307 2580 1354 2616 ea·
1413 2625 1416 2630 q

199 2633 307 2700 pietate
324 2632 505 2698 turpitudine,
525 2648 579 2684 non
597 2648 661 2685 casu
689 2638 716 2685 et
734 2634 833 2688 delicto
851 2641 908 2698 suo,
936 2650 990 2686 non
1009 2634 1130 2690 aliorum
1150 2633 1258 2686 iniuria
1281 2644 1354 2687 com-

202 2703 321 2756 moueri.
353 2712 382 2754 et
409 2702 508 2770 paullo
533 2710 598 2754 ante
618 2701 696 2768 [ib.]:
740 2702 778 2757 Ut
801 2711 828 2756 et
851 2720 1018 2773 communem
1041 2705 1223 2772 incertumque
1250 2720 1353 2770 caeam,

153 2825 156 2829 .
203 2791 280 2842 auem
298 2789 381 2841 neque
398 2774 486 2825 uitare
505 2774 645 2842 quisquam
663 2780 794 2838 nostrum,
818 2791 901 2842 neque
915 2781 1060 2841 praestare
1083 2775 1139 2827 allo
1159 2779 1241 2842 paolo
1256 2782 1353 2841 potest,

202 2845 342 2911 sapienter
358 2844 447 2907 ferree
465 2852 518 2896 etc.
557 2844 677 2912 Culpam
696 2851 873 2897 autemeam
892 2844 1212 2918 intelligemus,.cuius
1237 2847 1354 2899 nomine

203 2914 308 2982 aliquis
334 2914 463 2973 accusari
484 2930 566 2984 posse
592 2914 736 2965 videatur:
769 2914 800 2966 id
824 2922 866 2966 est
884 2914 1034 2984 ἁμάρτημα
1048 2915 1137 2980 ἴδιον,
1170 2931 1219 2967 seu
1245 2916 1355 2971 malum

205 2984 286 3035 cuius
305 2982 358 3034 sibi
376 2983 481 3052 aliquis
508 2992 609 3037 auctor
633 2984 694 3053 ipse
718 2984 783 3035 fuit.
822 2986 921 3053 ltaque
947 2986 989 3037 sic
1007 2985 1176 3038 Plutarchus
1200 2985 1233 3036 in
1251 2986 1355 3040 Conso-

203 3053 311 3108 latione
330 3054 376 3122 [ad
393 3052 528 3124 Apollon.
550 3057 608 3109 114.
629 3053 694 3119 o.]:·
709 3055 740 3109 τὸ
764 3055 817 3125 γὰρ
841 3058 879 3122 μὴ
903 3055 943 3108 δι’
968 3055 1053 3110 αὑτὸν
1079 3062 1170 3115 κακῶς
1195 3057 1354 3144 apdtreeud

204 3124 256 3193 μὲν
274 3127 406 3195 Κράντωρ
426 3127 512 3196 φησίν
530 3123 563 3178 οὗ
580 3126 682 3195 μικρὸν
700 3115 929 3196 circumducatur
947 3127 1016 3196 πρὸς
1033 3127 1079 3188 τὰς
1093 3133 1187 3195 τύχας,
1216 3128 1271 3194 εγώ
1290 3125 1355 3180 aar

203 3199 310 3263 εἴποιμι
334 3199 486 3265 φάρμακον
509 3187 580 3249 εἶναι
604 3193 718 3268 ἀλυπίας
739 3196 901 3267 μέγιστον.“
921 3197 1108 3252 Camerarius.
1144 3197 1251 3262 „Quod
1268 3198 1354 3250 latini

202 3269 312 3336 culpam
334 3276 448 3331 vocant,
476 3266 506 3319 id
532 3284 583 3320 nos
600 3267 694 3325 hodie
717 3268 821 3320 malum
837 3258 945 3320 mhrale
972 3277 1001 3321 et
1019 3268 1076 3321 κατ’
1096 3265 1197 3337 ἐξοχὴν
1212 3275 1354 3336 peccatum

203 3338 333 3390 dicimus.
353 3338 449 3402 ‘Hinc'
465 3354 523 3390 non
541 3355 655 3408 possum
681 3338 814 3406 equidem
839 3355 951 3393 oausam
978 3339 1120 3407 expiscari
1147 3339 1278 3392 idoneam
1300 3356 1353 3392 cur
1408 3341 1410 3349 '

165 3449 167 3452 >
202 3409 298 3460 Bentl.
318 3410 446 3460 voluerit
464 3410 520 3462 niei
536 3409 615 3476 culp
623 3425 648 3461 a.
668 3408 748 3459 Fam.
768 3409 820 3461 IX.
838 3425 883 3478 ep.
904 3413 960 3463 17:¹
972 3407 1044 3462 nina
1060 3410 1260 3478 eeseeapt‘entie
1270 3425 1353 3477 prae·

100 3508 110 3516 -
203 3484 287 3544 aare,
314 3481 371 3533 neu
396 3480 513 3546 cunam.
544 3479 607 3531 vu.
634 3462 1059 3544 numerarentur.
1086 3479 1182 3545 [umus
1204 3481 1297 3550 igitur
1321 3496 1355 3533 ea

203 3557 300 3615 mente,
326 3555 358 3602 ut
387 3550 430 3602 nil
453 3551 485 3602 in
512 3549 570 3602 uita
594 3549 673 3602 nodis
691 3538 1041 3630 praestandumgpraeter
1066 3551 1353 3621 culpam..putemue=

203 3636 287 3692 eaque
313 3637 373 3673 cnm
398 3636 550 3685 careamus,
584 3621 678 3672 omnia
705 3617 824 3672 humana
870 3620 981 3690 locatae¹¹
992 3627 1018 3674 et
1043 3621 1184 3673 moderate
1210 3619 1353 3687 faraman]

202 3691 282 3744 Illud
300 3691 429 3744 delictum
447 3690 555 3742 dicitur
572 3689 622 3741 lib.
642 3690 675 3741 V.
689 3689 749 3758 Ep.
771 3694 818 3745 17:
860 3690 1178 3758 apientes‘uurpitudine,
1205 3708 1353 3757 naucum,
1398 3721 1401 3729 ι

203 3767 230 3814 et
249 3761 349 3815 delicto
366 3777 426 3826 suo,
444 3776 500 3813 non
517 3761 638 3814 aliorum
655 3761 764 3813 iniuria
786 3761 980 3814 commoveri.“
1005 3760 1140 3832 Wopkens
1156 3761 1178 3816 1.
1198 3778 1223 3813 c.
1242 3779 1272 3831 p.
1293 3763 1352 3820 112.
1378 3809 1381 3812 ,
1410 3803 1414 3808 .

276 3852 346 3919 quod
363 3851 436 3903 uidet
453 3849 557 3901 malam
575 3848 677 3901 nulium
694 3866 757 3915 esse,
776 3851 834 3903 nisi
851 3849 969 3917 culpam]
997 3851 1116 3919 Recepit
1132 3850 1201 3909 Dav,
1222 3850 1313 3903 inEd.
1328 3852 1353 3909 2.
1411 3860 1417 3868 '

202 3919 334 3973 Bentleio
353 3922 507 3990 obsequens
526 3920 583 3973 nisi
600 3917 712 3986 culpa.
736 3919 815 3986 Quod
832 3920 873 3971 ita
892 3921 1039 3992 amplexus
1058 3929 1099 3973 est
1116 3919 1206 3972 Bouh.
1227 3929 1261 3971 ut
1277 3921 1355 3973 vitu·

203 4001 318 4060 peraret
336 3992 493 4055 Davisium,
513 3990 589 4057 quod
605 3990 637 4040 in
654 3990 706 4041 Ed.
725 3993 751 4046 3.
769 3991 918 4064 uulgatam
935 3991 1065 4045 omnium
1082 3990 1225 4043 librorum
1252 3991 1355 4044 lectio·

204 4079 271 4114 nem
289 4061 460 4125 restituerit.
491 4058 593 4125 „Quid
611 4060 708 4114 enim?
727 4061 777 4126 ait,
795 4063 821 4113 E
842 4077 895 4112 one
914 4061 1028 4115 credam
1046 4062 1087 4113 ita
1104 4070 1205 4115 contra
1223 4062 1355 4132 proprie-

203 4141 293 4186 tatem
310 4131 448 4202 loquendi
466 4147 595 4200 peccasse
614 4130 804 4184 Ciceronem?
822 4079 913 4199 hulpa
931 4130 1005 4188 mali
1027 4148 1109 4185 causa
1133 4142 1185 4197 est,
1208 4149 1262 4184 nec
1285 4149 1354 4186 vero

203 4205 313 4271 malum
331 4205 341 4255 i
362 4201 456 4255 sum.“
493 4200 572 4267 Quod
597 4203 733 4256 refellere
760 4219 819 4254 non
843 4219 912 4272 opus
937 4210 987 4255 est.
1019 4202 1069 4254 ‘Ad
1087 4203 1259 4255 sententiam
1285 4203 1355 4256 adde

206 4221 400 4344 superiorihus
419 4273 479 4325 Cic.
499 4271 534 4324 ad
550 4273 659 4324 Famm.
678 4272 742 4324 vn.
762 4275 795 4327 3:
824 4272 880 4327 Sed
898 4280 989 4326 tamen
1005 4288 1105 4326 uacare
1124 4277 1206 4341 culpa
1223 4289 1355 4342 magnum

204 4345 408 4399 caerularium:
431 4345 596 4411 praesertim
621 4359 681 4397 cnm
706 4341 829 4408 habeam,
857 4344 952 4413 quidue
968 4360 1012 4395 me
1028 4350 1171 4396 sustentem
1189 4352 1243 4397 etc.
1269 4362 1355 4413 quem

208 4417 307 4480 locum
326 4431 392 4468 cum
410 4414 475 4469 aliis
491 4414 619 4474 laudavit
636 4413 847 4484 Wyttenbaoh.¹
866 4415 902 4468 ad
919 4412 1064 4469 Plutarch.
1084 4412 1196 4470 Consol.
1215 4416 1250 4471 ad
1268 4415 1355 4489 Apol-
