2842 5070
127 326 171 392 sa
285 300 289 308 '
330 319 564 386 CICERONIS
583 317 832 384 rusounsn.
853 319 1085 387 onrursr.

250 490 303 553 Ne
338 486 493 569 cdntogid
521 506 588 547 neo
609 483 702 547 bonis
722 485 871 546 umbrave
890 484 993 547 dbsit:

254 570 354 650 [Med]
379 581 472 632 tanta
494 568 546 631 ais
567 569 697 630 sceleris
719 566 753 626 in
775 587 909 646 corpore
928 567 1050 630 haeret.

118 653 185 716 ·'l'u
205 661 249 730 te,
272 653 434 732 Thyesta,
457 651 629 712 damnabis
651 651 851 730 orbabisque
871 652 943 712 luce
963 659 1106 732 propter
1124 652 1196 731 vim
1217 672 1287 716 sce-

127 726 208 798 leiis
237 733 361 796 alieni?
390 733 497 798 Ouid!
530 734 630 795 illum
658 734 766 793 filium
789 732 877 794 Solis
903 752 1014 794 nonne
1044 736 1151 814 patris
1181 736 1287 816 ipsius

127 819 200 881 luce
221 816 396 902 indignum
417 813 534 898 putas!

127 987 212 1040 rides
231 1005 267 1040 ex
285 985 427 1056 Giphanii
445 985 547 1038 Iudice
564 985 596 1037 in
614 985 786 1052 Lucretium
805 1001 825 1035 s.
844 1003 872 1037 v.
893 983 983 1036 illim.-
1001 983 1042 1053 [p.
1060 985 1115 1040 857
1133 985 1197 1053 qu.
1220 987 1285 1039 Non

129 1058 220 1110 semel
239 1058 368 1109 vidimus
386 1056 529 1109 eiusmodi
546 1056 686 1108 vocabula
702 1056 801 1125 prisca
819 1074 835 1106 a
853 1054 982 1107 librariis
1001 1072 1116 1124 semper
1135 1058 1199 1110 iere
1221 1075 1286 1110 mu-

127 1136 190 1180 tata
208 1145 271 1181 esse
289 1129 320 1179 in
338 1128 504 1179 usitatiora:
531 1127 608 1180 unde
631 1128 720 1180 etiarn
744 1126 832 1179 obelet
852 1136 881 1180 et
899 1127 1011 1179 adirier
1035 1134 1144 1179 mutata
1167 1129 1286 1179 suntin

128 1199 204 1250 absit
223 1207 252 1252 et
271 1198 383 1251 odiri.“
401 1196 490 1249 Boah.
510 1233 529 1262 „
538 1197 657 1249 Clarum
676 1206 721 1249 est
738 1197 866 1251 voluisse
883 1196 1041 1264 Thyestem
1058 1214 1107 1250 eos
1125 1217 1142 1250 a
1160 1215 1190 1252 se
1207 1215 1286 1251 amo-

127 1286 209 1333 vere,
228 1286 265 1321 ne
283 1270 420 1321 damnum
439 1277 592 1338 caperent:
612 1285 702 1338 quare
719 1277 820 1336 putem
840 1268 1023 1321 scribendum
1044 1285 1118 1321 esse:
1138 1301 1171 1312 -
1191 1271 1233 1321 od
1242 1286 1286 1322 sne

129 1339 224 1392 adire.
244 1340 325 1392 illico
343 1339 439 1398 istinc,
458 1356 497 1393 sc.
517 1339 625 1392 abite.“
643 1341 713 1390 Era.
752 1340 836 1402 „Hos
853 1356 967 1402 versus,
985 1340 1153 1393 coniectura
1170 1339 1284 1407 ductus,

129 1411 189 1466 nisi
207 1417 297 1473 certa,
315 1409 459 1478 probabili
476 1417 583 1475 tamen,
602 1410 644 1462 sic
662 1409 863 1462 rescribendos
882 1410 1048 1463 existinem:

127 1488 136 1499 '
294 1479 403 1544 Nolite,
422 1497 438 1532 o
456 1478 588 1548 hospites,
608 1480 705 1544 odire,
724 1480 763 1531 ite
781 1480 869 1545 illiso,

292 1550 335 1603 Ne
353 1551 484 1616 contagio
500 1567 563 1603 mea
581 1552 660 1604 bonis
677 1552 808 1603 umbrare
825 1551 921 1616 obaiet,

294 1623 365 1674 cvm
383 1629 461 1674 tanto
479 1623 524 1673 oia
541 1623 658 1675 sceleris
675 1621 707 1672 ia
726 1637 844 1689 corpore
861 1621 1008 1675 haereul.“
1024 1621 1135 1675 Nissen.

74 1721 77 1727 ·
115 1723 149 1759 ,„
157 1695 248 1746 Vetus
273 1693 446 1746 vocabulum
470 1693 549 1745 istim
574 1695 639 1746 iure
661 1693 790 1744 Muretus
816 1695 898 1744 Varr.
928 1693 1019 1747 lectt.
1042 1697 1087 1757 1²,
1112 1698 1155 1748 ll.
1182 1702 1284 1750 nostm

128 1763 195 1816 loco
212 1765 382 1816 restitutum
400 1763 503 1815 voluit.
541 1764 634 1829 Quare
652 1763 780 1832 recepi,“
799 1765 941 1828 FAWolf.
966 1764 998 1815 in
1023 1762 1140 1817 scholis.
1177 1765 1284 1835 Recepi

130 1834 202 1886 item
222 1851 288 1886 cum
306 1831 391 1885 Schz.
421 1835 484 1900 (qui
502 1851 572 1887 vere
594 1835 740 1887 divinasse
762 1835 804 1885 ait
820 1835 1020 1899 Bouhierium,
1049 1834 1120 1887 huic
1138 1833 1284 1906 Thyestae

130 1905 259 1958 orationi
277 1905 454 1974 respondere
472 1904 594 1958 chorum
613 1905 712 1958 verbis
731 1904 803 1965 illis,
827 1922 899 1974 quae
917 1905 1082 1958 afferuntur
1108 1906 1144 1960 de
1161 1906 1208 1958 Or.
1229 1907 1282 1960 ΙΙΙ.

70 1987 76 1997 ’
127 1979 188 2043 41.)
206 1976 296 2028 Nobb.
317 1975 364 2028 Or.
384 1974 457 2027 Tbn.
479 1994 541 2029 eam
567 1975 734 2041 lectionem,
758 1993 854 2044 quam,
885 1977 963 2044 quod
980 1977 1013 2027 ad
1036 1985 1172 2042 metrum,
1194 1979 1285 2030 resti-

40 2059 43 2066 '
128 2047 187 2098 tuit
217 2047 374 2108 Bentleius,
400 2046 497 2098 addito
517 2046 571 2099 illo
597 2046 733 2100 vocabulo
759 2048 856 2115 prisco
879 2046 971 2112 istim,
998 2045 1162 2119 Wolfiique
1180 2047 1284 2100 distin-

129 2118 242 2171 ctiones
274 2117 391 2169 uncinis
417 2124 513 2169 autem
542 2125 654 2187 septum
678 2116 776 2169 addidi
807 2117 1043 2185 supplementum
1067 2135 1168 2172 versus
1200 2119 1285 2173 tertii

128 2187 341 2240 Bentleianum.
378 2187 534 2240 Librorum
559 2195 655 2239 autern
678 2187 767 2240 lectio
790 2186 862 2240 haec
886 2196 947 2241 est:
975 2207 1048 2240 unus
1067 2188 1118 2245 01.
1138 2187 1224 2245 habet
1241 2191 1285 2242 ire

127 2274 183 2327 pro
203 2260 296 2322 adire,
315 2257 401 2310 Marb.
429 2259 532 2310 venire.
558 2258 631 2309 Edd.
648 2259 679 2308 P.
698 2256 732 2309 A.
751 2256 783 2308 Β.
804 2257 832 2310 S.
854 2257 885 2311 C.
905 2260 942 2309 Μ.
968 2260 1000 2310 L.
1027 2269 1057 2313 et
1077 2268 1200 2330 nostrae,
1217 2267 1284 2313 ante

128 2327 220 2383 Gebh.
247 2345 347 2381 omnes
370 2326 478 2381 hebent
503 2328 585 2380 odire
608 2330 646 2381 nd
671 2345 724 2380 me.
761 2328 815 2381 Pro
842 2329 929 2393 istim,
961 2330 1038 2399 quod
1060 2332 1171 2400 recepit
1196 2332 1284 2384 etiam

127 2397 250 2451 Bothius
268 2400 361 2450 Poett.
382 2398 485 2452 Scenn.
504 2417 533 2469 p.
553 2401 598 2464 66,
616 2402 680 2453 iere
699 2415 797 2453 omnes
815 2398 923 2452 habent
940 2400 1009 2453 istic
1045 2401 1104 2452 nisi
1129 2402 1205 2468 quod
1223 2411 1284 2454 tres

129 2470 200 2523 011.
220 2469 328 2522 habent
346 2468 414 2533 islo,
435 2470 492 2522 duo
511 2487 577 2523 cum
597 2470 671 2524 Gud.
691 2473 717 2526 2.
737 2471 833 2537 istinc,
853 2473 929 2524 Mon.
949 2474 975 2526 2.
995 2438 1063 2524 ilico
1080 2472 1152 2532 isti
1172 2472 1285 2525 resti-

128 2547 260 2593 terunt.
299 2539 333 2590 ln
352 2541 435 2592 Bern.
457 2542 572 2610 quidem
593 2544 735 2611 scriptum
756 2551 800 2594 est
818 2542 893 2605 istie,
916 2542 1015 2593 sedin
1033 2560 1143 2597 rasura.
1180 2543 1236 2600 Ed.
1255 2542 1284 2599 Ρ.

92 2628 95 2633 ’
127 2609 207 2664 adire
227 2612 265 2663 od
281 2611 421 2673 melico,
441 2627 509 2664 mox
527 2612 606 2663 nobis
623 2629 678 2682 pro
697 2613 784 2665 bonis.
822 2613 882 2665 Mr.

197 2683 240 2734 Ne
258 2681 387 2746 contagio
405 2697 466 2733 mea
485 2683 563 2734 bonis
582 2683 632 2748 -]
670 2685 777 2746 „bonis
794 2683 813 2735 i.
834 2701 857 2736 e.
877 2683 960 2747 viris,
984 2683 1083 2754 quales
1110 2700 1162 2738 vos
1186 2684 1285 2738 estis.“

127 2753 197 2807 Em.
217 2754 319 2827 Pergit
337 2755 411 2804 Mon.
432 2753 459 2804 2.
479 2754 587 2817 umbro,
606 2753 713 2806 omisso
732 2770 777 2805 ve:
797 2772 871 2806 unus
888 2755 986 2806 umbra
1005 2771 1059 2814 ne.
1085 2753 1161 2807 alius
1185 2756 1284 2808 ambro

126 2839 186 2876 me.
206 2825 267 2875 Mr.
306 2823 428 2885 „Tanto
445 2822 490 2874 eis
508 2823 623 2875 sceleris
649 2823 816 2892 incorpore
833 2822 946 2877 haeret.-
970 2822 1149 2877 'l'rochaicus
1176 2827 1287 2896 impem

79 2922 87 2938 ·
126 2897 237 2947 fectus:
257 2893 360 2961 pedem
381 2895 459 2945 enim
479 2895 632 2958 desiderat,
651 2912 736 2964 quem
755 2897 908 2948 restituere
927 2892 991 2947 sine
1009 2896 1095 2948 libris
1109 2895 1185 2952 MSS.
1204 2899 1285 2951 nefas

128 2971 179 3018 est.
224 2965 315 3015 Tanto
334 2964 378 3013 vis
396 2964 510 3016 sceleris
528 2979 599 3016 meo
625 2965 790 3032 incorpore
814 2963 910 3018 haeret
934 2965 1091 3040 legendum
1114 2967 1285 3036 quandoque

129 3051 194 3088 sum
212 3035 355 3102 opinatus,
380 3050 464 3101 quam
484 3035 650 3104 opinionem
669 3036 796 3091 nondum
822 3034 897 3088 mihi
921 3037 1004 3088 venit
1026 3038 1057 3089 in
1085 3045 1212 3091 mentem
1232 3054 1286 3089 cur

129 3105 293 3158 abiicerem.
331 3103 432 3171 Itaque
450 3123 512 3156 eam
529 3106 652 3177 protuli,
672 3105 728 3161 hoc
746 3114 843 3165 tamen
862 3106 969 3169 animo,
998 3115 1032 3161 ut
1051 3108 1076 3159 si
1101 3109 1165 3178 quis
1184 3117 1285 3175 contra

128 3175 249 3239 dixerit,
268 3191 398 3251 pugnare
416 3174 518 3226 nolim.
553 3172 659 3231 Versus
678 3178 709 3229 in
728 3178 814 3247 pedes
833 3178 874 3229 ita
891 3176 1064 3235 dividendus
1083 3187 1172 3232 esset:
1194 3179 1284 3231 Tanta

92 3239 97 3252 ’
131 3272 164 3286 -
183 3247 227 3298 eis
244 3246 316 3297 scele
335 3271 368 3281 -
387 3243 430 3297 ris
447 3261 490 3307 me
509 3251 541 3286 ’-
562 3262 579 3296 o
595 3248 624 3296 ia
644 3247 805 3316 -eorpor’
823 3279 856 3290 -
876 3245 1004 3299 baeret.‘⁴
1021 3248 1052 3300 Ρ.
1073 3249 1229 3314 Munatiut.

199 3318 263 3369 Meo
288 3323 368 3368 tonia
385 3314 441 3380 uis]
479 3317 603 3367 Metram
622 3318 702 3380 fecit,
729 3326 763 3369 ut
780 3319 855 3370 hanc
877 3334 979 3372 vocem
1002 3319 1045 3372 cl.
1065 3319 1213 3374 Bentleius
1235 3320 1297 3386 ad·-

128 3386 255 3439 diderit:
280 3385 334 3437 hos
360 3386 438 3446 enim
466 3402 568 3438 versus
597 3385 769 3442 Bacchiacos
792 3405 854 3442 esse
880 3389 993 3457 primus
1019 3391 1135 3445 monuit
1155 3392 1206 3444 vir
1230 3390 1285 3445 ille'

126 3474 265 3510 summus.
300 3456 337 3508 D.

200 3532 363 3579 ...lenta
380 3524 425 3578 vis
449 3525 564 3579 sceleris
587 3526 617 3580 in
641 3542 759 3596 corpore
785 3526 898 3592 boaret]
936 3529 1022 3583 Godd.
1045 3530 1128 3584 Bern.
1160 3529 1235 3582 Gud.
1256 3533 1306 3586 2.-

126 3616 202 3651 unus
231 3597 282 3651 Ox.
312 3598 519 3650 sceleribus
545 3614 671 3666 corpore.
709 3599 764 3651 Per
786 3599 808 3649 't
834 3598 939 3656 deinde
966 3600 1039 3657 Gud.
1065 3606 1096 3652 tu
1119 3602 1239 3654 omisso.
1249 3609 1285 3667 le,

125 3686 202 3722 unus
222 3667 272 3724 Ox.
293 3675 385 3733 luto,
405 3669 493 3723 Marb.
513 3675 543 3720 la
562 3667 738 3734 ecbieclo,
764 3614 841 3723 gud.
861 3673 887 3726 l.
907 3670 949 3723 lui
966 3672 1049 3725 ellone
1065 3672 1284 3740 condempnatis,

125 3758 201 3792 unus
221 3741 270 3791 Ox.
290 3738 376 3792 hahet
395 3740 603 3791 damnaberis
621 3738 873 3809 orbaberisqae.
912 3739 988 3796 Sunt
1014 3741 1085 3794 haec
1111 3742 1199 3796 verba
1217 3758 1285 3812 apo-

97 3826 100 3831 *
127 3808 249 3878 strophe
268 3807 364 3862 Tullii
382 3809 418 3863 ad
427 3809 587 3878 Thyesten,
607 3827 692 3879 quem
710 3817 837 3876 accusat,
857 3809 933 3883 quod
951 3812 984 3863 in
1003 3819 1082 3865 tanta
1100 3813 1285 3889 aegritudine

126 3880 166 3934 sit
184 3880 218 3933 ob
237 3883 401 3934 fraternum
421 3879 524 3934 scelus.
562 3881 622 3947 Mr.

199 3951 295 4006 Quid?
321 3952 408 4009 ,Illum
433 3951 526 4016 filiam
549 3949 643 4016 Solis]
681 3949 825 4017 „Aeetam
847 3951 1116 4025 significat‚‘qucm
1142 3970 1285 4007 unacum

126 4020 214 4074 Perse
232 4022 419 4096 progenitum
439 4037 476 4073 ex
495 4019 561 4074 Sole
581 4021 691 4076 ferunt.
729 4021 784 4087 Qui
809 4039 899 4090 quum
924 4023 1013 4079 filiam
1040 4025 1167 4077 Medeam
1193 4025 1285 4078 resci-

126 4093 219 4144 visset
238 4111 295 4145 una
315 4109 380 4144 cum
400 4092 499 4144 Iasone
519 4090 593 4142 clam
612 4092 781 4153 abscessisse
800 4101 946 4165 asportato
964 4111 1050 4147 aureo
1068 4095 1189 4158 vellere,
1218 4111 1287 4147 cum

124 4159 185 4227 his,
206 4164 257 4230 qui
276 4164 308 4214 in
325 4170 465 4231 promptu
484 4169 577 4226 erant,
597 4162 750 4229 militibus,
775 4164 922 4224 insecutus
941 4164 1075 4221 abeuntes
1101 4165 1234 4218 condixit
1253 4167 1286 4218 in
1327 4203 1329 4207 ψ

125 4231 224 4296 litore,
243 4231 294 4284 ubi
313 4250 328 4284 a
347 4232 493 4305 Meleagro
512 4232 624 4284 occisus
643 4234 859 4292 est.sbledeam
879 4243 976 4290 autem
999 4236 1162 4311 fugientem
1187 4252 1286 4288 secum

125 4302 277 4356 abduxisse
305 4301 425 4354 tradunt
457 4305 581 4355 fratrem
609 4302 783 4373 Absyrtum:
821 4322 894 4373 quae
926 4313 960 4357 ut
991 4314 1157 4359 moraretur
1188 4305 1286 4373 aliqua

124 4373 227 4426 fraude
251 4379 364 4441 patrem
395 4373 604 4441 insequentem,
638 4375 761 4427 fratrem
778 4369 946 4439 interemit,
978 4385 1064 4446 atque
1090 4377 1131 4429 ita
1159 4375 1285 4440 divellit,

124 4442 301 4512 divulsaque
319 4441 450 4496 membra
467 4460 523 4514 per
540 4459 631 4518 agros
646 4445 776 4517 dissipat.
806 4445 901 4521 jAeeta
920 4446 1047 4520 cognitis
1065 4446 1124 4501 filii
1136 4447 1283 4512 membris,
