2842 5070
128 721 396 800 ciceronis
421 723 834 802 rnscumnmnn
858 725 1281 805 olsrurarronnn

345 842 482 918 nrum
507 845 678 958 rnnTn
704 845 1072 921 annuum-‘ron

584 1003 829 1014 mm.-

212 1150 384 1257 „Raet‘atio
403 1185 490 1238 huius
507 1185 578 1238 libri
602 1185 634 1238 in
656 1185 786 1239 laudibus
813 1185 1013 1257 philosophiae
1028 1198 1183 1256 versatum
1206 1207 1283 1260 'quae

125 1273 193 1311 cum
209 1258 354 1314 medicina
372 1256 461 1309 animi
480 1257 529 1323 sit,
548 1272 637 1326 eaque
655 1257 687 1308 in
704 1264 847 1326 potestate
864 1266 970 1325 nostra,
990 1262 1132 1330 queritur,
1158 1261 1283 1313 multum

126 1338 155 1383 et
171 1329 291 1385 honoris
308 1327 410 1384 haberi
428 1336 457 1381 et
475 1327 615 1396 temporis
633 1326 724 1379 tribui
743 1327 902 1381 medicinae
922 1330 1060 1400 corporis,
1084 1331 1167 1383 illam
1186 1341 1284 1385 autem

125 1404 273 1455 contemni
292 1407 321 1454 et
339 1398 462 1474 negligi,
482 1415 506 1450 c.
528 1402 552 1452 1.
572 1400 598 1454 2.
618 1400 645 1454 3.
684 1398 747 1466 Ipse
766 1406 862 1451 autem
879 1397 956 1452 liber
982 1400 1020 1452 in‘
1033 1418 1065 1454 eo
1082 1411 1223 1468 versatur,
1248 1411 1282 1455 ut
1360 1417 1362 1420 ’

125 1473 335 1540 aegritudinem
370 1485 433 1537 non
460 1469 563 1522 eadm
597 1466 629 1541 in
663 1466 815 1536 sapientem
851 1468 1072 1540 demonstretur.
1119 1474 1283 1526 praemittit

125 1559 150 1595 c.
172 1548 264 1600 1-5.
285 1548 455 1627 argumenta
472 1540 585 1592 leviora
603 1547 632 1591 et
649 1556 665 1590 a
681 1538 777 1592 verbis
796 1539 967 1593 Latinorum
985 1541 1078 1608 dueta,
1098 1546 1149 1613 qui
1167 1561 1283 1597 omnem

126 1613 217 1665 animi
235 1613 420 1672 affectionem
438 1610 558 1663 rationis
576 1609 687 1661 lumine
706 1618 861 1675 carentem,
882 1612 1030 1678 insaniam,
1050 1616 1214 1680 amentiam,
1234 1615 1283 1668 de·

125 1683 266 1737 mentiam
284 1682 442 1806 appellent,
461 1681 586 1749 adeoque
605 1697 621 1732 a
638 1681 767 1749 sapiente
785 1691 959 1734 removeant.
993 1682 1161 1752 Sequuntur
1179 1685 1282 1739 deinde

126 1761 297 1830 argumenta
336 1752 481 1805 toicorum
500 1757 631 1810 contorta
651 1767 675 1801 c.
696 1753 803 1806 6-10.
841 1750 946 1816 Quibus
974 1756 1111 1823 expositis
1134 1771 1183 1808 suo
1202 1773 1283 1811 more

126 1832 157 1879 et
175 1823 307 1878 diffusius
325 1823 473 1891 aliquanto
492 1821 547 1872 ista
565 1828 594 1872 et
611 1820 700 1872 latius
718 1819 799 1873 dicit.
838 1821 969 1875 Ostendit
987 1840 1056 1898 ergo
1082 1843 1106 1877 c.
1129 1831 1170 1882 ll.
1191 1828 1283 1881 omnis

125 1895 316 1972 aegritudinis
336 1910 394 1946 non
412 1892 504 1957 modo,
523 1908 627 1943 rerum
646 1891 808 1944 ceterarum
837 1892 925 1945 etiam
943 1893 1192 1963 perturbationum
1218 1915 1284 1950 cau.
1319 1950 1320 1956 ¹

124 1985 183 2020 sam
206 1984 265 2020 esse
283 1965 316 2018 ab
336 1963 471 2035 opinione
490 1961 686 2032 repetendam,
706 1970 735 2015 et
754 1979 785 2015 ae
824 1960 945 2016 itudiais
964 1963 1081 2035 quidem
1097 1965 1130 2017 ab
1148 1966 1287 2037 opinione

124 2056 169 2091 ma
212 2039 222 2088 i
245 2036 327 2102 mali,
355 2034 435 2089 euius
459 2034 533 2086 hanc
559 2033 760 2085 definitionem
797 2033 870 2086 acit:
904 2051 963 2087 esse
992 2035 1157 2105 opinionem
1184 2040 1283 2114 magni

123 2109 192 2162 ma'
211 2105 379 2178 praesentib,
408 2113 437 2158 et
455 2105 572 2175 quidem
598 2112 746 2157 recentem
765 2119 782 2155 o
803 2104 814 2155 i
836 2103 932 2157 ionem
951 2105 1018 2157 talis
1037 2102 1120 2172 mali,
1147 2109 1231 2160 utin
1250 2126 1283 2162 eo

123 2189 238 2234 rectum
263 2177 397 2241 rideatur
423 2193 481 2229 esse
508 2175 583 2250 angi.
620 2173 666 2226 Ex
694 2173 747 2226 hac
771 2121 834 2227 did]

123 2251 289 2322 disputatio,
308 2265 430 2320 quarum
448 2247 543 2317 prima
561 2245 644 2297 docet
662 2245 874 2320 aegritudinem
900 2264 958 2300 esse
978 2265 1013 2300 ex
1039 2248 1175 2320 opinione
1202 2250 1283 2318 mali,

123 2338 149 2374 c.
170 2325 212 2377 13.
232 2321 337 2389 inqua
357 2317 520 2387 Epicurum
541 2315 664 2382 refellit,
686 2317 737 2386 qui
756 2316 847 2385 ipsam
865 2318 1031 2387 opinionem
1050 2337 1108 2372 esse
1126 2338 1158 2373 ae
1180 2321 1284 2374 ritudi-

123 2409 192 2444 nem
221 2389 389 2453 contendit,
415 2395 444 2442 et
463 2386 651 2458 Cyrenaicos,
689 2387 741 2456 qui
766 2387 881 2438 nonnisi
907 2390 1088 2458 inopinatum
1115 2340 1223 2444 madum
1249 2393 1284 2446 ad

123 2460 335 2539 aegritudinem
353 2460 451 2512 valere
469 2464 583 2529 putant,
603 2456 688 2526 quod,
709 2474 882 2527 quamquam
901 2459 1043 2530 insperata
1062 2461 1120 2512 sint
1160 2464 1282 2531 rariora,

124 2540 154 2587 et
176 2532 237 2617 ipsa
259 2530 478 2603 praemeditatio
509 2545 540 2580 ae
562 2528 723 2581 ritudinem
749 2528 862 2579 minuat
896 2547 920 2581 e.
942 2533 982 2586 13.
1010 2531 1084 2583 med.
1114 2537 1155 2587 1.
1178 2537 1219 2588 15.
1249 2543 1283 2587 ut

123 2613 229 2658 merito
252 2601 502 2672 reprehendantur
550 2599 680 2670 picurei,
715 2597 765 2668 qui
793 2597 878 2650 istam
905 2600 1118 2671 reprehendant
1144 2607 1231 2660 0.,16.
1253 2614 1284 2658 et

125 2675 312 2751 cogitationes
329 2673 426 2744 potius
445 2671 481 2723 ad
497 2670 567 2722 volu
587 2677 659 2722 tates
678 2668 829 2721 traducant
848 2672 977 2740 eorporis
1004 2681 1053 2724 aut
1071 2674 1143 2743 quae
1161 2684 1284 2746 propter

123 2763 227 2818 corpus
245 2745 294 2798 vel
312 2743 510 2797 recordatione
529 2687 586 2792 ved³
596 2757 645 2810 spe
664 2739 831 2814 cogitentur
849 2757 874 2795 c.
896 2745 1020 2797 17-21.
1049 2751 1146 2797 tamen
1171 2746 1202 2797 in
1227 2745 1284 2801 isto

123 2833 181 2870 non
205 2817 263 2869 sint
280 2816 385 2881 omnia,
410 2831 475 2865 cum
499 2819 529 2864 et
546 2827 604 2864 non
631 2810 813 2881 opinatorem
839 2820 941 2864 natura
965 2815 1142 2868 considerata
1171 2817 1283 2870 intelli·

123 2897 219 2964 gatur,
250 2895 404 2958 propterea
429 2891 543 2936 tantum
568 2899 672 2956 magna
696 2881 801 2945 videri,
828 2882 912 2949 quod,
939 2894 1045 2952 quanta
1063 2885 1129 2952 sint,
1155 2889 1282 2941 conside·

124 2958 209 3011 randi
227 2957 351 3028 spatium
370 2972 428 3007 non
446 2954 540 3017 detur,
569 2961 597 3003 et
616 2951 696 3018 quasi
716 2952 801 3022 culpa
819 2961 999 3005 contractum
1019 2971 1104 3010 omne
1129 2975 1187 3011 non
1214 2976 1282 3029 pro·

122 3029 220 3081 visum
238 3027 344 3078 malum
363 3024 504 3077 videatur.
524 3039 548 3074 o.
567 3024 610 3076 Ὦ.
648 3021 747 3074 Altera
765 3039 829 3092 pars
848 3022 975 3076 dolorem
993 3025 1193 3081 voluntarium
1212 3047 1280 3098 esse,

123 3117 182 3153 non
201 3101 233 3150 in
251 3105 354 3148 natura
371 3111 469 3148 rerum
489 3092 550 3161 ipsa
568 3092 664 3155 situm,
685 3109 720 3144 ex
739 3109 772 3144 eo
791 3092 975 3160 demonstrat,
1035 3098 1079 3161 od,
1106 3117 1170 3151 cum
1188 3101 1282 3159 aecem

123 3173 161 3224 sit
180 3171 215 3224 ad
233 3163 398 3240 opinionem
417 3163 517 3239 magni
536 3162 606 3214 mali
624 3163 714 3214 altera
733 3162 785 3214 illa
803 3163 910 3231 opinio,
930 3166 995 3217 ado
1021 3168 1109 3219 icium
1121 3172 1280 3238 pertinere,
1303 3206 1304 3210 =
1336 3193 1338 3198 ·

123 3261 155 3296 ae
194 3260 209 3295 e
226 3242 315 3304 ferre,
335 3237 410 3309 quod
429 3234 577 3300 acciderit,
597 3232 785 3286 vehementer
802 3242 941 3309 augeatur
958 3237 1147 3310 aegritudinis
1160 3240 1281 3311 portur.

123 3317 156 3367 ba
170 3315 207 3366 io.
228 3329 252 3364 c.
272 3313 309 3367 26
327 3329 369 3380 sq.
407 3307 507 3361 Tertia
526 3305 649 3373 denique
675 3304 730 3356 hoe
749 3312 919 3378 argumento
944 3324 960 3358 a
984 3315 1087 3360 natura
1111 3328 1210 3364 rerum
1235 3332 1281 3368 ae.

123 3383 305 3461 gritudinem
323 3387 463 3443 removet,
491 3376 568 3448 quod
586 3376 737 3451 aegritudo
755 3376 819 3427 iere
838 3375 896 3427 non
914 3377 952 3430 sit
969 3378 1027 3429 nisi
1046 3397 1060 3432 e
1079 3384 1190 3435 recenti
1208 3386 1279 3438 mali

123 3456 269 3541 opinione,
300 3468 428 3522 quaeque
452 3449 554 3509 habeat
579 3447 721 3530 quandam
743 3445 936 3512 viriditatem,
965 3449 1040 3502 unde
1065 3453 1129 3519 fiat,
1161 3464 1194 3508 ut
1218 3457 1279 3528 ipse

123 3527 184 3581 dics
207 3526 256 3580 vel
281 3524 422 3581 maximae
449 3517 627 3596 aegritudini
654 3518 810 3570 medeatur.
839 3536 863 3570 e.
883 3521 928 3574 31.
970 3520 1093 3590 Reliqua
1123 3525 1278 3597 disputatio
1339 3578 1342 3587 ,

124 3615 148 3650 c.
169 3598 211 3653 32.
230 3599 275 3654 33.
295 3603 427 3648 versatur
443 3593 477 3644 in
495 3588 631 3644 remediis
650 3586 841 3663 aegritudinis
859 3583 1036 3643 tradendis.“
1072 3594 1141 3654 Ern.
1204 3641 1205 3645 ,
1270 3662 1273 3674 ἱ

82 4472 84 4479 ’
152 4475 231 4518 cicaro
248 4474 311 4517 Tisse.
327 4472 394 4527 Disp.
410 4469 444 4512 ed.
462 4469 546 4514 Moser.
576 4463 602 4505 T.
621 4462 654 4506 11.

829 2174 940 2229 uitione
965 2175 996 2228 in
1021 2184 1081 2230 tres
1104 2187 1200 2261 partes
1223 2179 1283 2233 abit
1380 2175 1383 2188 ’
