2842 5070
453 328 456 333 v
493 293 626 359 LIBER
646 290 706 368 111,
740 292 789 358 19.
1154 294 1215 362 145

62 459 291 542 bedyuhrum
303 457 514 522 intendamus
526 461 696 524 scutellam
706 457 891 520 dulciculae
902 458 1069 540 potionis3
1091 458 1216 540 aliquid

61 545 234 608 videamus
257 551 291 605 et
312 544 390 607 cibi.
432 542 527 604 Haec
547 541 681 603 tandem
704 541 791 603 bone
810 548 900 618 sunt,
923 540 1042 622 quibus
1067 545 1215 626 aegritu-

62 626 156 690 dines
178 627 395 713 gravissimee
416 623 654 690 detrahuntur!¹
673 632 710 685 tu
731 624 819 684 enim
840 622 940 705 paulo
963 630 1040 686 ente
1053 641 1095 684 ne
1116 625 1215 685 intel·
1320 636 1322 641 ’

62 824 161 862 omnes
186 808 315 876 itemque
338 805 428 861 Gebh.
454 806 523 859 Dav.
547 807 619 867 Ern.
639 805 729 859 Nobb.
749 805 821 859 Tbn.
860 806 926 860 Sola
943 805 997 859 Ed.
1017 804 1050 857 A.
1070 805 1156 858 habet
1173 823 1216 860 ee-

63 879 172 938 dm'cum
189 879 357 932 incedamus.
382 877 449 932 Sola
466 880 547 932 Junt.
567 878 708 931 scutetum.
746 879 819 931 Mu

133 966 248 1037 aliquid
269 965 416 1021 videamus
437 974 466 1020 et
491 966 565 1033 cibi]
608 966 682 1031 „Sic
708 965 780 1019 oiim
801 966 918 1019 restitui
951 982 988 1017 ex
1009 964 1097 1017 Pnisc.
1125 967 1158 1017 L.
1177 967 1215 1018 11.

64 1037 136 1103 [imo
154 1040 207 1093 111.
226 1055 252 1090 c·
271 1039 296 1092 5.
316 1036 338 1102 §.
359 1041 401 1093 30.
420 1055 447 1107 p.
467 1037 581 1091 Putsch.
602 1040 662 1093 612.
682 1036 783 1105 Krehl.
802 1037 837 1089 T.
857 1037 879 1090 1.
898 1055 927 1106 p.
947 1035 1032 1101 1272]
1061 1051 1148 1104 quam
1170 1055 1217 1089 re-

64 1109 245 1161 stitutionem
261 1116 357 1177 postea
375 1107 466 1160 nostri
484 1125 581 1168 omnes
598 1117 712 1160 veteres
730 1107 816 1160 cndu.
843 1105 1096 1177 comprobarunt.“
1119 1105 1214 1160 hmo.

63 1180 138 1244 „lta
162 1178 349 1248 Gryphianus
374 1179 458 1244 liber,
495 1187 528 1230 ut
552 1179 584 1231 in
607 1179 673 1230 aliis
695 1179 758 1231 fere
780 1178 920 1242 omnibus,
945 1177 986 1228 ita
1011 1177 1041 1228 in
1067 1176 1124 1229 hoc
1149 1196 1236 1240 cum,
1334 1175 1336 1183 ’

62 1249 195 1323 Victorii
203 1247 341 1302 Editione
365 1248 557 1324 congruens.“
579 1249 662 1302 Brut.
700 1249 867 1302 Rectissime
895 1249 937 1300 sic
958 1248 1033 1299 Vict.
1063 1256 1093 1300 et
1116 1249 1213 1301 hamb.

63 1319 134 1372 item
161 1320 232 1373 Pail.
268 1328 363 1390 quart
386 1321 496 1390 quint.
531 1320 614 1376 Febr.
650 1318 724 1374 Pith.
759 1314 850 1372 Vatic.
897 1317 975 1371 Alias
1009 1318 1215 1385 provideamus.

63 1389 172 1461 inepte.
216 1390 264 1455 Sic
291 1391 410 1446 Terent.
442 1390 596 1443 Heautont.
639 1388 744 1443 Leuius
765 1390 860 1442 uinum
886 1388 981 1443 videre
1010 1387 1081 1454 [111.
1108 1393 1131 1444 1.
1152 1392 1214 1458 oo]

21 1534 24 1541 Ι
62 1457 205 1531 Exempla
227 1459 312 1544 plura
326 1471 492 1545 ‘coacervat'
516 1461 652 1513 Gifanius'
673 1461 704 1512 in
729 1461 803 1513 Obss.
823 1462 856 1516 L.
875 1462 907 1512 L.
935 1476 1006 1531 quae
1031 1461 1216 1514 videantur.“

63 1530 150 1656 tec
166 1531 440 1655 tumme.-
458 1533 546 1656 en
566 1534 762 1676 em·
787 1532 851 1595 e·
1070 1529 1126 1596 ⁸³³
1163 1533 1216 1585 e

132 1689 296 1744 Dulciculee
312 1689 451 1758 potionis:
471 1690 584 1761 aliquid
600 1690 758 1757 videamus]
793 1689 880 1742 Multi
905 1689 985 1744 Mssti
1005 1691 1216 1758 provideamus,

61 1761 140 1829 ‘quod
157 1761 190 1813 ab
209 1761 245 1812 iis
264 1763 399 1826 manavit,
419 1763 470 1830 qui
488 1761 606 1814 alterius
624 1761 707 1813 verbi
724 1768 894 1831 potestatem
911 1777 969 1813 uon
995 1762 1138 1833 ceperint.
1175 1763 1217 1816 De

62 1847 98 1883 ea
113 1832 180 1884 vide
197 1832 272 1887 Petr.
292 1831 457 1884 Victorium
474 1833 505 1883 in
523 1831 572 1883 lib.
591 1832 665 1884 xlv.
691 1830 725 1882 ad
749 1828 838 1882 Attio.
865 1831 891 1882 E
913 1831 956 1881 ist.
977 1834 1020 1888 21.
1056 1833 1216 1886 Priscianus

48 1901 112 1959 ,lib
136 1903 188 1956 111.
218 1902 274 1954 col.
293 1903 354 1957 ott.
391 1901 490 1956 Cicero
514 1903 544 1954 in
566 1901 622 1954 111.
653 1901 732 1958 Tute.
768 1848 937 1954 Dulcicuiie
955 1902 1080 1970 potionis
1107 1892 1238 1972 aliquid*

61 1972 225 2096 uideamtff
249 1981 282 2025 ut
299 1971 377 2026 hunc
395 1973 492 2027 locum
518 1973 606 2027 aliter
623 1971 843 2045 interpunctum
865 1970 974 2054 legerit
998 1971 1050 2026 ille
1069 1972 1217 2027 Gramma·
1268 2021 1274 2025 .

60 2051 144 2098 ῐιοιιε.
212 2082 218 2096 .

133 2133 289 2204 videamur]
325 2133 417 2186 Habet
445 2134 562 2205 quidem
585 2133 639 2187 Ed.
666 2149 728 2185 mea
752 2139 810 2186 vet.
832 2130 1037 2200 provideamue.
1078 2127 1134 2184 Sed
1152 2148 1218 2186 cum

63 2202 184 2271 plurimi
204 2206 274 2259 libri
293 2204 445 2259 exhibeant
463 2205 615 2270 videamus,
629 2212 674 2262 ,et
691 2203 853 2256 Priscianus
877 2201 918 2255 ite
942 2202 1060 2278 legerit,
1083 2201 1140 2255 hoc
1153 2221 1219 2257 >ser-

63 2275 197 2327 vandum.
234 2276 276 2329 De
294 2276 352 2328 hoc
368 2294 422 2329 usu
439 2276 520 2329 verbi
538 2273 656 2329 videndi
674 2275 711 2326 cf.
732 2275 873 2344 interprr.
897 2272 932 2326 ad
951 2273 1030 2327 ovid.
1055 2273 1091 2326 de
1109 2279 1173 2326 Art.
1194 2276 1216 2327 1.

63 2345 146 2400 587.“
169 2344 260 2399 Beue.
304 2347 416 2413 Habent
432 2345 627 2416 provideantur
652 2344 724 2398 Edd.
753 2352 819 2397 ante
847 2342 950 2410 Gebh„
979 2345 1106 2414 exceptis
1122 2346 1162 2405 ¹P.
1183 2347 1217 2402 V.
1266 2400 1271 2405 ⁴

62 2415 131 2468 Rob.
151 2414 252 2485 Steph.
271 2416 369 2468 Lmub.
388 2417 434 2469 Ex
452 2417 538 2471 Oodd.
563 2415 680 2469 nonnisi
698 2417 774 2468 Mon.
794 2415 822 2467 2.
847 2414 932 2466 Vind.
954 2418 978 2470 l.
1002 2415 1134 2468 coniecit
1157 2416 1219 2470 obs-

62 2484 182 2551 hausen‚
212 2485 240 2539 ei
261 2502 315 2557 pro
338 2492 381 2539 et:
413 2489 490 2556 quod
513 2487 610 2557 placet
633 2485 732 2537 Ottoni
756 2485 788 2535 in
810 2484 881 2536 Exc.
906 2484 942 2536 ad
960 2485 1020 2537 Cic.
1043 2485 1080 2537 de
1097 2486 1217 2541 Finibus

61 2573 91 2626 P·
112 2559 174 2613 383.
194 2558 244 2627 qui
262 2556 395 2611 universe
413 2557 448 2610 de
465 2576 520 2610 usu
536 2558 616 2610 vocis
634 2561 662 2608 et
679 2571 734 2627 pro
753 2553 841 2615 etiam
858 2555 933 2624 apud
945 2555 1114 2608 Ciceronem
1133 2573 1218 2609 accu-

34 2665 48 2681 ῃ
62 2636 124 2680 rete
153 2628 289 2698 disputat.
314 2628 351 2680 ib.
375 2647 404 2698 p.
424 2631 478 2684 379
492 2656 524 2666 ·-
537 2631 598 2684 387.
634 2627 677 2679 De
701 2641 743 2690 eo,
768 2625 819 2695 qui
844 2624 896 2678 hic
920 2625 1041 2690 obtinet,
1065 2645 1119 2678 usu
1136 2628 1219 2680 verbi

62 2697 180 2752 videndi
206 2700 273 2753 BilL
300 2699 399 2752 laudat
420 2698 494 2770 Epp.
518 2699 553 2752 ad
579 2699 689 2751 Famm.
717 2698 781 2749 Vll.
801 2698 848 2753 2⁰:
876 2712 938 2757 mea
965 2695 1079 2765 negotia
1098 2697 1216 2752 uidebis.

62 2771 144 2823 Unus
163 2771 213 2824 Ox.
232 2786 286 2841 pro
304 2769 359 2824 cibi
376 2770 462 2823 hebet
478 2769 535 2829 eoi.
559 2772 625 2822 Mox
648 2768 722 2821 Gud.
735 2768 768 2821 ἃ.
793 2764 1022 2823 detrahebantur
1049 2768 1115 2822 Cod.
1143 2769 1217 2821 Gud.

61 2839 149 2894 habet
172 2845 338 2899 tuentem
360 2857 414 2911 pro
438 2846 468 2895 tu
491 2839 591 2894 enim.
618 2839 702 2898 vind.
722 2839 748 2892 Ἰ.
772 2853 821 2892 nee
845 2855 897 2908 pro
924 2854 967 2899 ne,
1005 2837 1067 2891 Hoc
1092 2856 1126 2893 ne
1144 2858 1218 2892 unns

63 2912 114 2965 01.
133 2912 251 2964 omittit.
276 2913 311 2962 In
329 2924 418 2986 marg.
438 2912 553 2964 Lnnbb.
575 2920 604 2964 et
623 2909 711 2964 Goth.
732 2918 775 2962 est
792 2909 972 2964 coniectura:
1006 2925 1039 2964 ne
1057 2909 1218 2979 intelligere
1277 2916 1281 2921 '

62 2982 174 3049 quidem
192 2987 219 3034 te
237 2981 306 3033 elio.
343 2981 404 3034 Mr.
1061 3017 1064 3021 -

134 3085 170 3121 ne
187 3067 350 3137 intelligere
368 3075 396 3121 te
413 3067 526 3139 quidem
542 3067 603 3122 clia
620 3069 681 3122 ulla
700 3067 823 3135 dicebas]
859 3070 1000 3134 „Rectius
1026 3071 1067 3124 ita
1094 3089 1129 3125 ex
1147 3073 1215 3124 Feb.

63 3148 94 3192 et
112 3140 203 3190 Vatic.
224 3155 310 3208 quem
327 3146 360 3191 ut
379 3155 446 3192 cum
471 3139 585 3191 fastidio
604 3138 727 3190 iteretur
744 3139 824 3191 bono.
850 3139 919 3191 alias
947 3151 989 3192 est
1016 3143 1047 3193 in
1071 3142 1141 3193 Pell.
1160 3159 1216 3196 sec.

62 3218 132 3262 tert.
162 3217 256 3278 quart.
282 3212 380 3275 multa,
407 3217 441 3261 ut
469 3217 498 3262 et
522 3208 553 3260 in
575 3208 672 3264 Pith.“
701 3206 784 3261 Geth.
822 3208 1012 3262 Gebhardum-
1035 3212 1127 3263 se'cuti
1150 3220 1217 3263 sunt

19 3335 27 3345 ,
63 3298 162 3334 omnes
177 3279 378 3349 insequentes:
407 3287 473 3332 ante
491 3296 558 3331 eum
575 3278 711 3332 edebatur
728 3277 792 3330 olio
809 3278 916 3342 bone3
935 3281 1012 3348 quud
1030 3290 1072 3333 est
1089 3281 1121 3331 in
1149 3299 1218 3350 qua-

63 3352 210 3405 tuor-Oxx.
221 3347 379 3427 Aug.Mon.
393 3353 455 3416 1.e;
475 3351 507 3401 in
524 3350 607 3402 vind.
626 3352 650 3403 1.
671 3357 714 3402 est
732 3349 790 3402 alio
807 3349 867 3402 ulla
884 3351 972 3413 ὸοηας
990 3351 1021 3402 in
1039 3351 1126 3404 Godd.
1145 3353 1215 3426 Reg.

64 3423 147 3474 Vind.
158 3425 184 3478 2.
196 3423 269 3477 Gud.
281 3428 305 3480 1.
317 3425 344 3479 2.
361 3422 435 3476 Gud.
445 3421 534 3476 Rehd.
544 3420 631 3472 Marb.
646 3428 675 3472 ct
693 3419 785 3472 tribus
798 3418 868 3471 Oxx.
889 3430 930 3474 est
949 3420 1009 3474 olio
1026 3423 1123 3475 multa.
1150 3423 1217 3475 Per-

64 3501 138 3566 gunt
150 3493 223 3567 Aug.
236 3503 265 3546 et
274 3495 360 3546 Marb.
369 3493 519 3546 Reooeare.
540 3490 616 3542 Tum
627 3493 701 3546 Mon.
712 3493 739 3546 2.
753 3507 822 3558 ergo
835 3507 889 3561 pro
900 3490 1004 3559 igitur.
1023 3494 1077 3546 Pro
1089 3500 1217 3562 emoriere

64 3573 109 3618 est
133 3571 240 3633 oportet
266 3567 298 3617 in
326 3583 375 3618 sex
393 3565 462 3617 Oxx.
483 3563 556 3636 Aug.
576 3561 689 3627 Duisb.;
718 3561 774 3616 duo
793 3563 863 3615 Oxx.
882 3568 992 3630 oportet
1008 3579 1070 3616 eum
1093 3580 1111 3615 o
1129 3580 1213 3616 maer.

65 3635 139 3688 Gud.
160 3632 235 3689 Mon.
246 3637 279 3690 2..
292 3653 364 3687 unus
376 3636 426 3689 Ox.
439 3634 492 3686 Ed.
506 3634 576 3691 Ven.
593 3641 682 3686 nostr.
695 3639 803 3701 oportet
821 3649 882 3684 eum
899 3649 1064 3686 moerorem.
1084 3634 1168 3686 Vini.
1190 3639 1215 3689 1.

63 3713 189 3775 oportere
206 3721 266 3758 eum
285 3721 302 3758 a
320 3721 456 3758 maerore.
480 3706 551 3788 Reg.
578 3701 655 3757 Gudss
673 3707 697 3758 1.
717 3704 744 3756 2.
776 3709 883 3771 oportet
907 3717 940 3755 eo
964 3720 1099 3758 neeerore.
1114 3705 1215 3759 -Rehe

63 3783 173 3843 oportet
191 3791 252 3829 cam
269 3792 403 3832 memore.
428 3777 482 3828 Est
500 3784 587 3829 etiam
605 3779 714 3844 oportet
733 3774 765 3826 in
783 3773 867 3826 Cocli
886 3775 966 3826 Leid.
984 3784 1017 3828 et
1034 3777 1066 3827 in
1082 3776 1135 3828 Ed.
1155 3784 1214 3829 vet.

62 3846 153 3898 Bouh.
174 3847 305 3913 oportere
324 3863 384 3898 eum
401 3863 554 3907 maerorem
572 3855 614 3898 est
633 3846 664 3896 in
681 3845 754 3897 Edi.
768 3847 797 3896 P.
811 3844 845 3896 A.
865 3845 896 3896 B.
916 3845 944 3898 S.
964 3847 999 3899 E.
1013 3846 1049 3900 ὓ.
1069 3845 1171 3902 Asel.
1188 3850 1214 3902 2.

63 3919 164 3981 Junt.;
181 3915 241 3973 sole
256 3916 311 3968 Ed.
330 3918 463 3972 HWoltii
481 3922 608 3984 oportere
626 3933 642 3970 e
659 3932 796 3970 maerores
807 3968 810 3974 ,
823 3916 870 3967 Ex
885 3915 940 3968 bac
957 3918 1098 3970 varietate
1123 3918 1214 3970 Bouh.

64 3988 252 4049 coniecturae,
272 4003 332 4038 esse
349 3986 446 4038 locum
468 3987 657 4045 existimavite
687 3987 828 4040 Revereri
850 3984 942 4054 igitur
964 4005 1025 4041 eom
1051 4003 1070 4039 α
1087 4005 1216 4043 maerore

64 4060 104 4113 ad
122 4058 321 4127 cogitationem
338 4057 481 4120 bonorum,
499 4058 655 4111 conueniret
673 4056 745 4118 miti
763 4073 824 4109 cum
833 4056 964 4124 Epicuro.
982 4059 1107 4112 Debebat
1125 4068 1214 4125 certe,
1319 4100 1321 4103 ψ

61 4131 90 4182 si
109 4129 251 4182 hariolari
279 4126 380 4192 vellet,
409 4127 565 4180 coniicere:
596 4129 780 4182 revocandum
803 4127 893 4197 igitur
926 4145 985 4182 ecce
1008 4132 1131 4183 animum
1156 4139 1214 4183 etc.

65 4199 211 4254 scribitur
236 4200 268 4251 in
285 4199 338 4251 Ed.
359 4198 389 4251 Ο.
416 4198 454 4250 od
480 4197 620 4264 cogniti
627 4215 727 4252 onem.
770 4200 835 4251 Post
860 4198 990 4252 bonorum
1008 4201 1094 4270 plene
1113 4201 1203 4254 distin

64 4272 166 4347 guitur
183 4270 214 4321 in
231 4270 303 4325 Edd.
324 4269 409 4322 Grut.
430 4268 519 4320 Gron.
538 4267 623 4320 Verb.
643 4269 713 4322 Ern.
734 4269 825 4322 Nobb.
845 4267 917 4321 Tbn.
946 4273 990 4322 Ma
1012 4272 1035 4322 is
1057 4273 1154 4342 placet
1172 4271 1215 4323 di·
1260 4310 1269 4326 .

32 4395 41 4402 ,
65 4342 182 4394 etinctio
200 4342 297 4394 minor
313 4340 362 4394 vel
379 4339 465 4409 plane
489 4338 580 4403 nulia,
603 4345 636 4388 ut
655 4338 747 4390 estin
774 4338 905 4408 reliquis.
944 4342 1001 4394 Ver
1020 4360 1036 4393 a
1061 4339 1132 4395 miti
1154 4356 1216 4392 cum

64 4413 116 4480 Ep.
135 4429 225 4482 usque
244 4412 279 4464 ad
296 4411 384 4465 finem
403 4408 504 4480 capitis
524 4407 694 4462 exciderunt
711 4407 743 4461 in
761 4409 846 4464 Oodd.
867 4409 956 4464 Rebi.
982 4411 1055 4464 Gud.
1076 4414 1102 4466 2.
1138 4412 1215 4465 Ulti-
1275 4439 1277 4447 ν

95 4542 174 4586 cicero
188 4542 253 4587 Tute.
269 4543 336 4599 Dim.
350 4543 386 4586 ea.
404 4540 489 4586 Moser.
505 4539 529 4583 T.
543 4539 579 4585 Π.
926 4518 966 4578 10
