2842 5070
198 299 265 368 aas
403 297 630 398 oronnoms
651 296 898 365 rusounnn.
921 297 1151 362 msrurnr.

141 465 180 530 16
283 461 371 528 ontd
391 472 503 528 antem
524 471 664 528 estnon
685 465 843 528 miserius
864 467 983 543 solnm,
1010 464 1067 527 sed
1091 463 1220 527 foedius
1254 466 1357 529 etiam

202 552 236 608 et
271 545 465 624 deformius,
497 569 594 632 quam
621 548 832 635 aegritudine
860 551 934 630 quis
960 549 1120 624 afflictus,
1154 547 1384 637 debititatus„

200 627 328 690 iacensi
379 628 443 692 Cui
472 634 628 694 miseriae
654 633 828 714 proximus
860 641 911 693 est
931 633 970 708 is,
1000 633 1057 714 qui
1085 633 1358 713 appropinquans
1398 634 1402 639 “

201 711 337 797 aliquod
357 715 479 776 matum
500 716 631 794 metuit,
654 716 927 796 exanimatusque
948 713 1072 796 pendet
1093 715 1206 776 animi.
1251 714 1357 778 Quam

200 899 286 955 habet
304 904 418 957 sanatio
433 901 538 972 posita.
566 902 641 957 Gud.
660 905 686 960 2.
710 906 885 958 sanationem
910 903 1011 955 omisso
1039 906 1092 956 est.
1128 901 1248 978 Duisbg.
1263 902 1357 957 babet

200 975 322 1039 sanatio,
342 976 413 1027 item
430 975 540 1028 abiecto
558 981 609 1028 est.
647 976 728 1028 Μτ..
1133 989 1134 992 ’

272 1078 296 1114 c.
318 1065 360 1119 16.
400 1062 585 1137 Quid‘autem
602 1069 645 1115 eet
663 1061 713 1129 -]
751 1062 879 1117 Goniicit
904 1061 1022 1115 Beierus
1046 1061 1082 1115 ad
1106 1061 1166 1115 Cic.
1186 1060 1221 1116 de
1241 1063 1296 1117 off.
1317 1065 1354 1120 11.

200 1132 244 1190 15.
263 1134 307 1189 dl·
330 1151 359 1203 p.
381 1136 442 1188 194.
466 1133 553 1188 verba
576 1133 647 1186 haee
666 1134 876 1204 transponenda
900 1151 973 1187 esse:
1000 1133 1075 1190 Quid
1101 1139 1143 1186 eal
1170 1141 1269 1199 autem,
1298 1152 1356 1204 quo

166 1248 168 1257 .
199 1202 301 1256 ordine
319 1205 402 1279 gravi
421 1211 488 1258 cnm
505 1205 712 1258 asseveratione
721 1198 914 1285 collocentur.
942 1203 997 1257 Sed
1015 1205 1112 1257 nullus
1128 1206 1247 1258 assentit
1264 1206 1354 1260 liber:

130 1372 140 1381 .
200 1277 732 1421 rnnastenensium
750 1281 795 1402 rt.
916 1275 950 1398 t·
965 1277 1356 1418 {tentanum

199 1415 235 1470 ad
262 1415 322 1470 cic.
351 1417 411 1469 Cat.
439 1417 504 1483 Mai.
528 1417 648 1471 Excurs.
677 1418 700 1471 Ι.
725 1435 754 1488 p.
774 1418 935 1474 222-224.
956 1444 989 1454 -
1031 1419 1131 1493 Pergit
1154 1420 1229 1471 Mon.
1252 1423 1275 1474 1.
1303 1437 1358 1474 non

190 1488 290 1541 neotum
307 1486 457 1554 miserium
480 1496 545 1541 tum
562 1488 658 1541 Duisb.
684 1504 780 1561 oerum
798 1488 885 1546 etiam
902 1487 1019 1553 foedius.
1040 1489 1129 1541 Marb.
1155 1488 1241 1543 habet
1265 1491 1359 1555 fedius

198 1573 257 1612 esse
281 1559 399 1625 deform.
441 1561 608 1612 Proximum
633 1560 819 1628 etvomittunt
836 1558 921 1612 codd.
943 1561 1017 1613 Mon.
1039 1564 1064 1616 l.
1084 1568 1113 1612 at
1131 1559 1205 1613 Gud.
1225 1562 1251 1617 2.
1279 1561 1356 1614 Tum

197 1645 272 1683 unus
291 1630 340 1684 Ox.
361 1647 441 1700 quam
460 1629 695 1698 aegritudinem.
732 1631 872 1700 Exempla
911 1630 978 1683 ositi
996 1629 1068 1700 quis,
1093 1631 1174 1700 quasi
1193 1629 1356 1699 ἐγκλιτικῶς,

197 1716 252 1823 pro
271 1698 387 1770 aliquia,
406 1718 463 1754 non
481 1701 715 1772 praecedentibus
732 1702 849 1755 vocibus
868 1648 926 1766 adt,
946 1717 989 1765 ne,
1009 1701 1044 1765 ei,
1063 1701 1123 1754 nisi
1139 1728 1182 1767 v,
1201 1703 1260 1754 vid.
1281 1704 1358 1774 apud

224 1771 355 1823 ursellin.
383 1771 418 1825 de
443 1772 593 1825 Particull.
625 1791 653 1843 p.
681 1774 742 1827 898.
773 1773 816 1828 ed.
843 1772 989 1826 Schwarz.
1013 1773 1119 1824 Handii
1143 1773 1304 1826 Tursellin.
1331 1777 1355 1830 1.

196 1859 229 1913 p.
247 1843 397 1899 259-264.
417 1840 484 1896 cod.
504 1846 579 1896 Mon.
594 1849 617 1898 1.
638 1842 761 1909 deformi
768 1844 860 1898 diue.
880 1844 950 1895 Ern.
970 1843 1143 1896 coniiciebat
1162 1860 1244 1914 qnam
1257 1844 1358 1913 aegri-

168 1960 171 1965 .
198 1913 343 1967 tudinibus
361 1912 407 1966 bie
426 1915 557 1981 afflictus,
578 1915 646 1984 quia
663 1924 729 1967 ante
748 1923 814 1967 sunt
839 1913 1043 1982 aegritudines.
1081 1916 1141 1968 Mr.
1339 1940 1346 1945 -

270 2003 409 2069 afflictus,
429 2003 598 2070 debilitatur,
618 2001 752 2069 incensi]
789 2004 854 2068 „Ita
873 2003 986 2074 Gryph.
1006 2004 1081 2058 Cod.
1094 2005 1165 2075 qnae
1183 2005 1257 2057 mihi
1275 2005 1357 2058 vide-

198 2080 250 2125 tur
275 2073 364 2127 lectio
392 2076 563 2128 concinnior
584 2073 701 2198 vulffiati
728 2073 990 2144 debilitatusque.“
1014 2076 1129 2128 Brutus.
1170 2076 1284 2142 „iussus
1310 2077 1354 2126 sic

198 2143 302 2217 scripsi
326 2148 497 2200 auctoritate
520 2153 578 2199 vet.
606 2163 639 2198 co
662 2185 668 2197 .
696 2146 887 2211 Lambiniani‚
916 2145 986 2198 Pall.
1014 2164 1071 2203 see.
1088 2155 1151 2201 tert.
1172 2138 1350 2212 quart.''Vat.

100 2221 102 2225 ‘
196 2216 292 2293 ynlgo
320 2217 534 2286 debilitatusque
558 2214 684 2269 iacens.“
713 2215 795 2270 Geblt.
842 2216 936 2269 Daris.
965 2218 996 2268 in
1023 2217 1074 2269 Ed.
1094 2219 1119 2272 2.
1146 2215 1229 2268 haec:
1258 2217 1353 2281 „Bak.

197 2295 296 2340 noster
315 2288 541 2358 debilitatoque
566 2287 681 2341 iacens?
706 2287 808 2340 Baliol.
834 2305 904 2341 vero
930 2287 1087 2357 debilitatus
1110 2293 1213 2356 atque
1236 2286 1356 2340 iacens?

198 2356 276 2431 Lege
296 2357 526 2428 debilitatusque
544 2358 662 2412 tacens?
692 2367 721 2410 et
744 2359 785 2410 ita
810 2358 878 2410 dant
901 2367 1013 2412 veteres
1043 2359 1124 2413 editi.
1148 2357 1195 2411 Sic
1222 2365 1282 2429 cap.
1305 2362 1355 2413 17:

200 2442 347 2499 oppressus
365 2429 468 2495 iaceas,
498 2437 527 2481 et
549 2430 599 2482 lib.
620 2431 657 2484 tt.
678 2447 703 2482 c.
723 2432 771 2485 22ε
802 2430 906 2495 afflicti
929 2437 955 2484 et
974 2432 1135 2491 exanimati.
1152 2431 1252 2483 lacent.
1291 2431 1357 2482 Nec

198 2498 285 2551 aliter
305 2499 369 2551 aliis
388 2501 419 2552 in
438 2500 542 2553 loeis.“
577 2502 682 2555 Contra
705 2500 779 2552 hanc
803 2502 1017 2553 annotationem
1042 2500 1171 2554 defendit
1189 2500 1356 2570 Wopkens.

198 2571 291 2633 Lectt.
311 2570 391 2622 Tull.
411 2589 438 2640 p.
459 2574 502 2626 83.
532 2571 575 2623 ed.
594 2572 684 2624 H'and.
704 2571 851 2624 Gebhardi
870 2573 1067 2642 scriptionem,
1102 2569 1186 2641 quam
1204 2571 1281 2641 post‘
1290 2589 1358 2624 eum

97 2642 104 2657 ⁸
198 2640 304 2695 habent
323 2658 430 2706 omnes,
457 2652 523 2695 ante
542 2660 608 2694 eum
627 2659 720 2696 nemo.
758 2644 793 2695 In
811 2660 867 2695 uno
888 2643 937 2695 Ox.
959 2652 1000 2695 est
1019 2642 1193 2707 debilitate,
1220 2643 1251 2694 in
1271 2643 1358 2711 qnin-

200 2731 255 2782 que
276 2714 345 2767 Oxx.
366 2712 449 2764 Vind.
472 2717 496 2767 1.
518 2714 580 2784 [qui
597 2713 684 2766 babet
703 2712 829 2780 affectus]
848 2717 873 2768 2.
894 2714 967 2766 Gud.
992 2715 1054 2783 [qui
1072 2713 1158 2767 habet
1176 2713 1259 2779 iacet]
1279 2717 1355 2766 Mon.

199 2789 223 2838 l.
244 2787 270 2838 2.
298 2783 527 2851 debilitatusque;
558 2785 589 2836 in
613 2784 711 2840 Dnisb.
739 2792 770 2837 et
792 2783 963 2838 debilitatus.
1008 2786 1121 2852 Habent
1144 2793 1242 2838 nostra
1269 2785 1371 2847 verba!

199 2870 355 2923 eorumque
374 2856 526 2908 collocatio
544 2856 656 2926 aliquid
674 2856 751 2926 parti
769 2874 868 2908 versus
888 2855 995 2908 senarii
1022 2855 1136 2908 iambici
1156 2856 1262 2908 simile.
1300 2858 1357 2908 Vo-

198 2942 263 2978 cem
281 2927 394 2994 aliquod
412 2926 505 2978 deesse
526 2928 557 2979 in
567 2927 633 2980 eod.
647 2927 704 2988 MS.
725 2928 819 2980 neseio
839 2944 895 2996 quo
914 2935 1012 2980 monet
1025 2928 1109 2979 Verb.
1129 2927 1160 2978 in
1178 2945 1270 3002 marg.
1290 2927 1354 2980 Mr.

269 3017 501 3085 exanimatusque
526 3016 628 3084 pendet
656 3016 758 3083 enimi]
785 3015 1008 3083 „liranimatua
1038 3016 1139 3085 pendet
1169 3017 1265 3069 animi.
1312 3017 1356 3067 Ita

196 3085 308 3138 Nonius
334 3104 394 3157 cap.
415 3090 440 3142 5.
469 3087 500 3138 in
520 3086 673 3140 Genitivus
701 3089 809 3160 positus
835 3103 888 3159 pro
912 3086 1069 3142 ablativo.“
1095 3084 1174 3143 Goth.
1202 3087 1234 3138 in
1261 3105 1355 3161 marg.

198 3157 266 3211 eod.
288 3158 360 3214 Gud.
380 3157 512 3214 2habet
530 3161 683 3224 exanimat,
711 3159 821 3213 omissis
847 3158 943 3210 verbis
964 3158 1065 3228 pendet
1092 3156 1189 3212 animi.
1214 3157 1306 3211 Rehd.
1328 3165 1357 3210 et

197 3228 271 3304 Aug.
289 3228 563 3297 paenitentialem
582 3233 656 3285 Mon.
679 3237 702 3285 l.
719 3230 820 3299 pendet
839 3229 962 3283 animo.
1000 3230 1039 3283 Su
1061 3247 1093 3280 ra
1112 3232 1227 3298 q'uoque
1247 3237 1290 3282 est
1309 3229 1356 3281 ab·

196 3300 302 3428 lgtivuls
325 3302 488 3425 iddilttmild.
514 3301 670 3372 pendemus
693 3301 833 3381 animia:
863 3300 897 3352 ad
927 3318 1014 3370 quem
1040 3248 1140 3352 focum
1165 3300 1225 3352 vid.
1256 3308 1354 3352 annot.

196 3391 205 3428 1
227 3392 237 3422 1
260 3411 267 3430 ,
298 3390 333 3422 au
374 3411 380 3423 ·
453 3389 478 3424 Γ.
793 3416 797 3420 .

113 3491 121 3498 .
240 3390 358 3498 unam
375 3443 522 3497 olm'mola‘
538 3441 729 3511 significanter
744 3441 857 3512 politae]
886 3442 1004 3517 „Iunge
1022 3437 1079 3493 vim
1096 3439 1182 3493 mali.-
1215 3457 1252 3494 ne
1277 3442 1356 3495 forte

72 3539 76 3545 ν
170 3512 307 3586 -eogites
326 3514 360 3567 de
378 3514 461 3566 malis
479 3515 604 3584 poetis.“
622 3514 756 3586 Beroald.
794 3514 885 3566 Habet
905 3513 971 3567 Cod.
992 3514 1066 3566 Mon.
1089 3516 1112 3566 1.
1145 3513 1233 3568 Quam
1259 3512 1357 3581 signi-

194 3585 312 3708 ficantes
330 3584 386 3638 olm
403 3586 474 3638 mali
488 3591 596 3654 poitae.
624 3586 695 3638 Edd.
727 3593 822 3637 autem
849 3591 920 3636 vett.
947 3592 1012 3636 ante
1040 3582 1130 3637 Gebh.
1161 3583 1303 3653 (exceptis
1321 3587 1355 3636 V.

221 3657 266 3712 ob.
287 3656 335 3710 Ste
357 3657 386 3709 h.
406 3658 504 3724 Herse.
524 3657 623 3722 Laod.)
644 3671 724 3726 quam
742 3655 798 3708 olm
816 3653 1009 3723 significanter
1028 3656 1099 3708 mali
1115 3661 1223 3722 poetae.
1245 3653 1358 3716 Scribi-

195 3736 247 3785 tun
268 3745 323 3797 pen
345 3745 391 3782 ere
412 3745 466 3800 pro
492 3729 652 3796 impendere
675 3728 707 3778 in
732 3728 797 3780 Cod.
817 3727 901 3779 Vind.
923 3732 948 3781 1.
985 3725 1043 3793 „bb
1064 3721 1179 3778 Tullius
1203 3725 1235 3777 in
1257 3727 1357 3796 primo

197 3799 232 3852 de
250 3800 344 3851 Finib.
371 3801 407 3867 [c.
430 3797 484 3864 18.]
509 3799 625 3851 Accedit
652 3798 738 3851 etiam
760 3815 843 3862 mors,
876 3813 954 3866 quae,
987 3800 1066 3864 quasi
1092 3813 1190 3849 sarum
1222 3797 1357 3864 Tantalo,

37 3891 43 3900 ‘
148 3920 155 3931 ,
196 3884 306 3937 temper
324 3871 473 3941 impendet.
511 3872 596 3922 Nunc
615 3870 650 3923 ad
668 3862 797 3922 dotoiem
815 3877 844 3922 et
861 3879 972 3923 metum
990 3870 1131 3922 decenter
1149 3870 1356 3934 accommodat.

121 3950 125 3956 '
196 3974 230 3986 —
249 3943 329 3996 Plato
349 3944 381 3995 in
398 3942 518 4011 cratylo
537 3942 690 3995 Tantalum
708 3943 917 4011 interpretatur
940 3942 1020 4011 quasi
1042 3938 1220 4006 ταλάντατον,
1247 3941 1360 3994 miser-

146 4061 152 4070 ,
197 4013 305 4067 rimum
324 4013 625 4082 inimicissimumqne.
652 4014 804 4067 Lucretius
823 4022 852 4066 et
880 4010 931 4065 alii
957 4013 1123 4066 existimant
1142 4012 1359 4082 superstitiosos

70 4140 75 4151 .
198 4086 358 4160 significari
376 4103 429 4156 per
448 4100 505 4150 eos,
524 4085 627 4154 quibus
646 4103 779 4138 casurum
797 4085 932 4138 imminet
946 4083 1075 4136 saxurn.“
1093 4084 1229 4137 Beroald.
1251 4083 1360 4149 [Locus

89 4199 91 4202 ⁴
149 4206 151 4210 ,
196 4157 322 4216 Platonis
341 4166 384 4209 est
402 4156 512 4226 Cratyl.
531 4175 559 4226 p·
579 4161 640 4213 395.
661 4175 684 4210 e·
705 4157 805 4226 steph.
826 4158 859 4209 T.
879 4157 932 4208 111.
961 4175 990 4226 p.
1010 4159 1072 4212 255-
1096 4156 1177 4225 Bip.;
1210 4155 1244 4206 T.
1270 4157 1309 4207 Il.
1330 4157 1357 4210 2.

92 4253 108 4259 “
194 4247 222 4300 p.
245 4231 288 4283 29.
308 4227 412 4293 Belin]
431 4226 493 4292 „De
512 4228 633 4283 Tantalo
652 4229 710 4281 vid.
731 4231 819 4283 etiam
837 4227 1003 4281 Hieroclem
1021 4229 1051 4279 in
1061 4227 1131 4280 Aur.
1152 4227 1244 4280 Carm.
1266 4245 1296 4296 p.
1311 4230 1357 4282 88.

19 4299 23 4306 ’
194 4301 345 4354 ntuncker.
374 4307 404 4352 et
428 4299 576 4370 verheyk.
604 4299 803 4354 athntonin.
830 4299 955 4352 Liberal.
987 4319 1015 4373 p.
1045 4303 1104 4355 159.
1135 4299 1180 4351 ed.¹
1209 4298 1359 4351 Teucbcrl

183 4370 235 4443 .[p·
254 4373 318 4428 244.
339 4371 381 4425 ed.
398 4369 564 4442 ,Verheyk.]
583 4373 683 4426 Tzetz.
707 4370 832 4424 chiliad.
852 4373 885 4422 V.
904 4373 965 4426 480.
987 4371 1050 4442 sq.“
1073 4368 1187 4425 Scluat.
1225 4369 1358 4437 ‚‚Aliam,

196 4436 284 4515 quain
301 4443 333 4509 ii,
353 4460 424 4518 quos
442 4443 639 4512 laudaliter„
661 4445 793 4515 sequitur
811 4443 938 4498 fabulam
961 4445 1104 4500 Homerus
1123 4443 1224 4514 odyss
1242 4445 1267 4498 l.
1289 4445 1357 4501 582:
