2842 5070
75 502 99 608 l

446 309 452 319 “
542 294 827 386 musanen.
969 406 972 410 A
1071 390 1073 395 ,
1209 296 1274 383 tas

116 482 239 562 moti,
261 481 292 545 si
317 501 354 545 se
381 479 493 545 officio
523 479 619 566 iungi
638 486 736 562 putet
760 479 850 541 insto
881 481 991 559 atque
1011 474 1134 543 debito.
1187 461 1274 542 Sunt

123 568 238 645 eoam,
266 567 323 648 qni
350 563 433 628 heco
460 565 570 626 omnia
596 581 720 650 genera
753 560 948 624 consolandi
974 560 1159 645 colligante
1189 563 1274 624 alias

125 650 215 711 onina
243 648 310 710 alio
335 645 436 710 modo
467 652 647 708 moveturs
697 652 749 705 utv
768 645 841 706 fero
882 662 943 705 nos
973 643 1010 704 in
1038 643 1274 707 Consolatione

124 834 197 912 aeg.
224 830 629 898 maismacensis.
655 833 679 884 t.
703 831 729 886 a
756 827 847 882 nens.
877 825 1073 885 cussum.
1093 826 1151 882 sn.
1180 786 1275 898 ..aa

124 907 206 971 ναις
237 902 385 958 maerentis
409 919 448 956 ns
471 917 509 956 se
530 903 560 955 in
585 900 644 955 Pal.
669 896 763 972 quint.
791 899 876 953 Vind·
895 903 933 966 Ἃ,
960 895 1112 952 maerentis
1140 906 1172 951 nt
1190 916 1220 952 se
1243 901 1275 953 in
1364 931 1372 948 .

126 976 202 1028 Mon.
221 978 260 1040 2.,
279 980 403 1042 movente
420 990 454 1027 ne
471 989 500 1026 se
517 974 549 1026 in
567 976 643 1029 Mon.
664 979 690 1028 1.
716 971 844 1038 Quatnor
862 972 932 1023 Oxx.
951 969 1059 1023 habent
1081 973 1218 1025 maerenti
1235 987 1275 1034 se,

125 1046 182 1099 duo
214 1054 243 1099 et
266 1063 341 1098 unus
364 1043 444 1098 Leto.
472 1061 508 1096 m.
533 1060 575 1097 ne
592 1060 632 1108 se,
660 1060 734 1095 unus
761 1044 898 1094 maerenti
922 1041 1011 1111 quod
1037 1055 1076 1105 se,
1104 1040 1158 1093 duo
1182 1059 1218 1093 m.
1238 1041 1275 1111 si,

124 1117 231 1169 omisso
248 1129 286 1168 se.
306 1108 431 1169 Bentleii
450 1115 648 1168 coniecturam
673 1110 769 1183 (quam
796 1132 824 1165 v.
845 1128 896 1165 suo
914 1111 991 1177 loco)
1017 1111 1197 1184 ingeniosam
1221 1128 1276 1165 nec

124 1197 195 1240 seso
213 1187 403 1240 necessariam
422 1177 505 1252 nuh,
523 1180 718 1238 acutissImam
746 1191 831 1236 vocat
848 1181 958 1253 Wopk.
978 1199 1007 1251 p.
1027 1185 1089 1246 405,
1118 1182 1277 1253 probatque

122 1252 338 1320 hullemannus,
356 1255 485 1311 Duellius
511 1250 617 1312 minam
642 1253 779 1325 appellat,
804 1255 858 1306 etsi
882 1270 986 1328 magna
1010 1270 1075 1305 cum
1103 1253 1279 1306 confidentia
1376 1293 1381 1300 .

123 1327 276 1401 prolatam.
313 1326 405 1396 Recte
422 1321 474 1380 hio
491 1334 591 1380 mouet
608 1326 644 1386 acl
661 1323 773 1378 scholas
790 1323 842 1378 W.
871 1341 905 1378 ex
925 1322 1029 1377 calami
1047 1323 1129 1394 lapsu
1152 1340 1279 1378 maeren-

125 1398 167 1453 tis
184 1415 215 1451 se
238 1413 294 1468 pro
318 1397 457 1451 maerenti
475 1396 502 1449 si
524 1413 564 1461 se,
593 1396 645 1466 qni
669 1403 712 1449 est
735 1395 767 1447 in
793 1392 861 1450 (lod.
888 1394 959 1469 Reg.
985 1394 1104 1464 eiusque
1132 1394 1277 1448 similibus

125 1467 347 1540 antiquissimis,
366 1476 446 1521 ortos
465 1483 526 1520 esse
539 1467 616 1520 alios
634 1464 818 1536 reliquorum
837 1479 959 1518 errores.
996 1465 1056 1516 Mc.
1269 1523 1272 1528 ι

196 1541 268 1594 Sunt
289 1538 384 1595 etiam.
407 1535 455 1608 qni
467 1537 656 1621 -collsssgnnss
675 1536 747 1592 Em.
766 1533 824 1607 hoc
842 1550 955 1605 quoqne
973 1533 1039 1586 loco
1058 1543 1159 1588 contra
1178 1552 1278 1592 omnes

124 1607 217 1663 libros
236 1610 366 1664 correxit
390 1607 562 1675 colligant,
590 1622 712 1676 eumque
737 1605 829 1659 secuti
856 1614 923 1657 sunt
947 1604 1090 1660 Fawols.
1117 1605 1200 1659 Solia.
1227 1607 1276 1660 Dc.

125 1681 215 1735 Nobb.
234 1679 308 1732 Tbn.
341 1677 396 1732 seo
414 1687 495 1733 necte
512 1677 619 1732 habere
636 1677 843 1741 Indicativnm,
860 1674 911 1727 ubi
929 1675 1026 1729 verbis
1043 1677 1120 1741 sint,
1139 1677 1187 1747 qai
1205 1680 1280 1732 certi

127 1751 333 1827 significantur
349 1747 495 1811 homines,
513 1750 578 1816 (neo
595 1763 667 1802 vero
684 1747 810 1799 dicitur:
837 1753 970 1799 naturam
995 1746 1123 1800 hominis
1151 1751 1191 1801 ita
1218 1766 1280 1803 csse
1330 1811 1331 1814 Ἴ
1404 1766 1408 1770 ’

129 1828 335 1892 comparatam,
365 1825 399 1871 ut
423 1819 482 1873 sint
500 1819 551 1885 —)
574 1824 609 1870 ut
633 1816 691 1870 hoc
713 1817 778 1868 loco
804 1816 904 1869 statim
922 1818 1070 1886 seqnitur:
1103 1817 1180 1869 alius
1207 1823 1280 1874 enim

121 1899 183 1950 etc·
203 1891 311 1944 talibus
328 1889 423 1965 igitur
446 1890 520 1942 locis
546 1895 625 1942 recte
669 1888 719 1940 oni
741 1886 938 1939 Indicativum
962 1888 1114 1939 statuimus
1139 1886 1279 1944 Kiihnero'
1382 1883 1386 1890 ‘

125 1961 324 2016 assentientes.
345 1988 378 1999 -
416 1959 484 2014 cod.
506 1958 581 2029 ono.
599 1963 627 2016 2.
646 1905 735 2011 flabat
752 1962 814 2010 sunt
831 1956 878 2027 qai
895 1955 962 2009 haec
978 1973 1115 2024 genera
1142 1960 1280 2024 omnia,

125 2034 202 2089 Mon.
221 2035 249 2088 2.
269 2037 333 2084 sont
351 2063 384 2074 -
403 2029 452 2102 qui
475 2033 593 2085 omnia
615 2027 699 2083 laec
725 2042 839 2096 genera.
868 2027 1025 2105 Unuca-Ox.
1052 2031 1089 2082 in
1114 2031 1280 2084 consola-

125 2103 224 2159 tione
240 2103 386 2171 colligunt,
404 2117 460 2173 pro
483 2099 694 2156 consolandi
718 2099 860 2164 colligant.
898 2100 959 2151 Mr.

196 2180 229 2226 nt
245 2175 306 2239 tere
324 2188 374 2227 nos
391 2173 484 2226 omnia
501 2171 533 2226 in
550 2169 765 2227 consolationem
782 2184 866 2222 anam
882 2169 1061 2236 sanissimus]
1090 2170 1279 2246 „Legendunn

124 2247 250 2298 fortasse
275 2242 320 2297 est
340 2247 371 2299 in
395 2243 615 2298 consolationem
638 2247 803 2294 nostram.
838 2257 1011 2310 quamquam
1036 2241 1068 2293 in
1094 2241 1142 2295 his
1169 2242 1278 2309 vomis,

125 2312 234 2380 omnia,
251 2330 344 2380 anam,
363 2315 482 2369 videtur
498 2330 557 2368 non
575 2314 749 2384 inconcinna
766 2311 929 2366 antithesis.
951 2312 1049 2382 itaque
1063 2311 1147 2364 nihil
1165 2321 1280 2368 mutare

125 2385 251 2440 ausim.“
285 2384 444 2439 leontinae.
1270 2398 1275 2420 ²

197 2459 227 2509 nt
242 2456 302 2521 sere
319 2473 371 2510 nos
388 2454 486 2510 omnia
504 2454 535 2510 in
552 2455 766 2510 consolationem
783 2465 866 2508 anam
884 2451 1067 2520 senissimus]
1104 2455 1279 2532 „vulgatam

126 2527 286 2581 lectionem
304 2544 361 2580 non
379 2545 461 2580 ausus
480 2544 544 2580 sum
562 2542 739 2601 expungere,
757 2526 834 2596 quod
850 2525 947 2579 valide
965 2526 1092 2578 titubent
1111 2525 1187 2579 MSS.
1208 2529 1280 2580 Eam

125 2607 227 2651 tuetur
245 2597 320 2651 solus
337 2597 395 2652 Pal.
415 2599 509 2668 quint.
535 2607 564 2651 et
588 2596 715 2651 Victorii
738 2596 790 2650 Ed.
811 2596 908 2650 Ceteri
931 2601 962 2648 nt
984 2598 1046 2662 tere
1070 2596 1125 2665 (pr.
1145 2597 1226 2664 vero)
1248 2598 1280 2652 tn

126 2667 330 2723 consolatione:
361 2669 456 2723 onsnia
479 2668 512 2721 in
529 2669 743 2722 consolationem
766 2680 852 2720 anam
872 2665 930 2736 (pr.
949 2669 1016 2733 una)
1035 2669 1106 2733 conj.
1127 2677 1220 2736 quart.
1248 2673 1281 2721 nt

125 2741 186 2807 tere
203 2754 261 2793 nos
285 2742 317 2793 in
340 2741 531 2794 consolatione
561 2739 652 2792 omnia
681 2738 729 2807 in,
744 2737 958 2798 consolationem
989 2754 1071 2790 anam
1101 2738 1278 2793 coniecimns.
1348 2738 1352 2751 '
1386 2729 1390 2737 ’

126 2811 218 2863 Vatia.
237 2827 323 2864 veros
343 2818 374 2864 nt
391 2812 453 2875 fere
471 2825 521 2863 nos
538 2810 569 2864 in
586 2809 775 2863 consolatione
792 2809 920 2874 fecimus,
939 2814 966 2862 et
982 2824 1061 2862 omne
1078 2824 1167 2876 genna
1185 2810 1281 2863 conso&

127 2876 210 2935 tandi
226 2881 258 2934 in
276 2882 495 2935 consolationem
512 2896 594 2933 onam
612 2879 810 2937 sanissimus.“
828 2875 910 2933 Gella
935 2879 1003 2931 Dav.
1022 2881 1054 2931 in
1071 2879 1125 2930 Ed.
1144 2883 1178 2936 2:
1215 2878 1281 2946 „At
1369 2928 1373 2938 ,

127 2969 176 3005 me
195 2950 312 3020 quidem
330 2951 407 3019 quod
425 2951 541 3013 attinet,
558 2951 697 3025 legerim:
724 2957 754 3002 nt
775 2952 836 3016 sere
855 2966 906 3003 nos
923 2951 953 3004 in
973 2949 1187 3005 consolationes
1216 2952 1279 3006 velt

125 3023 237 3144 :sittipe‘r‘e
259 3035 313 3144 pp:
339 3021 370 3074 in
390 3019 585 3075 Consolatione
611 3020 741 3086 fecimuas
769 3020 891 3101 reliquis
915 3020 1118 3074 additiciornm
1140 3022 1204 3074 loco
1228 3039 1282 3095 po·

191 3129 238 3214 'Ut
262 3127 324 3226 seri
347 3177 398 3215 nos
422 3160 453 3213 in
472 3159 672 3215 Consolatlons
690 3157 783 3214 omnia
800 3157 831 3215 in
848 3157 1061 3215 consolationem
1086 3173 1171 3216 onam
1187 3162 1280 3217 conie-

125 3230 230 3298 cimns]
250 3231 299 3284 Sic
316 3233 385 3308 Reg.
405 3231 553 3285 Pithoeau·
580 3238 610 3286 ct
632 3232 735 3302 optimi
759 3232 867 3301 quique
886 3231 1019 3297 Codices3
1053 3250 1119 3285 nam
1141 3234 1230 3308 vulgo
1248 3235 1280 3287 in

126 3302 326 3357 Consolatione
344 3303 487 3356 nesciunt.
508 3302 599 3355 vatic.
613 3309 817 3372 repraesentat,
836 3306 867 3352 nt
884 3305 945 3368 fere
962 3318 1024 3355 nos
1041 3303 1071 3356 tle
1082 3302 1281 3359 Consolatione
1326 3307 1328 3311 ’
1349 3330 1356 3343 =

125 3373 252 3442 temnens,
271 3379 299 3427 et
310 3389 389 3427 omne
401 3389 491 3441 genna
504 3372 667 3427 consolandi
678 3373 709 3427 in
720 3372 938 3427 consolationem
949 3387 1034 3425 anam
1047 3373 1221 3428 contesimas.
1240 3376 1277 3428 D.

196 3445 286 3498 omnia
304 3443 336 3497 in
353 3446 570 3500 consolationem
589 3444 683 3512 anano]
720 3444 838 3510 „Placet
854 3443 963 3496 Davisii
981 3443 1102 3514 scriptio
1122 3443 1166 3512 [in
1175 3445 1228 3499 Eo.
1239 3447 1279 3515 3.]

125 3531 213 3585 quam
230 3515 347 3569 exhibet
365 3516 432 3569 Cod.
452 3516 522 3590 Reg.
548 3520 580 3570 et
603 3532 667 3568 mea
688 3515 732 3570 etl.
751 3522 810 3568 vet·
844 3505 908 3569 Nec
925 3529 995 3568 vero
1014 3515 1148 3586 displicet
1165 3518 1279 3572 lambis

123 3585 210 3638 niana
231 3585 338 3639 rati0.“
371 3584 460 3641 Bonis.
717 3645 720 3649 ,

197 3648 235 3709 m
260 3660 320 3723 sere
345 3671 395 3710 nos
419 3657 451 3711 in
476 3653 669 3712 consolatione
694 3653 789 3710 omnio
820 3653 852 3710 in
883 3669 969 3710 annm
993 3655 1177 3725 mansimus]
1213 3659 1278 3726 „ltt

125 3726 241 3778 connexi
263 3725 446 3801 vulgatum.“
471 3727 581 3783 Solita.
619 3729 710 3796 Quam
732 3727 960 3797 emendationem
983 3729 1084 3781 multis
1104 3728 1279 3800 placituram
1329 3783 1332 3786 ,

126 3797 274 3849 existimat
292 3796 434 3850 Orelliuss
463 3799 535 3857 alios
556 3812 627 3854 vero
644 3799 772 3852 dicturos
796 3799 926 3866 consulto
943 3799 1077 3852 Tullium
1095 3797 1228 3856 insistere
1247 3803 1279 3855 in

124 3861 328 3919 consolationis
345 3868 491 3922 vocabulo.
528 3863 601 3927 Mihi
623 3879 703 3922 certe
720 3887 788 3922 cum
805 3871 927 3936 Wolfio,
955 3871 1002 3923 On.
1022 3870 1119 3924 Kiilm.
1139 3872 1280 3942 probator

125 3936 235 3990 Davisii
256 3937 338 4000 natio,
367 3955 433 3989 cnm
457 3957 514 4008 qua
536 3941 720 4009 consentiunt
737 3942 777 3994 Re
800 3941 909 3993 sBern.
937 3939 1011 4005 [nisi
1029 3942 1106 4011 quod
1123 3942 1174 3995 hic
1191 3944 1280 3997 habet

125 4008 169 4062 ad
186 4007 397 4061 consolationem
413 4009 507 4078 nnana]
527 4009 655 4080 quinque
674 4011 744 4064 oxa.
772 3958 843 4076 [gni'si
861 4011 939 4081 quod
964 4019 1024 4066 tres
1047 4016 1143 4068 omnia
1165 4024 1279 4085 ponunt

125 4086 192 4151 post
209 4078 281 4145 nos],
306 4079 379 4132 Gon.
400 4082 425 4134 l.
445 4081 471 4134 2.
498 4079 571 4154 Aug.
598 4081 686 4134 Μηνὶ).
700 4080 799 4134 heho.
826 4081 899 4134 Gud.
919 4085 994 4134 Mon.
1016 4088 1039 4138 1.
1060 4087 1084 4139 2
1105 4085 1158 4140 Ed.
1178 4087 1206 4140 P.
1242 4087 1278 4139 ln

103 4144 210 4202 Nindss
233 4156 258 4205 1.
278 4156 337 4202 est:
365 4151 395 4202 nt
420 4150 481 4214 fere
505 4165 557 4202 nos
575 4150 614 4203 -tn
632 4144 845 4205 consolationem
867 4164 923 4205 nna
940 4153 1034 4207 omnia
1052 4152 1227 4219 sanissimus,
1245 4157 1278 4207 in

125 4220 211 4273 Vino.
231 4222 256 4275 2.
276 4225 308 4272 nt
327 4223 387 4286 fere
405 4237 455 4272 nos
473 4221 504 4272 in
527 4221 743 4289 consolationem
760 4222 855 4274 cannia
878 4223 1061 4277 coniecimass
1086 4226 1116 4276 in
1134 4244 1225 4299 marg.
1245 4226 1278 4277 in

126 4307 201 4348 cons.
220 4306 316 4345 onam
332 4294 433 4357 conjec.
452 4289 549 4345 Duisb.
568 4308 634 4344 oum
651 4285 776 4365 vulgatis
795 4292 908 4345 omittit
924 4295 955 4346 in
974 4294 1169 4350 Consolatione
1189 4304 1218 4347 et
1235 4297 1278 4346 sic

125 4362 237 4430 aliquot
256 4362 337 4427 Oxx,
362 4374 485 4431 quorum
503 4369 564 4414 tres
581 4362 668 4415 etiam
685 4361 823 4414 osnittunt
847 4363 950 4421 omnia.
988 4364 1071 4420 Solus
1090 4366 1163 4419 Gud.
1183 4367 1209 4417 2
1229 4382 1279 4417 ox·

124 4431 208 4495 hibet
224 4432 437 4494 coniecerim,
465 4431 603 4510 (letamen
629 4448 688 4487 nan
712 4449 788 4508 nego
809 4433 952 4488 librorum
976 4453 1024 4489 me
1041 4437 1138 4507 potius
1156 4436 1279 4506 optimo·

80 4596 81 4601 ,
156 4559 450 4627 caesarianensis.
469 4553 644 4611 Mosen-Ml.
726 4565 729 4570 '
979 4539 1030 4606 .Ῑό
