2842 5070
216 287 278 366 ate
307 295 310 301 ’
414 292 913 389 cmmomsauscumn.
936 293 1167 360 olerurar.

216 465 367 540 ciuntur,
390 481 473 546 quac
493 470 616 525 vocant
636 463 685 524 illi
697 453 876 546 νοσήματα,
898 481 1012 544 eaque,
1034 464 1266 542 quaesunteis
1279 483 1374 527 mor·
1407 535 1412 545 ¹

215 546 266 608 bis
287 547 469 623 contraria,
502 565 587 626 quae
607 545 730 607 habent
756 544 874 607 adres
906 553 1014 607 certas
1035 546 1190 606 vitiosam
1213 548 1371 608 offensio·

215 647 290 690 nem
311 636 409 708 atquo
430 627 620 690 fastidium:
642 625 763 690 deindo
776 628 1033 726 aegrotationes,
1055 647 1138 707 quae
1157 629 1371 710 appellantur

216 730 236 771 a
259 710 379 772 Stoicis
400 701 655 798 ἆρῥωστήματα,
686 711 793 790 iisque
813 711 1086 791 itemoppositae
1107 713 1300 774 contrariae
1320 715 1370 774 oi·

127 791 392 856 ⁹³¹⁴·fcnsiones.
441 795 517 854 Hoc
540 795 612 854 loco
634 793 774 853 nimium
807 811 929 873 operae
960 793 1171 853 consumitur
1191 811 1210 852 a
1233 791 1369 871 Stoicis,

157 862 181 898 ²¹
213 876 356 937 maxime
388 895 407 936 a
438 875 638 958 Chrysippo,
670 873 750 937 dum
781 874 908 938 morbis
940 893 1122 954 corporum
1154 884 1371 957 comparatur

212 958 408 1020 morborum
440 959 544 1020 animi
575 955 770 1022 similitudo.
835 957 922 1038 Qua,
939 959 1094 1019 oratione
1131 961 1370 1036 praetermissa

213 1041 351 1101 minime
372 1043 653 1117 necessaria-ea,
686 1059 770 1123 quae
802 1059 874 1102 rem
895 1040 1080 1116 continent,
1111 1048 1368 1121 pertractemus.

103 1146 106 1153 ,
168 1179 174 1201 Ι
817 1144 823 1151 ,
1360 1148 1364 1153 .

213 1228 342 1350 ror
360 1210 581 1353 tutata
598 1225 1279 1351 tntuattrutinat.utu
1295 1229 1365 1351 tr·

212 1315 472 1493 dettssndiimatp}
489 1367 558 1425 eod
578 1316 667 1423 dliii-b.
682 1317 866 1434 uidciuruata,
896 1369 972 1423 tlon.
993 1373 1016 1424 l.
1041 1316 1326 1434 r’rrosteniata,ni‘viid.s
1339 1317 1388 1427 d..

212 1456 276 1494 roo
298 1459 396 1507 ματα.
470 1457 494 1491 r.

266 1525 375 1580 ''eaqun
396 1524 466 1579 quae
482 1515 546 1564 runt
563 1510 605 1562 eir
621 1508 726 1562 morbis
748 1507 904 1575 contraria]
941 1510 1021 1562 Unus
1048 1509 1098 1561 Ox.
1127 1509 1201 1562 Gud.
1221 1513 1247 1566 2.
1274 1513 1363 1579 Marb.

212 1598 252 1635 ea
270 1597 347 1649 quae.
386 1581 441 1633 Pro
460 1580 502 1634 eir
521 1579 598 1635 solus
617 1579 761 1636 FAWolf.
783 1578 863 1635 dedit
881 1578 935 1644 itis,
954 1579 1051 1633 nescio
1069 1581 1125 1632 ‘cur
1142 1587 1171 1634 et
1189 1581 1279 1634 unda:
1298 1599 1366 1635 nam

212 1660 241 1708 ct
257 1669 314 1723 per
331 1667 368 1706 'se
391 1653 487 1704 minus
514 1649 636 1721 probum
660 1658 714 1713 est,
739 1658 768 1704 et
793 1651 824 1702 in
848 1651 906 1703 fine
933 1650 1037 1720 capitis
1060 1651 1147 1720 plane
1174 1652 1251 1705 idem
1270 1653 1364 1706 redit:

212 1723 280 1787 quae
298 1729 363 1775 runt
383 1724 424 1775 cis
441 1722 547 1776 mariis
558 1721 768 1785 -contrariae,
786 1720 836 1773 ubi
846 1720 924 1773 nihil
933 1722 1059 1773 mutavit
1068 1721 1206 1776 Wolfins.
1229 1721 1365 1776 Ceterum

212 1801 255 1847 est
277 1791 322 1845 itia
349 1793 380 1844 in
404 1791 474 1844 cod.
501 1789 585 1844 Vind.
614 1797 655 1858 1.,
682 1790 758 1844 unde
783 1794 908 1846 fortasse
926 1793 1129 1862 W.,recepit,
1157 1792 1197 1847 iia
1213 1795 1245 1846 in
1263 1792 1364 1857 noha..

211 1860 318 1927 diisin
334 1862 410 1916 'Gud.
445 1865 511 1916 Mox
528 1861 618 1916 Rehd.
647 1861 778 1916 babeant
795 1879 851 1929 res,
875 1864 980 1915 omisso
1004 1863 1051 1918 ad.
1088 1862 1168 1914 Unus
1188 1864 1237 1920 Ox.
1263 1862 1365 1917 baben-

212 1941 270 1987 tur
293 1935 339 1988 ad.
370 1932 458 1988 'Idem
486 1950 553 1986 cum
578 1935 663 1990 Vind.
690 1936 766 2005 ¹2²·
794 1933 867 1987 Gud.
904 1932 1252 2005 vitiosasoffensioner.
1291 1935 1362 2009 neg.

211 2004 299 2061 Marb.
325 2005 404 2058 Gud.·
425 2010 446 2059 Ι.
467 2007 493 2062 2
518 2003 637 2058 uitiosa
660 2001 838 2069 offensione:
874 2021 949 2058 unus
979 2003 1029 2056 Ox.
1060 2004 1209 2070 fastigium
1238 2021 1293 2074 pro
1316 2006 1365 2069 fa·

211 2074 338 2130 rtidium.
374 2077 432 2133 Mr.
652 2097 656 2102 ·
1255 2114 1275 2121 ψ

282 2146 499 2214 aegrotationes]
520 2145 619 2215 „Qum
630 2147 789 2214 aegrotatio
801 2148 921 2218 proprio
932 2149 971 2201 sit
980 2148 1012 2200 in
1025 2150 1154 2218 corpora,
1173 2145 1248 2199 sicut
1262 2145 1361 2211 aegri·

213 2219 278 2272 tudo
289 2218 320 2269 in
330 2218 426 2271 animo
437 2237 444 2273 ε
464 2226 563 2272 tamen
579 2225 609 2272 et
618 2220 831 2293 aegrotationes
840 2220 932 2272 animi
943 2220 1098 2281 dicuntur,
1109 2231 1179 2287 quaa
1189 2232 1224 2268 ex
1235 2215 1362 2284 quodam

212 2295 293 2342 rnatu
311 2295 471 2341 nascuntur
496 2305 596 2340 earum
619 2306 731 2354 rerum,
758 2308 828 2359 quas
846 2291 966 2364 fugiunt
995 2299 1024 2342 et
1046 2285 1198 2342 oderunt.“
1223 2287 1361 2342 Beroald.

211 2359 407 2432 „Aegrotatio
435 2358 526 2410 omnis
553 2365 596 2411 est
620 2360 708 2412 etiam
726 2361 852 2425 morbus,
878 2360 927 2414 sed
945 2359 1062 2414 morbus
1081 2374 1139 2412 non
1157 2357 1255 2408 statim
1274 2357 1363 2409 etiam

211 2428 405 2502 aegrotatio.“
423 2425 568 2482 Gamerar.
596 2428 740 2482 mennam
759 2429 866 2484 habent
884 2430 950 2484 loco
967 2431 1048 2484 vocis
1067 2426 1364 2503 ᾄρῤωσιήματόφιὶῃ-
1395 2485 1397 2489 ,

212 2501 269 2569 que
297 2498 384 2553 Codd.
406 2499 487 2563 Oxx,
515 2499 602 2570 plane
630 2500 730 2554 omisit
756 2502 817 2554 sine
841 2500 943 2554 lacuna
962 2500 1028 2555 God.
1048 2501 1122 2574 Aug.
1161 2499 1196 2550 ln
1214 2497 1299 2549 Marb.
1322 2504 1379 2550 est*

211 2571 383 2638 appcoincta,
404 2572 435 2622 in
453 2572 530 2623 Mon.
549 2568 799 2644 2.‘appocrematu,
828 2570 878 2640 ubi
896 2588 1011 2624 causam
1030 2570 1140 2624 erroris
1167 2568 1256 2622 habes
1279 2585 1363 2638 aper-

211 2647 286 2706 tam,
305 2640 358 2694 Ed.
378 2643 449 2697 Ven.
470 2648 559 2701 nostr.
581 2642 758 2706 arrisimatu,
782 2645 862 2696 Junt.
884 2646 1077 2696 arroottmata.
1115 2640 1175 2693 Mr.
1201 2646 1204 2650 ’

213 2738 215 2743 ·
280 2713 384 2783 iisque
408 2712 476 2764 item
499 2711 640 2782 oppositae
665 2715 825 2767 contrariae
851 2712 1031 2779 offensiones]
1068 2710 1180 2778 Scripsi
1213 2707 1302 2777 iisque
1328 2725 1362 2761 ex

210 2784 297 2838 Codd.
317 2782 417 2836 Duisb.
445 2781 507 2846 (ubi
526 2790 569 2835 est
586 2782 706 2852 diisque)
731 2800 787 2837 uno
806 2783 855 2837 Ox.
882 2784 947 2854 (qui
970 2783 1056 2835 habet
1080 2782 1155 2848 ioque
1173 2780 1190 2831 i.
1213 2797 1237 2832 e.
1267 2778 1361 2844 lsovu)

209 2856 286 2911 Mon.
308 2859 333 2910 l'.
355 2852 416 2919 (iis,
436 2869 491 2906 om.
513 2854 572 2924 pne)
589 2870 681 2941 marg.
702 2855 758 2908 MS.
779 2857 810 2907 in
828 2855 891 2907 Asc.
910 2853 1029 2909 u-ttdd.
1050 2850 1078 2904 S.
1099 2850 1134 2902 lt.
1153 2850 1276 2906 HWolf.
1295 2865 1363 2918 pro·

184 2927 293 2978 'haute
312 2924 458 2978 Kiihnero.
495 2924 532 2976 ln
558 2924 681 2995 reliquis
709 2933 753 2978 ast
774 2923 876 2994 bisque,
903 2925 963 2977 nisi
987 2922 1072 2994 quod·
1088 2921 1144 2974 duo
1164 2922 1235 2975 Oxx.
1256 2919 1362 2973 habant

207 2993 261 3051 bia.
304 2997 360 3050 Pro'
379 2998 447 3050 item
464 3002 508 3054 est
525 2985 600 3048 r'de'm
626 2996 658 3048 in
678 2994 764 3051 Oodd.
784 2994 856 3048 Gud.
878 3000 902 3050 1.
928 2994 968 3060 (a.
989 3011 1105 3049 soem.
1126 2999 1290 3045 correctum
1309 2989 1362 3052 est)

206 3065 283 3123 Gud.
303 3069 330 3124 2.
351 3065 426 3122 Gud.
454 3067 489 3120 lu
505 3066 592 3119 Marb.
612 3066 725 3142 legitur
742 3061 895 3137 appositae
906 3067 1035 3139 itemque
1047 3065 1079 3116 in
1094 3065 1184 3138 Aug,
1205 3063 1237 3113 in
1253 3061 1326 3141 Gud.
1337 3064 1360 3114 1.

207 3157 231 3192 a.
253 3142 279 3192 l.
300 3145 403 3191 invest
422 3137 631 3206 appossitaa
662 3137 706 3190 Ad
725 3157 756 3191 su
781 3138 890 3190 eriores
917 3153 1002 3189 voces
1025 3134 1128 3187 morbis
1144 3138 1290 3186 contraria
1308 3131 1361 3183 Be·

208 3200 326 3263 roaldus
345 3209 376 3260 in
395 3207 558 3279 exemplum
577 3209 663 3262 affert
682 3155 834 3272 (videficet
851 3215 885 3259 ut
903 3207 1034 3260 uitiosum
1051 3202 1238 3276 offensionem)
1264 3201 1360 3254 odium

205 3279 374 3346 mulierum,
394 3281 559 3350 oppositum
578 3278 690 3344 morbo,
710 3280 758 3348 qui
779 3286 823 3332 ost
841 3277 1045 3331 mulierositas.
1085 3275 1147 3327 Hoc
1166 3275 1242 3334 loca,
1262 3282 1296 3325 ut
1314 3289 1379 3325 ase-⁸

105 3388 108 3395 ,
206 3351 367 3425 gratationi
385 3352 546 3423 oppositam
566 3349 754 3419 offensionem
768 3349 954 3411 contrariom,
979 3347 1065 3400 affert
1085 3344 1380 3413 inhospitalitatem,'

205 3428 240 3472 ut
257 3421 426 3490 opinionem
444 3417 646 3474 vehementem
664 3420 750 3473 valde
772 3418 945 3471 fouendum
964 3433 1026 3470 csse
1043 3415 1199 3484 hospitem.
1247 3413 1358 3466 Corma.

153 3528 156 3533 -
204 3490 349 3560 Anonym.
369 3508 413 3565 ap·
432 3489 517 3546 Laod.
538 3509 553 3542 a
573 3490 633 3557 Qu.¹
653 3490 843 3557 „Morbium
862 3497 1021 3542 nascuntur
1039 3504 1075 3539 cx
1089 3485 1249 3554 cupiditate
1259 3491 1289 3537 et
1302 3484 1362 3536 lae·

161 3600 163 3606 .
202 3561 288 3628 titia,
311 3561 484 3625 offensiones
504 3561 667 3614 contrariae
687 3578 703 3612 a
720 3559 840 3613 metu.“
879 3558 923 3613 De
946 3556 1152 3630 offensionibus
1175 3553 1234 3606 vid.
1255 3554 1360 3608 Tiede·

204 3650 310 3686 mann:
329 3631 425 3702 Sy'st.
446 3633 473 3686 d.
495 3630 643 3686 stoisch.
664 3630 799 3684 Philos.
820 3629 994 3700 turpato
1013 3645 1055 3697 sq.
1082 3627 1240 3679 Ait-totum
1261 3626 1359 3678 locum

203 3701 262 3757 rid.
282 3698 390 3780 Baguo't
408 3703 443 3757 de
462 3702 628 3773 Chrysippo
646 3718 675 3770 p.
695 3703 748 3756 3⁰3
766 3703 849 3770 anaqi
872 3699 962 3756 Rehd.
983 3713 1081 3767 operae
1099 3700 1268 3750 semitiora
1300 3697 1360 3748 Mr.

275 3786 434 3846 morborum
453 3790 544 3847 animi
555 3787 729 3857 similitudo]
773 3788 841 3842 God.
862 3786 937 3843 Gud.
957 3785 1068 3839 morbi
1085 3786 1174 3839 animi
1192 3783 1359 3838 similitudo.

89 3878 98 3890 ⁴
156 3913 159 3921 ,
191 3864 256 3919 'Par
278 3868 302 3918 it
321 3862 395 3918 coa·
412 3865 487 3915 Mon.
509 3863 534 3917 2.
554 3876 608 3927 oua
626 3861 779 3925 ratione,
798 3876 852 3930 pro
872 3873 926 3929 qua
945 3860 1081 3922 oratione,
1101 3859 1190 3910 etita
1210 3863 1253 3908 est
1272 3856 1361 3908 etiam

202 3937 233 3988 in
253 3882 327 4012 bug.
347 3937 376 3988 o't
395 3932 471 3997 Gud.
490 3935 515 3987 2.
536 3931 665 4000 itemque
675 3931 825 4005 'in.marg.
845 3930 924 3982 Crat.
959 3927 1002 3981 De
1030 3946 1086 3997 qua
1113 3926 1284 3983 confusione
1303 3942 1362 3998 non

206 4008 297 4060 semel
315 4005 496 4059 monuimus:
515 4008 559 4055 est
577 4001 655 4054 enim
676 4003 745 4054 satis
763 4004 912 4072 frequens.
963 3999 1031 4052 Non
1050 4015 1165 4067 semper
1183 4005 1280 4051 autem
1301 4004 1362 4049 tam

201 4078 290 4132 facile
320 4066 373 4139 esi,
402 4074 488 4143 quam
506 4061 569 4143 ¹liud
587 4071 662 4136 loca,
683 4090 808 4139 ,inanum
828 4071 977 4125 Ciceronis
1003 4070 1179 4122 discernere.
1230 4067 1362 4143 Pergunt

200 4146 275 4200 Edd.
295 4153 365 4201 ants
382 4141 473 4198 Gebb.
494 4141 636 4212 (exceptis
654 4144 686 4193 V.
706 4141 775 4197 Rob.
795 4140 911 4212 stophe
939 4141 1037 4193 Herw.
1058 4140 1157 4204 Leod.)
1176 4137 1294 4190 minime
1313 4154 1363 4191 ne·

200 4217 324 4271 caesaria
346 4214 560 4285 praetermissa,
591 4213 694 4265 ordine
721 4212 843 4266 aGodd.
870 4226 928 4264 non
948 4209 1129 4263 confirmato.
1176 4208 1251 4260 Tum
1270 4209 1361 4262 Marb.

198 4280 287 4346 habet
305 4304 365 4356 ¹rem
383 4285 550 4336 contine-t.
587 4281 669 4336 Unus
687 4284 737 4335 Ox.
755 4288 991 4352 pertractamus.
1029 4281 1088 4333 Mr.

270 4356 454 4424 Intelligatur
466 4354 568 4420 igitur,
586 4354 831 4421 perturbationem,
851 4350 1099 4414 trutinatorem]
1130 4348 1361 4414 „secessionem

198 4425 400 4520 hicpmiriflco
426 4424 500 4478 facit
522 4423 609 4480 Putat.
640 4432 734 4499 quart.
761 4423 970 4500 perturbatione
995 4419 1160 4479 iactantibus
1185 4419 1364 4488 opinionibus
