<?xml version="1.0" encoding="UTF-8"?>
<!DOCTYPE html PUBLIC "-//W3C//DTD XHTML 1.0 Transitional//EN"
    "http://www.w3.org/TR/xhtml1/DTD/xhtml1-transitional.dtd">
<html xmlns="http://www.w3.org/1999/xhtml" xml:lang="en" lang="en">
 <head>
  <title>
</title>
<meta http-equiv="Content-Type" content="text/html;charset=utf-8" />
  <meta name='ocr-system' content='tesseract 3.04.00' />
  <meta name='ocr-capabilities' content='ocr_page ocr_carea ocr_par ocr_line ocrx_word'/>
</head>
<body>
  <div class='ocr_page' id='page_1' title='image "./mtulliiciceroni00davigoog_0397.png"; bbox 0 0 2842 5070; ppageno 0'>
   <div class='ocr_carea' id='block_1_1' title="bbox 208 306 1172 378">
    <p class='ocr_par' dir='ltr' id='par_1_1' title="bbox 208 306 1172 408">
     <span class='ocr_line' id='line_1_1' title="bbox 208 306 1172 378; baseline -0.005 -3"><span class='ocrx_word' id='word_1_1' title='bbox 208 309 272 376; x_wconf 80' lang='lat'><strong>388</strong></span> <span class='ocrx_word' id='word_1_2' title='bbox 411 306 646 377; x_wconf 80' lang='lat' dir='ltr'><strong>CICERONIS</strong></span> <span class='ocrx_word' id='word_1_3' title='bbox 667 307 916 378; x_wconf 78' lang='lat' dir='ltr'><strong>TUSCULAN.</strong></span> <span class='ocrx_word' id='word_1_4' title='bbox 939 310 1172 375; x_wconf 81' lang='lat' dir='ltr'><strong>DISPUTAT.</strong></span> 
     </span>
    </p>
   </div>
   <div class='ocr_carea' id='block_1_2' title="bbox 157 469 1370 645">
    <p class='ocr_par' dir='ltr' id='par_1_2' title="bbox 157 469 1370 645">
     <span class='ocr_line' id='line_1_2' title="bbox 157 469 1370 561; baseline 0.003 -25"><span class='ocrx_word' id='word_1_5' title='bbox 157 469 160 476; x_wconf 73' lang='grc'><strong>’</strong></span> <span class='ocrx_word' id='word_1_6' title='bbox 207 479 359 538; x_wconf 82' lang='lat' dir='ltr'><strong>furorem</strong></span> <span class='ocrx_word' id='word_1_7' title='bbox 381 487 588 559; x_wconf 88' lang='lat' dir='ltr'><strong>mortemque</strong></span> <span class='ocrx_word' id='word_1_8' title='bbox 599 476 767 559; x_wconf 83' lang='lat' dir='ltr'><strong>perduxit.</strong></span> <span class='ocrx_word' id='word_1_9' title='bbox 804 477 882 539; x_wconf 93' lang='lat' dir='ltr'><strong>Non</strong></span> <span class='ocrx_word' id='word_1_10' title='bbox 895 477 1000 561; x_wconf 81' lang='lat' dir='ltr'><strong>igitur</strong></span> <span class='ocrx_word' id='word_1_11' title='bbox 1013 473 1185 552; x_wconf 79' lang='lat' dir='ltr'><strong>desiderat</strong></span> <span class='ocrx_word' id='word_1_12' title='bbox 1200 476 1370 540; x_wconf 85' lang='lat' dir='ltr'><strong>fortitudo</strong></span> 
     </span>
     <span class='ocr_line' id='line_1_3' title="bbox 207 557 1370 645; baseline 0.003 -27"><span class='ocrx_word' id='word_1_13' title='bbox 207 557 402 621; x_wconf 85' lang='lat' dir='ltr'><strong>advocatam</strong></span> <span class='ocrx_word' id='word_1_14' title='bbox 435 558 666 622; x_wconf 80' lang='lat' dir='ltr'><strong>iracundiam:</strong></span> <span class='ocrx_word' id='word_1_15' title='bbox 704 561 785 622; x_wconf 78' lang='lat' dir='ltr'><strong>eatis</strong></span> <span class='ocrx_word' id='word_1_16' title='bbox 813 569 864 621; x_wconf 89' lang='lat' dir='ltr'><strong>est</strong></span> <span class='ocrx_word' id='word_1_17' title='bbox 885 563 1061 635; x_wconf 86' lang='lat' dir='ltr'><strong>instructa,</strong></span> <span class='ocrx_word' id='word_1_18' title='bbox 1084 569 1214 645; x_wconf 84' lang='lat' dir='ltr'><strong>parata,</strong></span> <span class='ocrx_word' id='word_1_19' title='bbox 1237 569 1370 622; x_wconf 83' lang='lat' dir='ltr'><strong>armata</strong></span> 
     </span>
    </p>
   </div>
   <div class='ocr_carea' id='block_1_3' title="bbox 129 686 1402 1829">
    <p class='ocr_par' dir='ltr' id='par_1_3' title="bbox 207 686 1402 835">
     <span class='ocr_line' id='line_1_4' title="bbox 207 686 1364 768; baseline 0.003 -24"><span class='ocrx_word' id='word_1_20' title='bbox 207 690 288 746; x_wconf 87' lang='lat' dir='ltr'><strong>Idem</strong></span> <span class='ocrx_word' id='word_1_21' title='bbox 307 690 398 763; x_wconf 83' lang='lat' dir='ltr'><strong>[Epp.</strong></span> <span class='ocrx_word' id='word_1_22' title='bbox 418 693 442 744; x_wconf 89' lang='lat'><strong>1.</strong></span> <span class='ocrx_word' id='word_1_23' title='bbox 461 696 488 748; x_wconf 76' lang='grc'><strong>2.</strong></span> <span class='ocrx_word' id='word_1_24' title='bbox 509 694 578 760; x_wconf 79' lang='grc' dir='ltr'><strong>13]Ι</strong></span> <span class='ocrx_word' id='word_1_25' title='bbox 594 693 628 746; x_wconf 90' lang='lat' dir='ltr'><strong>de</strong></span> <span class='ocrx_word' id='word_1_26' title='bbox 647 693 860 768; x_wconf 80' lang='lat' dir='ltr'>Agamemnone</span> <span class='ocrx_word' id='word_1_27' title='bbox 880 701 909 746; x_wconf 89' lang='lat' dir='ltr'><strong>et</strong></span> <span class='ocrx_word' id='word_1_28' title='bbox 927 692 1044 746; x_wconf 79' lang='lat' dir='ltr'><strong>Achille</strong></span> <span class='ocrx_word' id='word_1_29' title='bbox 1061 693 1183 763; x_wconf 88' lang='lat' dir='ltr'><strong>loquens</strong></span> <span class='ocrx_word' id='word_1_30' title='bbox 1201 695 1256 747; x_wconf 88' lang='lat' dir='ltr'><strong>ait:</strong></span> <span class='ocrx_word' id='word_1_31' title='bbox 1298 737 1301 742; x_wconf 92' lang='lat'><strong>.</strong></span> <span class='ocrx_word' id='word_1_32' title='bbox 1361 686 1364 737; x_wconf 79' lang='grc' dir='ltr'>Ῐ</span> 
     </span>
     <span class='ocr_line' id='line_1_5' title="bbox 360 762 1402 835; baseline -0.003 -16"><span class='ocrx_word' id='word_1_33' title='bbox 360 767 454 835; x_wconf 43' lang='lat' dir='ltr'><strong>,Hunc</strong></span> <span class='ocrx_word' id='word_1_34' title='bbox 472 781 561 831; x_wconf 81' lang='lat' dir='ltr'><strong>amor,</strong></span> <span class='ocrx_word' id='word_1_35' title='bbox 580 763 627 817; x_wconf 86' lang='lat' dir='ltr'><strong>iro</strong></span> <span class='ocrx_word' id='word_1_36' title='bbox 645 767 755 834; x_wconf 79' lang='lat' dir='ltr'><strong>quidem</strong></span> <span class='ocrx_word' id='word_1_37' title='bbox 772 762 951 831; x_wconf 82' lang='lat' dir='ltr'><strong>communiter</strong></span> <span class='ocrx_word' id='word_1_38' title='bbox 969 766 1028 818; x_wconf 82' lang='lat' dir='ltr'><strong>urit</strong></span> <span class='ocrx_word' id='word_1_39' title='bbox 1045 765 1222 832; x_wconf 74' lang='lat' dir='ltr'><strong>atranrque.“</strong></span> <span class='ocrx_word' id='word_1_40' title='bbox 1400 826 1402 828; x_wconf 29' lang='lat'><strong>,</strong></span> 
     </span>
    </p>

    <p class='ocr_par' dir='ltr' id='par_1_4' title="bbox 172 834 1365 1050">
     <span class='ocr_line' id='line_1_6' title="bbox 206 834 1362 903; baseline -0.001 -17"><span class='ocrx_word' id='word_1_41' title='bbox 206 834 251 886; x_wconf 88' lang='lat' dir='ltr'><strong>Ad</strong></span> <span class='ocrx_word' id='word_1_42' title='bbox 274 847 405 890; x_wconf 90' lang='lat' dir='ltr'><strong>nostrum</strong></span> <span class='ocrx_word' id='word_1_43' title='bbox 431 837 544 890; x_wconf 85' lang='lat' dir='ltr'><strong>locum:</strong></span> <span class='ocrx_word' id='word_1_44' title='bbox 572 835 701 898; x_wconf 86' lang='lat' dir='ltr'><strong>„Seneca</strong></span> <span class='ocrx_word' id='word_1_45' title='bbox 724 837 757 888; x_wconf 82' lang='lat' dir='ltr'><strong>in&#39;</strong></span> <span class='ocrx_word' id='word_1_46' title='bbox 780 836 855 888; x_wconf 87' lang='lat' dir='ltr'><strong>hanc</strong></span> <span class='ocrx_word' id='word_1_47' title='bbox 880 834 1126 899; x_wconf 74' lang='lat' dir='ltr'><strong>sententiam&#39;[de</strong></span> <span class='ocrx_word' id='word_1_48' title='bbox 1154 835 1202 886; x_wconf 89' lang='lat' dir='ltr'><strong>Ira</strong></span> <span class='ocrx_word' id='word_1_49' title='bbox 1225 835 1265 886; x_wconf 88' lang='lat'><strong>11.</strong></span> <span class='ocrx_word' id='word_1_50' title='bbox 1290 836 1362 903; x_wconf 80' lang='lat'><strong>36.]:</strong></span> 
     </span>
     <span class='ocr_line' id='line_1_7' title="bbox 189 905 1365 974; baseline 0.003 -16"><span class='ocrx_word' id='word_1_51' title='bbox 189 906 326 966; x_wconf 73' lang='lat' dir='ltr'><strong>,Aiacem</strong></span> <span class='ocrx_word' id='word_1_52' title='bbox 344 910 374 962; x_wconf 86' lang='lat' dir='ltr'><strong>in</strong></span> <span class='ocrx_word' id='word_1_53' title='bbox 394 917 508 962; x_wconf 82' lang='lat' dir='ltr'><strong>monem</strong></span> <span class='ocrx_word' id='word_1_54' title='bbox 527 906 587 974; x_wconf 85' lang='lat' dir='ltr'><strong>egit</strong></span> <span class='ocrx_word' id='word_1_55' title='bbox 604 911 696 974; x_wconf 75' lang='lat' dir='ltr'><strong>furor,</strong></span> <span class='ocrx_word' id='word_1_56' title='bbox 718 907 749 959; x_wconf 85' lang='lat' dir='ltr'><strong>ia</strong></span> <span class='ocrx_word' id='word_1_57' title='bbox 767 909 893 973; x_wconf 76' lang='lat' dir='ltr'><strong>faronem</strong></span> <span class='ocrx_word' id='word_1_58' title='bbox 912 905 968 958; x_wconf 87' lang='lat' dir='ltr'><strong>ira.</strong></span> <span class='ocrx_word' id='word_1_59' title='bbox 1006 907 1080 957; x_wconf 91' lang='lat' dir='ltr'><strong>Nam</strong></span> <span class='ocrx_word' id='word_1_60' title='bbox 1100 924 1166 959; x_wconf 89' lang='lat' dir='ltr'><strong>cum</strong></span> <span class='ocrx_word' id='word_1_61' title='bbox 1189 908 1365 974; x_wconf 76' lang='lat' dir='ltr'><strong>rescivisset,</strong></span> 
     </span>
     <span class='ocr_line' id='line_1_8' title="bbox 172 975 1365 1050; baseline 0.002 -22"><span class='ocrx_word' id='word_1_62' title='bbox 172 977 175 982; x_wconf 79' lang='grc'><strong>’</strong></span> <span class='ocrx_word' id='word_1_63' title='bbox 206 994 279 1046; x_wconf 87' lang='lat' dir='ltr'><strong>quae</strong></span> <span class='ocrx_word' id='word_1_64' title='bbox 306 981 420 1033; x_wconf 76' lang='lat' dir='ltr'><strong>fecisset</strong></span> <span class='ocrx_word' id='word_1_65' title='bbox 444 998 498 1049; x_wconf 87' lang='lat' dir='ltr'><strong>per</strong></span> <span class='ocrx_word' id='word_1_66' title='bbox 524 979 673 1043; x_wconf 87' lang='lat' dir='ltr'><strong>insaniam,</strong></span> <span class='ocrx_word' id='word_1_67' title='bbox 700 978 832 1030; x_wconf 87' lang='lat' dir='ltr'><strong>incubuit</strong></span> <span class='ocrx_word' id='word_1_68' title='bbox 860 975 988 1050; x_wconf 84' lang='lat' dir='ltr'><strong>gladio.“</strong></span> <span class='ocrx_word' id='word_1_69' title='bbox 1015 976 1203 1030; x_wconf 85' lang='lat' dir='ltr'><strong>Bouhierius:</strong></span> <span class='ocrx_word' id='word_1_70' title='bbox 1242 979 1365 1041; x_wconf 83' lang='lat' dir='ltr'><strong>„Malim</strong></span> 
     </span>
    </p>

    <p class='ocr_par' dir='ltr' id='par_1_5' title="bbox 129 1044 1367 1829">
     <span class='ocr_line' id='line_1_9' title="bbox 153 1044 1367 1124; baseline 0 -23"><span class='ocrx_word' id='word_1_71' title='bbox 153 1103 156 1108; x_wconf 71' lang='grc'>,</span> <span class='ocrx_word' id='word_1_72' title='bbox 206 1049 339 1118; x_wconf 85' lang='lat' dir='ltr'><strong>equidem</strong></span> <span class='ocrx_word' id='word_1_73' title='bbox 350 1069 384 1103; x_wconf 83' lang='lat' dir='ltr'><strong>ex</strong></span> <span class='ocrx_word' id='word_1_74' title='bbox 394 1052 446 1105; x_wconf 82' lang='lat' dir='ltr'><strong>Ed.</strong></span> <span class='ocrx_word' id='word_1_75' title='bbox 461 1044 524 1103; x_wconf 84' lang='lat' dir='ltr'><strong>mea</strong></span> <span class='ocrx_word' id='word_1_76' title='bbox 542 1060 598 1103; x_wconf 90' lang='lat' dir='ltr'><strong>vet.</strong></span> <span class='ocrx_word' id='word_1_77' title='bbox 620 1052 733 1124; x_wconf 80' lang='lat' dir='ltr'><strong>legere:</strong></span> <span class='ocrx_word' id='word_1_78' title='bbox 753 1049 873 1102; x_wconf 83' lang='lat' dir='ltr'><strong>Nonne</strong></span> <span class='ocrx_word' id='word_1_79' title='bbox 890 1048 1006 1100; x_wconf 73' lang='lat' dir='ltr'><strong>Aiacem</strong></span> <span class='ocrx_word' id='word_1_80' title='bbox 1020 1048 1132 1117; x_wconf 81' lang='lat' dir='ltr'><strong>quidem</strong></span> <span class='ocrx_word' id='word_1_81' title='bbox 1143 1049 1367 1119; x_wconf 55' lang='lat' dir='ltr'><strong>-perdaaitffl</strong></span> 
     </span>
     <span class='ocr_line' id='line_1_10' title="bbox 138 1119 1365 1188; baseline 0.002 -18"><span class='ocrx_word' id='word_1_82' title='bbox 138 1119 140 1130; x_wconf 90' lang='lat'>&#39;</span> <span class='ocrx_word' id='word_1_83' title='bbox 204 1120 334 1174; x_wconf 76' lang='lat' dir='ltr'><strong>Nissen:</strong></span> <span class='ocrx_word' id='word_1_84' title='bbox 354 1123 461 1187; x_wconf 88' lang='lat' dir='ltr'><strong>„Plena</strong></span> <span class='ocrx_word' id='word_1_85' title='bbox 479 1122 620 1173; x_wconf 81' lang='lat' dir='ltr'><strong>sententia</strong></span> <span class='ocrx_word' id='word_1_86' title='bbox 639 1129 724 1174; x_wconf 87' lang='lat' dir='ltr'><strong>esset:</strong></span> <span class='ocrx_word' id='word_1_87' title='bbox 750 1120 794 1172; x_wconf 87' lang='lat' dir='ltr'><strong>De</strong></span> <span class='ocrx_word' id='word_1_88' title='bbox 810 1119 899 1172; x_wconf 80' lang='lat' dir='ltr'><strong>Aiace</strong></span> <span class='ocrx_word' id='word_1_89' title='bbox 917 1120 1024 1186; x_wconf 81' lang='lat' dir='ltr'><strong>quidem</strong></span> <span class='ocrx_word' id='word_1_90' title='bbox 1043 1136 1090 1172; x_wconf 87' lang='lat' dir='ltr'><strong>res</strong></span> <span class='ocrx_word' id='word_1_91' title='bbox 1113 1121 1292 1188; x_wconf 80' lang='lat' dir='ltr'><strong>inpromptu</strong></span> <span class='ocrx_word' id='word_1_92' title='bbox 1314 1128 1365 1173; x_wconf 84' lang='lat' dir='ltr'><strong>est.</strong></span> 
     </span>
     <span class='ocr_line' id='line_1_11' title="bbox 204 1189 1364 1264; baseline -0.002 -20"><span class='ocrx_word' id='word_1_93' title='bbox 204 1189 278 1244; x_wconf 86' lang='lat' dir='ltr'><strong>Nam</strong></span> <span class='ocrx_word' id='word_1_94' title='bbox 295 1210 356 1252; x_wconf 79' lang='lat' dir='ltr'><strong>eam</strong></span> <span class='ocrx_word' id='word_1_95' title='bbox 374 1193 420 1245; x_wconf 83' lang='lat' dir='ltr'><strong>ira</strong></span> <span class='ocrx_word' id='word_1_96' title='bbox 439 1202 492 1246; x_wconf 90' lang='lat' dir='ltr'><strong>cet.</strong></span> <span class='ocrx_word' id='word_1_97' title='bbox 531 1191 621 1257; x_wconf 83' lang='lat' dir='ltr'><strong>Quare</strong></span> <span class='ocrx_word' id='word_1_98' title='bbox 649 1209 707 1244; x_wconf 90' lang='lat' dir='ltr'><strong>non</strong></span> <span class='ocrx_word' id='word_1_99' title='bbox 730 1191 801 1242; x_wconf 89' lang='lat' dir='ltr'><strong>bene</strong></span> <span class='ocrx_word' id='word_1_100' title='bbox 827 1191 900 1242; x_wconf 90' lang='lat' dir='ltr'><strong>Buh.</strong></span> <span class='ocrx_word' id='word_1_101' title='bbox 914 1208 957 1259; x_wconf 25' lang='lat' dir='ltr'><strong>,ex</strong></span> <span class='ocrx_word' id='word_1_102' title='bbox 981 1191 1023 1255; x_wconf 88' lang='lat' dir='ltr'><strong>ed.</strong></span> <span class='ocrx_word' id='word_1_103' title='bbox 1051 1199 1110 1264; x_wconf 70' lang='lat' dir='ltr'><strong>vet.</strong></span> <span class='ocrx_word' id='word_1_104' title='bbox 1136 1190 1240 1242; x_wconf 80' lang='lat' dir='ltr'><strong>inaluit</strong></span> <span class='ocrx_word' id='word_1_105' title='bbox 1265 1207 1364 1244; x_wconf 90' lang='lat' dir='ltr'><strong>nonne.</strong></span> 
     </span>
     <span class='ocr_line' id='line_1_12' title="bbox 204 1261 1364 1347; baseline -0.001 -33"><span class='ocrx_word' id='word_1_106' title='bbox 204 1261 262 1314; x_wconf 88' lang='lat' dir='ltr'><strong>Sed</strong></span> <span class='ocrx_word' id='word_1_107' title='bbox 289 1265 460 1334; x_wconf 88' lang='lat' dir='ltr'><strong>frequenter</strong></span> <span class='ocrx_word' id='word_1_108' title='bbox 485 1263 665 1347; x_wconf 76' lang='lat' dir='ltr'><strong>negligentia</strong></span> <span class='ocrx_word' id='word_1_109' title='bbox 690 1261 828 1314; x_wconf 85' lang='lat' dir='ltr'><strong>sermonis</strong></span> <span class='ocrx_word' id='word_1_110' title='bbox 848 1261 1009 1330; x_wconf 88' lang='lat' dir='ltr'><strong>quotidiani</strong></span> <span class='ocrx_word' id='word_1_111' title='bbox 1032 1262 1142 1314; x_wconf 84' lang='lat' dir='ltr'><strong>factum</strong></span> <span class='ocrx_word' id='word_1_112' title='bbox 1167 1269 1219 1325; x_wconf 88' lang='lat' dir='ltr'><strong>est,</strong></span> <span class='ocrx_word' id='word_1_113' title='bbox 1238 1270 1283 1319; x_wconf 76' lang='lat' dir='ltr'><strong>‚ut</strong></span> <span class='ocrx_word' id='word_1_114' title='bbox 1306 1278 1364 1314; x_wconf 89' lang='lat' dir='ltr'><strong>non</strong></span> 
     </span>
     <span class='ocr_line' id='line_1_13' title="bbox 191 1330 1365 1402; baseline -0.002 -16"><span class='ocrx_word' id='word_1_115' title='bbox 191 1330 271 1386; x_wconf 58' lang='lat' dir='ltr'><strong>‘nam</strong></span> <span class='ocrx_word' id='word_1_116' title='bbox 288 1335 391 1402; x_wconf 84' lang='lat' dir='ltr'><strong>solum,</strong></span> <span class='ocrx_word' id='word_1_117' title='bbox 421 1335 469 1388; x_wconf 88' lang='lat' dir='ltr'><strong>sed</strong></span> <span class='ocrx_word' id='word_1_118' title='bbox 493 1335 566 1386; x_wconf 75' lang='lat' dir='ltr'><strong>aliae</strong></span> <span class='ocrx_word' id='word_1_119' title='bbox 585 1330 800 1387; x_wconf 85' lang='lat' dir='ltr'><strong>coniunctiones</strong></span> <span class='ocrx_word' id='word_1_120' title='bbox 825 1334 867 1384; x_wconf 90' lang='lat' dir='ltr'><strong>ita</strong></span> <span class='ocrx_word' id='word_1_121' title='bbox 885 1332 1100 1397; x_wconf 86' lang='lat' dir='ltr'><strong>adhiberentur,</strong></span> <span class='ocrx_word' id='word_1_122' title='bbox 1127 1340 1161 1384; x_wconf 91' lang='lat' dir='ltr'><strong>ut</strong></span> <span class='ocrx_word' id='word_1_123' title='bbox 1184 1331 1365 1385; x_wconf 86' lang='lat' dir='ltr'><strong>reticeretur</strong></span> 
     </span>
     <span class='ocr_line' id='line_1_14' title="bbox 203 1402 1363 1476; baseline -0.001 -20"><span class='ocrx_word' id='word_1_124' title='bbox 203 1405 243 1467; x_wconf 86' lang='lat' dir='ltr'><strong>id,</strong></span> <span class='ocrx_word' id='word_1_125' title='bbox 272 1406 348 1474; x_wconf 86' lang='lat' dir='ltr'><strong>quod</strong></span> <span class='ocrx_word' id='word_1_126' title='bbox 372 1406 596 1476; x_wconf 84' lang='lat' dir='ltr'><strong>explicationem</strong></span> <span class='ocrx_word' id='word_1_127' title='bbox 624 1422 639 1457; x_wconf 92' lang='lat' dir='ltr'><strong>e</strong></span> <span class='ocrx_word' id='word_1_128' title='bbox 663 1405 805 1457; x_wconf 83' lang='lat' dir='ltr'><strong>contextis</strong></span> <span class='ocrx_word' id='word_1_129' title='bbox 833 1404 951 1456; x_wconf 85' lang='lat' dir='ltr'><strong>facilem</strong></span> <span class='ocrx_word' id='word_1_130' title='bbox 977 1403 1106 1455; x_wconf 86' lang='lat' dir='ltr'><strong>haberet.</strong></span> <span class='ocrx_word' id='word_1_131' title='bbox 1148 1402 1184 1455; x_wconf 91' lang='lat' dir='ltr'><strong>ln</strong></span> <span class='ocrx_word' id='word_1_132' title='bbox 1213 1402 1262 1456; x_wconf 90' lang='lat' dir='ltr'><strong>his</strong></span> <span class='ocrx_word' id='word_1_133' title='bbox 1293 1404 1363 1474; x_wconf 83' lang='lat' dir='ltr'><strong>ipsis</strong></span> 
     </span>
     <span class='ocr_line' id='line_1_15' title="bbox 202 1473 1364 1529; baseline 0.001 -3"><span class='ocrx_word' id='word_1_134' title='bbox 202 1476 286 1528; x_wconf 90' lang='lat' dir='ltr'><strong>libris</strong></span> <span class='ocrx_word' id='word_1_135' title='bbox 305 1478 335 1529; x_wconf 90' lang='lat' dir='ltr'><strong>id</strong></span> <span class='ocrx_word' id='word_1_136' title='bbox 353 1478 432 1529; x_wconf 89' lang='lat' dir='ltr'><strong>circa</strong></span> <span class='ocrx_word' id='word_1_137' title='bbox 449 1493 512 1528; x_wconf 86' lang='lat' dir='ltr'><strong>nam</strong></span> <span class='ocrx_word' id='word_1_138' title='bbox 531 1475 710 1529; x_wconf 83' lang='lat' dir='ltr'><strong>observatum</strong></span> <span class='ocrx_word' id='word_1_139' title='bbox 729 1474 824 1528; x_wconf 87' lang='lat' dir='ltr'><strong>estad</strong></span> <span class='ocrx_word' id='word_1_140' title='bbox 842 1475 864 1526; x_wconf 87' lang='grc' dir='ltr'><strong>Ι.</strong></span> <span class='ocrx_word' id='word_1_141' title='bbox 884 1477 927 1529; x_wconf 73' lang='grc'><strong>36.</strong></span> <span class='ocrx_word' id='word_1_142' title='bbox 948 1476 1007 1529; x_wconf 67' lang='grc' dir='ltr'><strong>65ι’</strong></span> <span class='ocrx_word' id='word_1_143' title='bbox 1029 1473 1104 1526; x_wconf 87' lang='lat' dir='ltr'><strong>Nam</strong></span> <span class='ocrx_word' id='word_1_144' title='bbox 1129 1479 1159 1526; x_wconf 82' lang='lat' dir='ltr'><strong>at</strong></span> <span class='ocrx_word' id='word_1_145' title='bbox 1183 1475 1238 1527; x_wconf 86' lang='lat' dir='ltr'><strong>illa</strong></span> <span class='ocrx_word' id='word_1_146' title='bbox 1259 1482 1364 1527; x_wconf 82' lang='lat' dir='ltr'><strong>natura</strong></span> 
     </span>
     <span class='ocr_line' id='line_1_16' title="bbox 129 1541 1365 1613; baseline -0.002 -15"><span class='ocrx_word' id='word_1_147' title='bbox 129 1551 133 1556; x_wconf 72' lang='grc'>’</span> <span class='ocrx_word' id='word_1_148' title='bbox 205 1547 333 1600; x_wconf 75' lang='lat' dir='ltr'><strong>caelestis</strong></span> <span class='ocrx_word' id='word_1_149' title='bbox 352 1554 379 1601; x_wconf 90' lang='lat' dir='ltr'><strong>et</strong></span> <span class='ocrx_word' id='word_1_150' title='bbox 398 1555 475 1601; x_wconf 87' lang='lat' dir='ltr'><strong>terra</strong></span> <span class='ocrx_word' id='word_1_151' title='bbox 493 1553 573 1600; x_wconf 82' lang='lat' dir='ltr'><strong>vocat</strong></span> <span class='ocrx_word' id='word_1_152' title='bbox 591 1554 618 1600; x_wconf 92' lang='lat' dir='ltr'><strong>et</strong></span> <span class='ocrx_word' id='word_1_153' title='bbox 635 1544 761 1600; x_wconf 72' lang='lat' dir='ltr'><strong>iuniore:</strong></span> <span class='ocrx_word' id='word_1_154' title='bbox 779 1547 822 1599; x_wconf 87' lang='lat' dir='ltr'><strong>sic</strong></span> <span class='ocrx_word' id='word_1_155' title='bbox 839 1545 987 1613; x_wconf 78' lang='lat' dir='ltr'><strong>utriztsqne</strong></span> <span class='ocrx_word' id='word_1_156' title='bbox 1005 1541 1104 1597; x_wconf 74' lang='lat' dir='ltr'><strong>harum</strong></span> <span class='ocrx_word' id='word_1_157' title='bbox 1121 1559 1212 1598; x_wconf 83' lang='lat' dir='ltr'><strong>rerum</strong></span> <span class='ocrx_word' id='word_1_158' title='bbox 1229 1545 1365 1600; x_wconf 72' lang='lat' dir='ltr'><strong>hamanus</strong></span> 
     </span>
     <span class='ocr_line' id='line_1_17' title="bbox 204 1616 1364 1688; baseline -0.003 -16"><span class='ocrx_word' id='word_1_159' title='bbox 204 1621 315 1672; x_wconf 80' lang='lat' dir='ltr'><strong>animas</strong></span> <span class='ocrx_word' id='word_1_160' title='bbox 334 1625 375 1671; x_wconf 89' lang='lat' dir='ltr'><strong>est</strong></span> <span class='ocrx_word' id='word_1_161' title='bbox 394 1635 508 1688; x_wconf 78' lang='lat' dir='ltr'><strong>eapers3</strong></span> <span class='ocrx_word' id='word_1_162' title='bbox 527 1618 672 1688; x_wconf 84' lang='lat' dir='ltr'><strong>inquibus</strong></span> <span class='ocrx_word' id='word_1_163' title='bbox 690 1635 755 1670; x_wconf 87' lang='lat' dir='ltr'><strong>nam</strong></span> <span class='ocrx_word' id='word_1_164' title='bbox 772 1617 901 1687; x_wconf 86' lang='lat' dir='ltr'><strong>pertinet</strong></span> <span class='ocrx_word' id='word_1_165' title='bbox 919 1617 960 1668; x_wconf 64' lang='lat' dir='ltr'><strong>ad‘</strong></span> <span class='ocrx_word' id='word_1_166' title='bbox 972 1616 1087 1669; x_wconf 89' lang='lat' dir='ltr'><strong>omissa:</strong></span> <span class='ocrx_word' id='word_1_167' title='bbox 1107 1633 1161 1668; x_wconf 91' lang='lat' dir='ltr'><strong>nec</strong></span> <span class='ocrx_word' id='word_1_168' title='bbox 1172 1633 1242 1669; x_wconf 86' lang='lat' dir='ltr'><strong>vero</strong></span> <span class='ocrx_word' id='word_1_169' title='bbox 1255 1626 1269 1670; x_wconf 88' lang='lat' dir='ltr'><strong>e</strong></span> <span class='ocrx_word' id='word_1_170' title='bbox 1283 1626 1364 1670; x_wconf 90' lang='lat' dir='ltr'><strong>terra</strong></span> 
     </span>
     <span class='ocr_line' id='line_1_18' title="bbox 203 1687 1362 1758; baseline -0.001 -17"><span class='ocrx_word' id='word_1_171' title='bbox 203 1690 253 1741; x_wconf 89' lang='lat' dir='ltr'><strong>vel</strong></span> <span class='ocrx_word' id='word_1_172' title='bbox 272 1690 448 1742; x_wconf 82' lang='lat' dir='ltr'><strong>exhumare</strong></span> <span class='ocrx_word' id='word_1_173' title='bbox 467 1691 578 1743; x_wconf 88' lang='lat' dir='ltr'><strong>animus</strong></span> <span class='ocrx_word' id='word_1_174' title='bbox 598 1697 647 1741; x_wconf 87' lang='lat' dir='ltr'><strong>est.</strong></span> <span class='ocrx_word' id='word_1_175' title='bbox 667 1691 725 1743; x_wconf 72' lang='lat' dir='ltr'><strong>to.</strong></span> <span class='ocrx_word' id='word_1_176' title='bbox 737 1693 784 1744; x_wconf 91' lang='lat'><strong>11:</strong></span> <span class='ocrx_word' id='word_1_177' title='bbox 806 1687 875 1743; x_wconf 84' lang='lat' dir='ltr'><strong>Quis</strong></span> <span class='ocrx_word' id='word_1_178' title='bbox 893 1687 965 1740; x_wconf 86' lang='lat' dir='ltr'><strong>enim</strong></span> <span class='ocrx_word' id='word_1_179' title='bbox 983 1703 1038 1739; x_wconf 87' lang='lat' dir='ltr'><strong>non</strong></span> <span class='ocrx_word' id='word_1_180' title='bbox 1055 1687 1235 1758; x_wconf 69' lang='lat' dir='ltr'><strong>iaeinsmodi</strong></span> <span class='ocrx_word' id='word_1_181' title='bbox 1252 1689 1362 1740; x_wconf 77' lang='lat' dir='ltr'><strong>cansa?</strong></span> 
     </span>
     <span class='ocr_line' id='line_1_19' title="bbox 202 1754 1365 1829; baseline 0.003 -19"><span class='ocrx_word' id='word_1_182' title='bbox 202 1760 253 1811; x_wconf 86' lang='lat' dir='ltr'><strong>ubi</strong></span> <span class='ocrx_word' id='word_1_183' title='bbox 271 1779 299 1812; x_wconf 87' lang='lat' dir='ltr'><strong>v.</strong></span> <span class='ocrx_word' id='word_1_184' title='bbox 319 1761 390 1813; x_wconf 87' lang='lat' dir='ltr'><strong>Ern.</strong></span> <span class='ocrx_word' id='word_1_185' title='bbox 411 1761 434 1824; x_wconf 86' lang='grc' dir='ltr'><strong>Ι,</strong></span> <span class='ocrx_word' id='word_1_186' title='bbox 454 1765 497 1817; x_wconf 83' lang='grc'><strong>31.</strong></span> <span class='ocrx_word' id='word_1_187' title='bbox 517 1765 579 1817; x_wconf 77' lang='grc' dir='ltr'><strong>76ε’</strong></span> <span class='ocrx_word' id='word_1_188' title='bbox 596 1759 670 1816; x_wconf 82' lang='lat' dir='ltr'><strong>Quid</strong></span> <span class='ocrx_word' id='word_1_189' title='bbox 686 1759 797 1828; x_wconf 74' lang='lat' dir='ltr'><strong>refert?</strong></span> <span class='ocrx_word' id='word_1_190' title='bbox 827 1759 940 1812; x_wconf 78' lang='lat' dir='ltr'><strong>Adsunt</strong></span> <span class='ocrx_word' id='word_1_191' title='bbox 958 1758 1041 1822; x_wconf 85' lang='lat' dir='ltr'><strong>enim,</strong></span> <span class='ocrx_word' id='word_1_192' title='bbox 1066 1754 1115 1829; x_wconf 74' lang='lat' dir='ltr'><strong>pai</strong></span> <span class='ocrx_word' id='word_1_193' title='bbox 1138 1756 1205 1811; x_wconf 77' lang='lat' dir='ltr'><strong>daec</strong></span> <span class='ocrx_word' id='word_1_194' title='bbox 1225 1776 1280 1820; x_wconf 83' lang='lat' dir='ltr'><strong>non</strong></span> <span class='ocrx_word' id='word_1_195' title='bbox 1296 1775 1365 1828; x_wconf 84' lang='lat' dir='ltr'><strong>pro·</strong></span> 
     </span>
    </p>
   </div>
   <div class='ocr_carea' id='block_1_4' title="bbox 124 1829 1365 1898">
    <p class='ocr_par' dir='ltr' id='par_1_6' title="bbox 124 1829 1365 1898">
     <span class='ocr_line' id='line_1_20' title="bbox 124 1829 1365 1898; baseline -0.001 -14"><span class='ocrx_word' id='word_1_196' title='bbox 124 1851 126 1855; x_wconf 94' lang='lat'>·</span> <span class='ocrx_word' id='word_1_197' title='bbox 203 1831 380 1887; x_wconf 77' lang='lat' dir='ltr'><strong>bent.1.32.</strong></span> <span class='ocrx_word' id='word_1_198' title='bbox 402 1835 450 1886; x_wconf 83' lang='lat'><strong>78:</strong></span> <span class='ocrx_word' id='word_1_199' title='bbox 487 1833 521 1885; x_wconf 89' lang='lat' dir='ltr'><strong>In</strong></span> <span class='ocrx_word' id='word_1_200' title='bbox 539 1830 595 1884; x_wconf 76' lang='lat' dir='ltr'><strong>&#39;liis</strong></span> <span class='ocrx_word' id='word_1_201' title='bbox 619 1837 661 1884; x_wconf 82' lang='lat' dir='ltr'><strong>est</strong></span> <span class='ocrx_word' id='word_1_202' title='bbox 680 1831 756 1883; x_wconf 86' lang='lat' dir='ltr'><strong>enim</strong></span> <span class='ocrx_word' id='word_1_203' title='bbox 780 1829 881 1898; x_wconf 83' lang='lat' dir='ltr'><strong>aliqua</strong></span> <span class='ocrx_word' id='word_1_204' title='bbox 899 1830 1062 1884; x_wconf 79' lang='lat' dir='ltr'><strong>obscuritas.</strong></span> <span class='ocrx_word' id='word_1_205' title='bbox 1090 1830 1113 1884; x_wconf 91' lang='lat'><strong>1.</strong></span> <span class='ocrx_word' id='word_1_206' title='bbox 1134 1833 1260 1897; x_wconf 56' lang='lat' dir='ltr'><strong>saeta</strong></span> <span class='ocrx_word' id='word_1_207' title='bbox 1286 1831 1365 1883; x_wconf 79' lang='lat' dir='ltr'><strong>Car?</strong></span> 
     </span>
    </p>
   </div>
   <div class='ocr_carea' id='block_1_5' title="bbox 148 1886 1365 2042">
    <p class='ocr_par' dir='ltr' id='par_1_7' title="bbox 148 1886 1365 2042">
     <span class='ocr_line' id='line_1_21' title="bbox 203 1886 1365 1969; baseline -0.001 -15"><span class='ocrx_word' id='word_1_208' title='bbox 203 1886 287 1965; x_wconf 77' lang='lat' dir='ltr'><strong>Nam,</strong></span> <span class='ocrx_word' id='word_1_209' title='bbox 307 1915 383 1966; x_wconf 87' lang='lat' dir='ltr'><strong>reor,</strong></span> <span class='ocrx_word' id='word_1_210' title='bbox 401 1904 496 1968; x_wconf 84' lang='lat' dir='ltr'><strong>nattis,</strong></span> <span class='ocrx_word' id='word_1_211' title='bbox 520 1900 548 1954; x_wconf 82' lang='lat' dir='ltr'><strong>si</strong></span> <span class='ocrx_word' id='word_1_212' title='bbox 564 1902 623 1955; x_wconf 84' lang='lat' dir='ltr'><strong>cita</strong></span> <span class='ocrx_word' id='word_1_213' title='bbox 642 1902 755 1968; x_wconf 84' lang='lat' dir='ltr'><strong>longior</strong></span> <span class='ocrx_word' id='word_1_214' title='bbox 774 1902 900 1967; x_wconf 81' lang='lat' dir='ltr'><strong>daretur,</strong></span> <span class='ocrx_word' id='word_1_215' title='bbox 923 1907 1018 1969; x_wconf 81' lang='lat' dir='ltr'><strong>posset</strong></span> <span class='ocrx_word' id='word_1_216' title='bbox 1035 1916 1094 1953; x_wconf 83' lang='lat' dir='ltr'><strong>esse</strong></span> <span class='ocrx_word' id='word_1_217' title='bbox 1106 1894 1268 1955; x_wconf 73' lang='lat' dir='ltr'><strong>&#39;incaredmm</strong></span> <span class='ocrx_word' id='word_1_218' title='bbox 1306 1902 1365 1956; x_wconf 92' lang='lat' dir='ltr'><strong>Ubi</strong></span> 
     </span>
     <span class='ocr_line' id='line_1_22' title="bbox 148 1972 1364 2042; baseline 0.001 -17"><span class='ocrx_word' id='word_1_219' title='bbox 148 1974 155 1988; x_wconf 85' lang='lat'><strong><em>‘</em></strong></span> <span class='ocrx_word' id='word_1_220' title='bbox 203 1974 236 2026; x_wconf 91' lang='lat' dir='ltr'><strong>in</strong></span> <span class='ocrx_word' id='word_1_221' title='bbox 254 1991 304 2026; x_wconf 88' lang='lat' dir='ltr'><strong>cnr</strong></span> <span class='ocrx_word' id='word_1_222' title='bbox 320 1974 407 2027; x_wconf 86' lang='lat' dir='ltr'><strong>latet:</strong></span> <span class='ocrx_word' id='word_1_223' title='bbox 436 1975 540 2028; x_wconf 88' lang='lat' dir='ltr'><strong>misera</strong></span> <span class='ocrx_word' id='word_1_224' title='bbox 567 1975 662 2042; x_wconf 87' lang='lat' dir='ltr'><strong>potius</strong></span> <span class='ocrx_word' id='word_1_225' title='bbox 681 1989 781 2026; x_wconf 90' lang='lat' dir='ltr'><strong>eorum</strong></span> <span class='ocrx_word' id='word_1_226' title='bbox 798 1974 917 2024; x_wconf 86' lang='lat' dir='ltr'><strong>videtur</strong></span> <span class='ocrx_word' id='word_1_227' title='bbox 935 1973 1060 2037; x_wconf 84' lang='lat' dir='ltr'><strong>fortuna,</strong></span> <span class='ocrx_word' id='word_1_228' title='bbox 1085 1972 1135 2042; x_wconf 85' lang='lat' dir='ltr'><strong>qui</strong></span> <span class='ocrx_word' id='word_1_229' title='bbox 1154 1982 1250 2025; x_wconf 80' lang='lat' dir='ltr'><strong>exacta</strong></span> <span class='ocrx_word' id='word_1_230' title='bbox 1269 1982 1364 2027; x_wconf 86' lang='lat' dir='ltr'><strong>aetate</strong></span> 
     </span>
    </p>
   </div>
   <div class='ocr_carea' id='block_1_6' title="bbox 108 2041 1361 2110">
    <p class='ocr_par' dir='ltr' id='par_1_8' title="bbox 108 2041 1361 2110">
     <span class='ocr_line' id='line_1_23' title="bbox 108 2041 1361 2110; baseline 0 -14"><span class='ocrx_word' id='word_1_231' title='bbox 108 2056 115 2065; x_wconf 78' lang='grc'><strong><em>’</em></strong></span> <span class='ocrx_word' id='word_1_232' title='bbox 202 2046 379 2097; x_wconf 89' lang='lat' dir='ltr'><strong>moriuntur.</strong></span> <span class='ocrx_word' id='word_1_233' title='bbox 400 2043 453 2097; x_wconf 88' lang='lat'><strong>111.</strong></span> <span class='ocrx_word' id='word_1_234' title='bbox 475 2048 583 2101; x_wconf 79' lang='lat'><strong>15.-31:</strong></span> <span class='ocrx_word' id='word_1_235' title='bbox 613 2045 727 2097; x_wconf 82' lang='lat' dir='ltr'><strong>Hic&#39;est</strong></span> <span class='ocrx_word' id='word_1_236' title='bbox 745 2045 818 2097; x_wconf 85' lang='lat' dir='ltr'><strong>enim</strong></span> <span class='ocrx_word' id='word_1_237' title='bbox 836 2043 887 2097; x_wconf 85' lang='lat' dir='ltr'><strong>ille</strong></span> <span class='ocrx_word' id='word_1_238' title='bbox 905 2044 998 2110; x_wconf 74' lang='lat' dir='ltr'><strong>cultas</strong></span> <span class='ocrx_word' id='word_1_239' title='bbox 1015 2059 1123 2110; x_wconf 72' lang='lat' dir='ltr'><strong>seraper</strong></span> <span class='ocrx_word' id='word_1_240' title='bbox 1140 2041 1221 2096; x_wconf 86' lang='lat' dir='ltr'><strong>idem.</strong></span> <span class='ocrx_word' id='word_1_241' title='bbox 1245 2045 1293 2096; x_wconf 86' lang='lat' dir='ltr'><strong>1v.</strong></span> <span class='ocrx_word' id='word_1_242' title='bbox 1315 2044 1361 2098; x_wconf 85' lang='lat'><strong>33.</strong></span> 
     </span>
    </p>
   </div>
   <div class='ocr_carea' id='block_1_7' title="bbox 139 2112 1397 4532">
    <p class='ocr_par' dir='ltr' id='par_1_9' title="bbox 202 2112 1394 2810">
     <span class='ocr_line' id='line_1_24' title="bbox 204 2112 1361 2186; baseline -0.004 -15"><span class='ocrx_word' id='word_1_243' title='bbox 204 2119 253 2171; x_wconf 74' lang='lat'><strong>72:</strong></span> <span class='ocrx_word' id='word_1_244' title='bbox 273 2115 345 2167; x_wconf 87' lang='lat' dir='ltr'><strong>Nom</strong></span> <span class='ocrx_word' id='word_1_245' title='bbox 359 2117 545 2170; x_wconf 77' lang='lat' dir='ltr'><strong>Anacreontis</strong></span> <span class='ocrx_word' id='word_1_246' title='bbox 563 2117 672 2186; x_wconf 79' lang='lat' dir='ltr'><strong>quidem</strong></span> <span class='ocrx_word' id='word_1_247' title='bbox 691 2121 750 2167; x_wconf 86' lang='lat' dir='ltr'><strong>tota</strong></span> <span class='ocrx_word' id='word_1_248' title='bbox 767 2114 919 2182; x_wconf 71' lang='lat' dir='ltr'><strong>patrissat</strong></span> <span class='ocrx_word' id='word_1_249' title='bbox 938 2112 1098 2167; x_wconf 74' lang='lat' dir='ltr'><strong>amatoriae</strong></span> <span class='ocrx_word' id='word_1_250' title='bbox 1117 2113 1158 2180; x_wconf 87' lang='lat' dir='ltr'><strong>[et</strong></span> <span class='ocrx_word' id='word_1_251' title='bbox 1175 2113 1224 2165; x_wconf 88' lang='lat' dir='ltr'><strong>hlo</strong></span> <span class='ocrx_word' id='word_1_252' title='bbox 1242 2114 1361 2182; x_wconf 83' lang='lat' dir='ltr'><strong>quidem</strong></span> 
     </span>
     <span class='ocr_line' id='line_1_25' title="bbox 202 2181 1359 2261; baseline -0.003 -23"><span class='ocrx_word' id='word_1_253' title='bbox 202 2188 283 2240; x_wconf 86' lang='lat' dir='ltr'><strong>locus</strong></span> <span class='ocrx_word' id='word_1_254' title='bbox 301 2187 386 2256; x_wconf 90' lang='lat' dir='ltr'><strong>plane</strong></span> <span class='ocrx_word' id='word_1_255' title='bbox 406 2195 448 2240; x_wconf 85' lang='lat' dir='ltr'><strong>est</strong></span> <span class='ocrx_word' id='word_1_256' title='bbox 466 2185 597 2261; x_wconf 73' lang='lat' dir='ltr'><strong>geminus</strong></span> <span class='ocrx_word' id='word_1_257' title='bbox 615 2184 717 2250; x_wconf 86' lang='lat' dir='ltr'><strong>nostri]</strong></span> <span class='ocrx_word' id='word_1_258' title='bbox 738 2185 788 2236; x_wconf 88' lang='lat' dir='ltr'><strong>ubi</strong></span> <span class='ocrx_word' id='word_1_259' title='bbox 806 2184 1000 2260; x_wconf 76' lang='lat' dir='ltr'><strong>intelligitur:</strong></span> <span class='ocrx_word' id='word_1_260' title='bbox 1020 2193 1053 2238; x_wconf 87' lang='lat' dir='ltr'><strong>ut</strong></span> <span class='ocrx_word' id='word_1_261' title='bbox 1070 2192 1176 2237; x_wconf 81' lang='lat' dir='ltr'><strong>taceam</strong></span> <span class='ocrx_word' id='word_1_262' title='bbox 1193 2181 1359 2236; x_wconf 82' lang='lat' dir='ltr'><strong>Anacreon-</strong></span> 
     </span>
     <span class='ocr_line' id='line_1_26' title="bbox 202 2254 1359 2328; baseline -0.003 -19"><span class='ocrx_word' id='word_1_263' title='bbox 202 2264 272 2309; x_wconf 88' lang='lat' dir='ltr'><strong>tem.</strong></span> <span class='ocrx_word' id='word_1_264' title='bbox 310 2259 366 2312; x_wconf 88' lang='lat' dir='ltr'><strong>Sed</strong></span> <span class='ocrx_word' id='word_1_265' title='bbox 392 2259 572 2328; x_wconf 87' lang='lat' dir='ltr'><strong>reliquarum</strong></span> <span class='ocrx_word' id='word_1_266' title='bbox 596 2259 844 2322; x_wconf 89' lang='lat' dir='ltr'><strong>coniunctionum,</strong></span> <span class='ocrx_word' id='word_1_267' title='bbox 876 2274 945 2325; x_wconf 87' lang='lat' dir='ltr'><strong>quas</strong></span> <span class='ocrx_word' id='word_1_268' title='bbox 973 2257 1094 2309; x_wconf 79' lang='lat' dir='ltr'><strong>causales</strong></span> <span class='ocrx_word' id='word_1_269' title='bbox 1117 2254 1224 2318; x_wconf 85' lang='lat' dir='ltr'><strong>dicunt,</strong></span> <span class='ocrx_word' id='word_1_270' title='bbox 1257 2255 1359 2308; x_wconf 87' lang='lat' dir='ltr'><strong>eadem</strong></span> 
     </span>
     <span class='ocr_line' id='line_1_27' title="bbox 202 2324 1361 2398; baseline -0.002 -19"><span class='ocrx_word' id='word_1_271' title='bbox 202 2330 277 2381; x_wconf 86' lang='lat' dir='ltr'><strong>ratio</strong></span> <span class='ocrx_word' id='word_1_272' title='bbox 290 2337 348 2393; x_wconf 79' lang='lat' dir='ltr'><strong>est,</strong></span> <span class='ocrx_word' id='word_1_273' title='bbox 367 2346 429 2379; x_wconf 58' lang='grc' dir='ltr'><strong>ιο.</strong></span> <span class='ocrx_word' id='word_1_274' title='bbox 449 2329 528 2381; x_wconf 85' lang='lat' dir='ltr'><strong>vocis</strong></span> <span class='ocrx_word' id='word_1_275' title='bbox 548 2328 689 2398; x_wconf 54' lang='lat' dir='ltr'><strong>quoniame</strong></span> <span class='ocrx_word' id='word_1_276' title='bbox 705 2328 727 2380; x_wconf 93' lang='lat'><strong>1.</strong></span> <span class='ocrx_word' id='word_1_277' title='bbox 749 2330 775 2384; x_wconf 87' lang='lat'><strong>5.</strong></span> <span class='ocrx_word' id='word_1_278' title='bbox 797 2331 844 2384; x_wconf 83' lang='lat'><strong>18:</strong></span> <span class='ocrx_word' id='word_1_279' title='bbox 865 2328 1029 2394; x_wconf 83' lang='lat' dir='ltr'><strong>quoniam</strong></span> <span class='ocrx_word' id='word_1_280' title='bbox 1048 2326 1119 2398; x_wconf 80' lang='lat' dir='ltr'><strong>opud</strong></span> <span class='ocrx_word' id='word_1_281' title='bbox 1137 2324 1260 2397; x_wconf 80' lang='lat' dir='ltr'><strong>Graecos</strong></span> <span class='ocrx_word' id='word_1_282' title='bbox 1278 2326 1361 2378; x_wconf 85' lang='lat' dir='ltr'><strong>indi-</strong></span> 
     </span>
     <span class='ocr_line' id='line_1_28' title="bbox 202 2396 1363 2469; baseline -0.002 -19"><span class='ocrx_word' id='word_1_283' title='bbox 202 2414 249 2450; x_wconf 88' lang='lat' dir='ltr'><strong>ces</strong></span> <span class='ocrx_word' id='word_1_284' title='bbox 268 2415 314 2451; x_wconf 89' lang='lat' dir='ltr'><strong>res</strong></span> <span class='ocrx_word' id='word_1_285' title='bbox 333 2405 441 2466; x_wconf 76' lang='lat' dir='ltr'><strong>agetur.</strong></span> <span class='ocrx_word' id='word_1_286' title='bbox 462 2401 509 2452; x_wconf 78' lang='lat' dir='ltr'><strong>tv.</strong></span> <span class='ocrx_word' id='word_1_287' title='bbox 520 2405 564 2456; x_wconf 83' lang='lat'><strong>31.</strong></span> <span class='ocrx_word' id='word_1_288' title='bbox 575 2403 618 2457; x_wconf 84' lang='grc'><strong>66.</strong></span> <span class='ocrx_word' id='word_1_289' title='bbox 639 2401 744 2469; x_wconf 82' lang='lat' dir='ltr'><strong>quoni</strong></span> <span class='ocrx_word' id='word_1_290' title='bbox 750 2417 803 2453; x_wconf 90' lang='lat' dir='ltr'><strong>om</strong></span> <span class='ocrx_word' id='word_1_291' title='bbox 821 2398 937 2451; x_wconf 83' lang='lat' dir='ltr'><strong>docendi</strong></span> <span class='ocrx_word' id='word_1_292' title='bbox 956 2414 1041 2453; x_wconf 86' lang='lat' dir='ltr'><strong>cansa</strong></span> <span class='ocrx_word' id='word_1_293' title='bbox 1060 2397 1199 2466; x_wconf 83' lang='lat' dir='ltr'><strong>a&#39;gandio</strong></span> <span class='ocrx_word' id='word_1_294' title='bbox 1218 2396 1363 2449; x_wconf 81' lang='lat' dir='ltr'><strong>laetitiam</strong></span> 
     </span>
     <span class='ocr_line' id='line_1_29' title="bbox 203 2466 1364 2536; baseline -0.003 -15"><span class='ocrx_word' id='word_1_295' title='bbox 203 2468 431 2536; x_wconf 81' lang='lat' dir='ltr'><strong>distinguimus.&#39;</strong></span> <span class='ocrx_word' id='word_1_296' title='bbox 457 2473 574 2524; x_wconf 83' lang='lat' dir='ltr'><strong>Prorsus</strong></span> <span class='ocrx_word' id='word_1_297' title='bbox 598 2471 706 2522; x_wconf 86' lang='lat' dir='ltr'><strong>similis</strong></span> <span class='ocrx_word' id='word_1_298' title='bbox 719 2481 830 2524; x_wconf 89' lang='lat' dir='ltr'><strong>nostrae</strong></span> <span class='ocrx_word' id='word_1_299' title='bbox 850 2468 893 2534; x_wconf 90' lang='lat' dir='ltr'><strong>[et</strong></span> <span class='ocrx_word' id='word_1_300' title='bbox 911 2467 1048 2535; x_wconf 83' lang='lat' dir='ltr'><strong>Graecae]</strong></span> <span class='ocrx_word' id='word_1_301' title='bbox 1082 2470 1093 2529; x_wconf 59' lang='grc' dir='ltr'><strong>ἶ,</strong></span> <span class='ocrx_word' id='word_1_302' title='bbox 1132 2485 1183 2531; x_wconf 52' lang='grc' dir='ltr'><strong>,αθ</strong></span> <span class='ocrx_word' id='word_1_303' title='bbox 1202 2476 1245 2520; x_wconf 88' lang='lat' dir='ltr'><strong>est</strong></span> <span class='ocrx_word' id='word_1_304' title='bbox 1261 2466 1364 2519; x_wconf 86' lang='lat' dir='ltr'><strong>usus.“</strong></span> 
     </span>
     <span class='ocr_line' id='line_1_30' title="bbox 202 2537 1394 2610; baseline -0.001 -18"><span class='ocrx_word' id='word_1_305' title='bbox 202 2540 277 2593; x_wconf 84' lang='lat' dir='ltr'><strong>Male</strong></span> <span class='ocrx_word' id='word_1_306' title='bbox 295 2541 414 2607; x_wconf 82' lang='lat' dir='ltr'><strong>Billerb.</strong></span> <span class='ocrx_word' id='word_1_307' title='bbox 432 2542 568 2610; x_wconf 88' lang='lat' dir='ltr'><strong>explicat:</strong></span> <span class='ocrx_word' id='word_1_308' title='bbox 594 2559 658 2608; x_wconf 88' lang='lat' dir='ltr'><strong>nam</strong></span> <span class='ocrx_word' id='word_1_309' title='bbox 677 2541 747 2609; x_wconf 82' lang='lat' dir='ltr'><strong>quid</strong></span> <span class='ocrx_word' id='word_1_310' title='bbox 764 2547 1048 2610; x_wconf 64' lang='lat' dir='ltr'><strong>argumentamur-</strong></span> <span class='ocrx_word' id='word_1_311' title='bbox 1071 2539 1172 2593; x_wconf 85' lang='lat' dir='ltr'><strong>llleius</strong></span> <span class='ocrx_word' id='word_1_312' title='bbox 1190 2537 1361 2592; x_wconf 82' lang='lat' dir='ltr'><strong>Kiihnerus:</strong></span> <span class='ocrx_word' id='word_1_313' title='bbox 1391 2560 1394 2570; x_wconf 73' lang='lat'><strong><em>¹</em></strong></span> 
     </span>
     <span class='ocr_line' id='line_1_31' title="bbox 203 2610 1362 2679; baseline 0.003 -17"><span class='ocrx_word' id='word_1_314' title='bbox 203 2611 266 2677; x_wconf 92' lang='lat' dir='ltr'><strong>„De</strong></span> <span class='ocrx_word' id='word_1_315' title='bbox 274 2611 369 2665; x_wconf 89' lang='lat' dir='ltr'><strong>Aiacis</strong></span> <span class='ocrx_word' id='word_1_316' title='bbox 383 2613 425 2664; x_wconf 90' lang='lat' dir='ltr'><strong>ira</strong></span> <span class='ocrx_word' id='word_1_317' title='bbox 439 2612 517 2665; x_wconf 88' lang='lat' dir='ltr'><strong>nihil</strong></span> <span class='ocrx_word' id='word_1_318' title='bbox 527 2613 628 2665; x_wconf 85' lang='lat' dir='ltr'><strong>dicam.</strong></span> <span class='ocrx_word' id='word_1_319' title='bbox 650 2612 739 2679; x_wconf 83' lang='lat' dir='ltr'><strong>Quam</strong></span> <span class='ocrx_word' id='word_1_320' title='bbox 749 2614 831 2666; x_wconf 90' lang='lat' dir='ltr'><strong>foeda</strong></span> <span class='ocrx_word' id='word_1_321' title='bbox 849 2612 902 2663; x_wconf 90' lang='lat' dir='ltr'><strong>illa</strong></span> <span class='ocrx_word' id='word_1_322' title='bbox 910 2612 1011 2676; x_wconf 86' lang='lat' dir='ltr'><strong>fuerit,</strong></span> <span class='ocrx_word' id='word_1_323' title='bbox 1030 2619 1141 2665; x_wconf 84' lang='lat' dir='ltr'><strong>constat</strong></span> <span class='ocrx_word' id='word_1_324' title='bbox 1160 2610 1362 2665; x_wconf 82' lang='lat' dir='ltr'><strong>interamnes:</strong></span> 
     </span>
     <span class='ocr_line' id='line_1_32' title="bbox 203 2680 1361 2758; baseline -0.001 -24"><span class='ocrx_word' id='word_1_325' title='bbox 203 2700 270 2734; x_wconf 88' lang='lat' dir='ltr'><strong>nam</strong></span> <span class='ocrx_word' id='word_1_326' title='bbox 295 2684 339 2735; x_wconf 89' lang='lat' dir='ltr'><strong>ira</strong></span> <span class='ocrx_word' id='word_1_327' title='bbox 359 2697 432 2740; x_wconf 78' lang='lat' dir='ltr'><strong>&#39;eum</strong></span> <span class='ocrx_word' id='word_1_328' title='bbox 460 2684 494 2737; x_wconf 89' lang='lat' dir='ltr'><strong>ad</strong></span> <span class='ocrx_word' id='word_1_329' title='bbox 521 2685 651 2736; x_wconf 83' lang='lat' dir='ltr'><strong>furorem</strong></span> <span class='ocrx_word' id='word_1_330' title='bbox 673 2692 854 2754; x_wconf 84' lang='lat' dir='ltr'><strong>mortemque</strong></span> <span class='ocrx_word' id='word_1_331' title='bbox 877 2681 1161 2758; x_wconf 36' lang='lat' dir='ltr'><strong>perduxitfi‘conf.</strong></span> <span class='ocrx_word' id='word_1_332' title='bbox 1188 2680 1286 2751; x_wconf 83' lang='lat' dir='ltr'><strong>Odyss.</strong></span> <span class='ocrx_word' id='word_1_333' title='bbox 1311 2681 1361 2749; x_wconf 78' lang='lat' dir='ltr'><strong>XI,</strong></span> 
     </span>
     <span class='ocr_line' id='line_1_33' title="bbox 203 2755 802 2810; baseline -0.007 0"><span class='ocrx_word' id='word_1_334' title='bbox 203 2757 265 2810; x_wconf 78' lang='lat'><strong>542.</strong></span> <span class='ocrx_word' id='word_1_335' title='bbox 285 2758 346 2809; x_wconf 83' lang='lat'><strong>563.</strong></span> <span class='ocrx_word' id='word_1_336' title='bbox 384 2755 443 2810; x_wconf 91' lang='lat' dir='ltr'><strong>Mr.</strong></span> <span class='ocrx_word' id='word_1_337' title='bbox 489 2781 490 2784; x_wconf 37' lang='lat'>¹</span> <span class='ocrx_word' id='word_1_338' title='bbox 799 2764 802 2772; x_wconf 82' lang='lat'><em>&#39;</em></span> 
     </span>
    </p>

    <p class='ocr_par' dir='ltr' id='par_1_10' title="bbox 201 2812 1397 3304">
     <span class='ocr_line' id='line_1_34' title="bbox 211 2812 1362 2895; baseline -0.001 -19"><span class='ocrx_word' id='word_1_339' title='bbox 211 2819 215 2830; x_wconf 92' lang='lat'>&#39;</span> <span class='ocrx_word' id='word_1_340' title='bbox 274 2825 343 2890; x_wconf 83' lang='lat' dir='ltr'><strong>Nam</strong></span> <span class='ocrx_word' id='word_1_341' title='bbox 361 2825 472 2878; x_wconf 83' lang='lat' dir='ltr'><strong>Aiacem</strong></span> <span class='ocrx_word' id='word_1_342' title='bbox 492 2818 598 2895; x_wconf 84' lang='lat' dir='ltr'><strong>quidem</strong></span> <span class='ocrx_word' id='word_1_343' title='bbox 619 2825 674 2892; x_wconf 91' lang='lat'><strong>-]</strong></span> <span class='ocrx_word' id='word_1_344' title='bbox 702 2812 772 2878; x_wconf 60' lang='lat' dir='ltr'><strong>&#39;Duo</strong></span> <span class='ocrx_word' id='word_1_345' title='bbox 792 2826 863 2881; x_wconf 82' lang='lat' dir='ltr'><strong>Oxx.</strong></span> <span class='ocrx_word' id='word_1_346' title='bbox 884 2818 925 2878; x_wconf 61' lang='lat' dir='ltr'><strong>ne*</strong></span> <span class='ocrx_word' id='word_1_347' title='bbox 941 2823 1050 2878; x_wconf 81' lang='lat' dir='ltr'><strong>Aiacem</strong></span> <span class='ocrx_word' id='word_1_348' title='bbox 1069 2824 1183 2894; x_wconf 78' lang='lat' dir='ltr'><strong>quidem,</strong></span> <span class='ocrx_word' id='word_1_349' title='bbox 1208 2823 1362 2876; x_wconf 84' lang='lat' dir='ltr'><strong>aliusnon</strong></span> 
     </span>
     <span class='ocr_line' id='line_1_35' title="bbox 204 2893 1397 2970; baseline 0 -24"><span class='ocrx_word' id='word_1_350' title='bbox 204 2893 319 2947; x_wconf 80' lang='lat' dir='ltr'><strong>Aiacem</strong></span> <span class='ocrx_word' id='word_1_351' title='bbox 338 2897 423 2964; x_wconf 82' lang='lat' dir='ltr'><strong>qnid</strong></span> <span class='ocrx_word' id='word_1_352' title='bbox 441 2896 454 2949; x_wconf 86' lang='lat' dir='ltr'><strong>i</strong></span> <span class='ocrx_word' id='word_1_353' title='bbox 460 2912 537 2948; x_wconf 88' lang='lat' dir='ltr'><strong>ram.</strong></span> <span class='ocrx_word' id='word_1_354' title='bbox 557 2895 630 2970; x_wconf 78' lang='lat' dir='ltr'><strong>Aug.</strong></span> <span class='ocrx_word' id='word_1_355' title='bbox 653 2913 765 2950; x_wconf 86' lang='lat' dir='ltr'><strong>nonne</strong></span> <span class='ocrx_word' id='word_1_356' title='bbox 784 2897 888 2949; x_wconf 89' lang='lat' dir='ltr'><strong>atiem</strong></span> <span class='ocrx_word' id='word_1_357' title='bbox 907 2895 1020 2964; x_wconf 79' lang='lat' dir='ltr'><strong>quidem.</strong></span> <span class='ocrx_word' id='word_1_358' title='bbox 1040 2896 1124 2948; x_wconf 90' lang='lat' dir='ltr'><strong>Vind.</strong></span> <span class='ocrx_word' id='word_1_359' title='bbox 1139 2900 1161 2951; x_wconf 91' lang='lat' dir='ltr'><strong>l.</strong></span> <span class='ocrx_word' id='word_1_360' title='bbox 1180 2901 1214 2946; x_wconf 89' lang='lat' dir='ltr'><strong>ut</strong></span> <span class='ocrx_word' id='word_1_361' title='bbox 1232 2896 1285 2947; x_wconf 84' lang='lat' dir='ltr'><strong>Ed.</strong></span> <span class='ocrx_word' id='word_1_362' title='bbox 1299 2895 1360 2946; x_wconf 86' lang='lat' dir='ltr'><strong>Vet.</strong></span> <span class='ocrx_word' id='word_1_363' title='bbox 1394 2936 1397 2940; x_wconf 68' lang='grc'><strong><em>,</em></strong></span> 
     </span>
     <span class='ocr_line' id='line_1_36' title="bbox 201 2960 1361 3038; baseline -0.001 -20"><span class='ocrx_word' id='word_1_364' title='bbox 201 2965 304 3036; x_wconf 88' lang='lat' dir='ltr'><strong>Bouh.‚</strong></span> <span class='ocrx_word' id='word_1_365' title='bbox 335 2967 423 3035; x_wconf 84' lang='lat' dir='ltr'><strong>Marb.</strong></span> <span class='ocrx_word' id='word_1_366' title='bbox 449 2965 584 3033; x_wconf 74' lang='lat' dir='ltr'><strong>ayhncem.</strong></span> <span class='ocrx_word' id='word_1_367' title='bbox 622 2968 656 3019; x_wconf 88' lang='lat' dir='ltr'><strong>In</strong></span> <span class='ocrx_word' id='word_1_368' title='bbox 669 2986 753 3038; x_wconf 88' lang='lat' dir='ltr'><strong>seqq.</strong></span> <span class='ocrx_word' id='word_1_369' title='bbox 778 2967 849 3019; x_wconf 87' lang='lat' dir='ltr'><strong>Edd.</strong></span> <span class='ocrx_word' id='word_1_370' title='bbox 870 2969 899 3019; x_wconf 89' lang='lat' dir='ltr'><strong>P.</strong></span> <span class='ocrx_word' id='word_1_371' title='bbox 919 2967 952 3018; x_wconf 87' lang='lat' dir='ltr'><strong>A.</strong></span> <span class='ocrx_word' id='word_1_372' title='bbox 974 2960 1039 3018; x_wconf 82' lang='lat' dir='ltr'><strong>cum</strong></span> <span class='ocrx_word' id='word_1_373' title='bbox 1059 2966 1125 3019; x_wconf 90' lang='lat' dir='ltr'><strong>Cod.</strong></span> <span class='ocrx_word' id='word_1_374' title='bbox 1143 2965 1233 3019; x_wconf 71' lang='lat' dir='ltr'><strong>noha:</strong></span> <span class='ocrx_word' id='word_1_375' title='bbox 1253 2965 1361 3018; x_wconf 88' lang='lat' dir='ltr'><strong>habent</strong></span> 
     </span>
     <span class='ocr_line' id='line_1_37' title="bbox 202 3034 1361 3105; baseline -0.001 -18"><span class='ocrx_word' id='word_1_376' title='bbox 202 3052 258 3089; x_wconf 85' lang='lat' dir='ltr'><strong>noa</strong></span> <span class='ocrx_word' id='word_1_377' title='bbox 277 3035 369 3103; x_wconf 78' lang='lat' dir='ltr'><strong>igitar</strong></span> <span class='ocrx_word' id='word_1_378' title='bbox 393 3039 529 3104; x_wconf 26' lang='lat' dir='ltr'><strong>quidem·</strong></span> <span class='ocrx_word' id='word_1_379' title='bbox 546 3039 700 3105; x_wconf 80' lang='lat' dir='ltr'><strong>desiderat,</strong></span> <span class='ocrx_word' id='word_1_380' title='bbox 729 3038 925 3090; x_wconf 86' lang='lat' dir='ltr'><strong>aberrantibus</strong></span> <span class='ocrx_word' id='word_1_381' title='bbox 950 3037 1142 3101; x_wconf 80' lang='lat' dir='ltr'><strong>librariorum</strong></span> <span class='ocrx_word' id='word_1_382' title='bbox 1159 3034 1307 3104; x_wconf 76' lang='lat' dir='ltr'><strong>oculis&#39;ad</strong></span> <span class='ocrx_word' id='word_1_383' title='bbox 1324 3036 1361 3087; x_wconf 88' lang='lat' dir='ltr'><strong>li-</strong></span> 
     </span>
     <span class='ocr_line' id='line_1_38' title="bbox 202 3099 1359 3182; baseline -0.001 -22"><span class='ocrx_word' id='word_1_384' title='bbox 202 3124 285 3160; x_wconf 89' lang='lat' dir='ltr'><strong>neam</strong></span> <span class='ocrx_word' id='word_1_385' title='bbox 308 3109 440 3178; x_wconf 81' lang='lat' dir='ltr'><strong>proxime</strong></span> <span class='ocrx_word' id='word_1_386' title='bbox 464 3099 686 3163; x_wconf 80' lang='lat' dir='ltr'><strong>antecedentem.</strong></span> <span class='ocrx_word' id='word_1_387' title='bbox 727 3112 792 3162; x_wconf 85' lang='lat' dir='ltr'><strong>Mox</strong></span> <span class='ocrx_word' id='word_1_388' title='bbox 810 3103 972 3182; x_wconf 80' lang='lat' dir='ltr'><strong>Cod&#39;Aug.</strong></span> <span class='ocrx_word' id='word_1_389' title='bbox 992 3115 1037 3161; x_wconf 85' lang='lat' dir='ltr'><strong>sat</strong></span> <span class='ocrx_word' id='word_1_390' title='bbox 1057 3116 1110 3178; x_wconf 86' lang='lat' dir='ltr'><strong>pro</strong></span> <span class='ocrx_word' id='word_1_391' title='bbox 1129 3107 1213 3160; x_wconf 86' lang='lat' dir='ltr'><strong>satis.</strong></span> <span class='ocrx_word' id='word_1_392' title='bbox 1239 3110 1315 3159; x_wconf 88' lang='lat' dir='ltr'><strong>Mon.</strong></span> <span class='ocrx_word' id='word_1_393' title='bbox 1336 3112 1359 3161; x_wconf 94' lang='lat'><strong>1.</strong></span> 
     </span>
     <span class='ocr_line' id='line_1_39' title="bbox 201 3179 1357 3253; baseline 0.001 -23"><span class='ocrx_word' id='word_1_394' title='bbox 201 3181 302 3253; x_wconf 77' lang='lat' dir='ltr'><strong>pergit</strong></span> <span class='ocrx_word' id='word_1_395' title='bbox 321 3186 361 3232; x_wconf 90' lang='lat' dir='ltr'><strong>est</strong></span> <span class='ocrx_word' id='word_1_396' title='bbox 389 3179 425 3232; x_wconf 88' lang='lat' dir='ltr'><strong>in</strong></span> <span class='ocrx_word' id='word_1_397' title='bbox 447 3179 589 3244; x_wconf 70' lang='lat' dir='ltr'><strong>frastra</strong></span> <span class='ocrx_word' id='word_1_398' title='bbox 614 3188 722 3235; x_wconf 86' lang='lat' dir='ltr'><strong>armata</strong></span> <span class='ocrx_word' id='word_1_399' title='bbox 744 3197 797 3249; x_wconf 82' lang='lat' dir='ltr'><strong>per</strong></span> <span class='ocrx_word' id='word_1_400' title='bbox 816 3185 889 3245; x_wconf 66' lang='lat' dir='ltr'><strong>&#39;sesa</strong></span> <span class='ocrx_word' id='word_1_401' title='bbox 917 3179 1020 3233; x_wconf 88' lang='lat' dir='ltr'><strong>omisso</strong></span> <span class='ocrx_word' id='word_1_402' title='bbox 1041 3184 1161 3249; x_wconf 72' lang='lat' dir='ltr'><strong>parata·</strong></span> <span class='ocrx_word' id='word_1_403' title='bbox 1187 3180 1282 3233; x_wconf 85' lang='lat' dir='ltr'><strong>·Unus&#39;</strong></span> <span class='ocrx_word' id='word_1_404' title='bbox 1309 3179 1357 3231; x_wconf 82' lang='lat' dir='ltr'><strong>Ox.</strong></span> 
     </span>
     <span class='ocr_line' id='line_1_40' title="bbox 202 3251 1118 3304; baseline -0.004 0"><span class='ocrx_word' id='word_1_405' title='bbox 202 3254 276 3304; x_wconf 86' lang='lat' dir='ltr'><strong>satis</strong></span> <span class='ocrx_word' id='word_1_406' title='bbox 300 3257 341 3302; x_wconf 90' lang='lat' dir='ltr'><strong>est</strong></span> <span class='ocrx_word' id='word_1_407' title='bbox 365 3257 510 3304; x_wconf 83' lang='lat' dir='ltr'><strong>structa.</strong></span> <span class='ocrx_word' id='word_1_408' title='bbox 548 3251 609 3303; x_wconf 86' lang='lat' dir='ltr'><strong>Mr.</strong></span> <span class='ocrx_word' id='word_1_409' title='bbox 990 3261 993 3264; x_wconf 54' lang='lat'><strong>⁴</strong></span> <span class='ocrx_word' id='word_1_410' title='bbox 1057 3267 1066 3272; x_wconf 63' lang='lat'><strong>‘⁴</strong></span> <span class='ocrx_word' id='word_1_411' title='bbox 1116 3261 1118 3266; x_wconf 88' lang='lat'>·</span> 
     </span>
    </p>

    <p class='ocr_par' dir='ltr' id='par_1_11' title="bbox 184 3319 1359 3467">
     <span class='ocr_line' id='line_1_41' title="bbox 215 3319 1359 3396; baseline -0.006 -19"><span class='ocrx_word' id='word_1_412' title='bbox 215 3371 218 3377; x_wconf 92' lang='lat'><strong>.</strong></span> <span class='ocrx_word' id='word_1_413' title='bbox 274 3320 390 3387; x_wconf 88' lang='lat' dir='ltr'><strong>Parata,</strong></span> <span class='ocrx_word' id='word_1_414' title='bbox 411 3329 519 3374; x_wconf 87' lang='lat' dir='ltr'><strong>armata</strong></span> <span class='ocrx_word' id='word_1_415' title='bbox 535 3339 588 3390; x_wconf 83' lang='lat' dir='ltr'><strong>per</strong></span> <span class='ocrx_word' id='word_1_416' title='bbox 605 3321 672 3388; x_wconf 85' lang='lat' dir='ltr'><strong>sese]</strong></span> <span class='ocrx_word' id='word_1_417' title='bbox 691 3322 786 3396; x_wconf 78' lang='lat' dir='ltr'><strong>Vulgo</strong></span> <span class='ocrx_word' id='word_1_418' title='bbox 805 3327 923 3387; x_wconf 87' lang='lat' dir='ltr'><strong>armata,</strong></span> <span class='ocrx_word' id='word_1_419' title='bbox 941 3327 1048 3389; x_wconf 82' lang='lat' dir='ltr'><strong>parata</strong></span> <span class='ocrx_word' id='word_1_420' title='bbox 1063 3337 1117 3390; x_wconf 79' lang='lat' dir='ltr'><strong>pec</strong></span> <span class='ocrx_word' id='word_1_421' title='bbox 1134 3335 1201 3372; x_wconf 84' lang='lat' dir='ltr'><strong>sese.</strong></span> <span class='ocrx_word' id='word_1_422' title='bbox 1223 3319 1359 3372; x_wconf 87' lang='lat' dir='ltr'><strong>Ordinem</strong></span> 
     </span>
     <span class='ocr_line' id='line_1_42' title="bbox 184 3390 1266 3467; baseline 0 -25"><span class='ocrx_word' id='word_1_423' title='bbox 184 3408 290 3461; x_wconf 43' lang='lat' dir='ltr'><strong>,quem</strong></span> <span class='ocrx_word' id='word_1_424' title='bbox 308 3390 413 3460; x_wconf 80' lang='lat' dir='ltr'><strong>sequor</strong></span> <span class='ocrx_word' id='word_1_425' title='bbox 429 3401 576 3462; x_wconf 86' lang='lat' dir='ltr'><strong>praestant</strong></span> <span class='ocrx_word' id='word_1_426' title='bbox 593 3395 662 3467; x_wconf 80' lang='lat' dir='ltr'><strong>Reg.</strong></span> <span class='ocrx_word' id='word_1_427' title='bbox 683 3393 828 3446; x_wconf 87' lang='lat' dir='ltr'><strong>Pithoean.</strong></span> <span class='ocrx_word' id='word_1_428' title='bbox 849 3394 921 3445; x_wconf 84' lang='lat' dir='ltr'><strong>lllled.</strong></span> <span class='ocrx_word' id='word_1_429' title='bbox 941 3393 1010 3444; x_wconf 84' lang='lat' dir='ltr'><strong>Bak.</strong></span> <span class='ocrx_word' id='word_1_430' title='bbox 1031 3401 1060 3445; x_wconf 92' lang='lat' dir='ltr'><strong>et</strong></span> <span class='ocrx_word' id='word_1_431' title='bbox 1077 3391 1190 3444; x_wconf 87' lang='lat' dir='ltr'><strong>Balliol.</strong></span> <span class='ocrx_word' id='word_1_432' title='bbox 1208 3390 1266 3443; x_wconf 68' lang='lat' dir='ltr'><strong>⁶D.</strong></span> 
     </span>
    </p>

    <p class='ocr_par' dir='ltr' id='par_1_12' title="bbox 272 3457 1361 3537">
     <span class='ocr_line' id='line_1_43' title="bbox 272 3457 1361 3537; baseline 0 -24"><span class='ocrx_word' id='word_1_433' title='bbox 272 3469 385 3528; x_wconf 79' lang='lat' dir='ltr'><strong>parata,</strong></span> <span class='ocrx_word' id='word_1_434' title='bbox 405 3471 511 3516; x_wconf 84' lang='lat' dir='ltr'><strong>armata</strong></span> <span class='ocrx_word' id='word_1_435' title='bbox 528 3479 581 3529; x_wconf 80' lang='lat' dir='ltr'><strong>per</strong></span> <span class='ocrx_word' id='word_1_436' title='bbox 599 3464 679 3530; x_wconf 75' lang='lat' dir='ltr'><strong>sesa]</strong></span> <span class='ocrx_word' id='word_1_437' title='bbox 716 3463 828 3516; x_wconf 88' lang='lat' dir='ltr'><strong>Habent</strong></span> <span class='ocrx_word' id='word_1_438' title='bbox 854 3481 920 3529; x_wconf 80' lang='lat' dir='ltr'><strong>eum</strong></span> <span class='ocrx_word' id='word_1_439' title='bbox 939 3457 1079 3527; x_wconf 85' lang='lat' dir='ltr'><strong>ordinem,</strong></span> <span class='ocrx_word' id='word_1_440' title='bbox 1100 3475 1190 3530; x_wconf 76' lang='lat' dir='ltr'><strong>‘quem</strong></span> <span class='ocrx_word' id='word_1_441' title='bbox 1208 3461 1361 3537; x_wconf 78' lang='lat' dir='ltr'><strong>vulgatum</strong></span> 
     </span>
    </p>

    <p class='ocr_par' dir='ltr' id='par_1_13' title="bbox 139 3529 1365 4532">
     <span class='ocr_line' id='line_1_44' title="bbox 202 3529 1359 3602; baseline -0.002 -18"><span class='ocrx_word' id='word_1_442' title='bbox 202 3534 330 3602; x_wconf 89' lang='lat' dir='ltr'><strong>appellat</strong></span> <span class='ocrx_word' id='word_1_443' title='bbox 353 3535 439 3601; x_wconf 85' lang='lat' dir='ltr'><strong>Dav.,·</strong></span> <span class='ocrx_word' id='word_1_444' title='bbox 465 3534 551 3588; x_wconf 85' lang='lat' dir='ltr'><strong>Codd.</strong></span> <span class='ocrx_word' id='word_1_445' title='bbox 578 3535 662 3586; x_wconf 78' lang='lat' dir='ltr'><strong>vind.</strong></span> <span class='ocrx_word' id='word_1_446' title='bbox 685 3538 708 3587; x_wconf 93' lang='lat'><strong>1.</strong></span> <span class='ocrx_word' id='word_1_447' title='bbox 737 3533 836 3585; x_wconf 89' lang='lat' dir='ltr'><strong>Duisb.</strong></span> <span class='ocrx_word' id='word_1_448' title='bbox 861 3535 933 3586; x_wconf 80' lang='lat' dir='ltr'><strong>Edd.</strong></span> <span class='ocrx_word' id='word_1_449' title='bbox 960 3536 997 3586; x_wconf 82' lang='lat' dir='ltr'><strong>M.</strong></span> <span class='ocrx_word' id='word_1_450' title='bbox 1022 3535 1054 3588; x_wconf 78' lang='lat'><strong>1..</strong></span> <span class='ocrx_word' id='word_1_451' title='bbox 1081 3533 1144 3588; x_wconf 83' lang='lat' dir='ltr'><strong>Car.</strong></span> <span class='ocrx_word' id='word_1_452' title='bbox 1169 3529 1270 3600; x_wconf 73' lang='lat' dir='ltr'><strong>steph.</strong></span> <span class='ocrx_word' id='word_1_453' title='bbox 1295 3532 1359 3585; x_wconf 86' lang='lat' dir='ltr'><strong>Ald.</strong></span> 
     </span>
     <span class='ocr_line' id='line_1_45' title="bbox 202 3601 1361 3678; baseline -0.002 -22"><span class='ocrx_word' id='word_1_454' title='bbox 202 3604 284 3667; x_wconf 64' lang='grc' dir='ltr'><strong>Βοιὼ</strong></span> <span class='ocrx_word' id='word_1_455' title='bbox 305 3606 385 3658; x_wconf 85' lang='lat' dir='ltr'><strong>Brut.</strong></span> <span class='ocrx_word' id='word_1_456' title='bbox 412 3605 492 3678; x_wconf 85' lang='lat' dir='ltr'><strong>Sylb.</strong></span> <span class='ocrx_word' id='word_1_457' title='bbox 518 3603 604 3658; x_wconf 91' lang='lat' dir='ltr'><strong>Goth.</strong></span> <span class='ocrx_word' id='word_1_458' title='bbox 630 3604 721 3657; x_wconf 87' lang='lat' dir='ltr'><strong>Gebh.</strong></span> <span class='ocrx_word' id='word_1_459' title='bbox 742 3601 905 3657; x_wconf 52' lang='lat' dir='ltr'><strong>LallssErn.</strong></span> <span class='ocrx_word' id='word_1_460' title='bbox 942 3603 998 3656; x_wconf 88' lang='lat' dir='ltr'><strong>Sed</strong></span> <span class='ocrx_word' id='word_1_461' title='bbox 1020 3613 1049 3657; x_wconf 89' lang='lat' dir='ltr'><strong>et</strong></span> <span class='ocrx_word' id='word_1_462' title='bbox 1066 3602 1190 3675; x_wconf 87' lang='lat' dir='ltr'><strong>plurimi</strong></span> <span class='ocrx_word' id='word_1_463' title='bbox 1210 3611 1239 3676; x_wconf 66' lang='lat' dir='ltr'><strong>et</strong></span> <span class='ocrx_word' id='word_1_464' title='bbox 1258 3603 1361 3673; x_wconf 87' lang='lat' dir='ltr'><strong>optimi</strong></span> 
     </span>
     <span class='ocr_line' id='line_1_46' title="bbox 203 3670 1362 3747; baseline 0.001 -22"><span class='ocrx_word' id='word_1_465' title='bbox 203 3673 273 3726; x_wconf 90' lang='lat' dir='ltr'><strong>libri</strong></span> <span class='ocrx_word' id='word_1_466' title='bbox 293 3685 321 3728; x_wconf 91' lang='lat' dir='ltr'><strong>et</strong></span> <span class='ocrx_word' id='word_1_467' title='bbox 340 3670 385 3728; x_wconf 84' lang='lat' dir='ltr'><strong>res</strong></span> <span class='ocrx_word' id='word_1_468' title='bbox 404 3677 464 3747; x_wconf 83' lang='lat' dir='ltr'><strong>ipsa</strong></span> <span class='ocrx_word' id='word_1_469' title='bbox 482 3683 612 3728; x_wconf 78' lang='lat' dir='ltr'><strong>nostrum</strong></span> <span class='ocrx_word' id='word_1_470' title='bbox 631 3676 749 3727; x_wconf 87' lang='lat' dir='ltr'><strong>suadent</strong></span> <span class='ocrx_word' id='word_1_471' title='bbox 767 3675 906 3729; x_wconf 91' lang='lat' dir='ltr'><strong>ordinem.</strong></span> <span class='ocrx_word' id='word_1_472' title='bbox 935 3674 1028 3739; x_wconf 84' lang='lat' dir='ltr'><strong>Quare</strong></span> <span class='ocrx_word' id='word_1_473' title='bbox 1046 3688 1265 3744; x_wconf 80' lang='lat' dir='ltr'><strong>supervacanea·</strong></span> <span class='ocrx_word' id='word_1_474' title='bbox 1276 3674 1362 3744; x_wconf 84' lang='lat' dir='ltr'><strong>plane</strong></span> 
     </span>
     <span class='ocr_line' id='line_1_47' title="bbox 201 3745 1360 3819; baseline 0 -22"><span class='ocrx_word' id='word_1_475' title='bbox 201 3746 261 3797; x_wconf 83' lang='lat' dir='ltr'><strong>fuit</strong></span> <span class='ocrx_word' id='word_1_476' title='bbox 288 3762 374 3816; x_wconf 90' lang='lat' dir='ltr'><strong>opera</strong></span> <span class='ocrx_word' id='word_1_477' title='bbox 397 3745 573 3819; x_wconf 87' lang='lat' dir='ltr'><strong>Wopkensii</strong></span> <span class='ocrx_word' id='word_1_478' title='bbox 596 3746 615 3797; x_wconf 94' lang='lat' dir='ltr'><strong>l.</strong></span> <span class='ocrx_word' id='word_1_479' title='bbox 644 3764 668 3797; x_wconf 91' lang='lat' dir='ltr'><strong>c.</strong></span> <span class='ocrx_word' id='word_1_480' title='bbox 693 3764 722 3816; x_wconf 92' lang='lat' dir='ltr'><strong>p.</strong></span> <span class='ocrx_word' id='word_1_481' title='bbox 744 3748 790 3800; x_wconf 76' lang='lat'><strong>82</strong></span> <span class='ocrx_word' id='word_1_482' title='bbox 816 3747 938 3816; x_wconf 86' lang='lat' dir='ltr'><strong>probare</strong></span> <span class='ocrx_word' id='word_1_483' title='bbox 962 3747 1091 3800; x_wconf 87' lang='lat' dir='ltr'><strong>conantis</strong></span> <span class='ocrx_word' id='word_1_484' title='bbox 1115 3746 1258 3814; x_wconf 86' lang='lat' dir='ltr'><strong>concoqui</strong></span> <span class='ocrx_word' id='word_1_485' title='bbox 1280 3760 1360 3815; x_wconf 84' lang='lat' dir='ltr'><strong>posse</strong></span> 
     </span>
     <span class='ocr_line' id='line_1_48' title="bbox 201 3814 1362 3890; baseline -0.003 -22"><span class='ocrx_word' id='word_1_486' title='bbox 201 3816 311 3869; x_wconf 83' lang='lat' dir='ltr'><strong>hancce</strong></span> <span class='ocrx_word' id='word_1_487' title='bbox 330 3819 467 3870; x_wconf 87' lang='lat' dir='ltr'><strong>orationis</strong></span> <span class='ocrx_word' id='word_1_488' title='bbox 486 3817 734 3890; x_wconf 79' lang='lat' dir='ltr'><strong>degradationem:</strong></span> <span class='ocrx_word' id='word_1_489' title='bbox 761 3818 827 3870; x_wconf 91' lang='lat' dir='ltr'><strong>Non</strong></span> <span class='ocrx_word' id='word_1_490' title='bbox 847 3819 925 3870; x_wconf 87' lang='lat' dir='ltr'><strong>enim</strong></span> <span class='ocrx_word' id='word_1_491' title='bbox 948 3818 1108 3886; x_wconf 86' lang='lat' dir='ltr'><strong>quaeritur,</strong></span> <span class='ocrx_word' id='word_1_492' title='bbox 1140 3816 1210 3884; x_wconf 86' lang='lat' dir='ltr'><strong>quid</strong></span> <span class='ocrx_word' id='word_1_493' title='bbox 1228 3814 1362 3868; x_wconf 86' lang='lat' dir='ltr'><strong>Ciceroni</strong></span> 
     </span>
     <span class='ocr_line' id='line_1_49' title="bbox 202 3884 1360 3961; baseline -0.001 -23"><span class='ocrx_word' id='word_1_494' title='bbox 202 3890 328 3941; x_wconf 85' lang='lat' dir='ltr'><strong>scribere</strong></span> <span class='ocrx_word' id='word_1_495' title='bbox 347 3888 476 3950; x_wconf 87' lang='lat' dir='ltr'><strong>licuerit,</strong></span> <span class='ocrx_word' id='word_1_496' title='bbox 505 3888 554 3939; x_wconf 85' lang='lat' dir='ltr'><strong>sed</strong></span> <span class='ocrx_word' id='word_1_497' title='bbox 576 3887 647 3956; x_wconf 87' lang='lat' dir='ltr'><strong>quid</strong></span> <span class='ocrx_word' id='word_1_498' title='bbox 673 3886 801 3940; x_wconf 86' lang='lat' dir='ltr'><strong>librariis</strong></span> <span class='ocrx_word' id='word_1_499' title='bbox 825 3884 996 3955; x_wconf 19' lang='lat' dir='ltr'><strong>sel-&#39;errare</strong></span> <span class='ocrx_word' id='word_1_500' title='bbox 1020 3888 1069 3940; x_wconf 89' lang='lat' dir='ltr'><strong>vel</strong></span> <span class='ocrx_word' id='word_1_501' title='bbox 1092 3887 1240 3961; x_wconf 83' lang='lat' dir='ltr'><strong>corrigere</strong></span> <span class='ocrx_word' id='word_1_502' title='bbox 1263 3886 1360 3942; x_wconf 84' lang='lat' dir='ltr'><strong>licoat.</strong></span> 
     </span>
     <span class='ocr_line' id='line_1_50' title="bbox 202 3955 1361 4028; baseline -0.002 -18"><span class='ocrx_word' id='word_1_503' title='bbox 202 3958 244 4010; x_wconf 89' lang='lat' dir='ltr'><strong>De</strong></span> <span class='ocrx_word' id='word_1_504' title='bbox 263 3978 313 4010; x_wconf 87' lang='lat' dir='ltr'><strong>usu</strong></span> <span class='ocrx_word' id='word_1_505' title='bbox 333 3977 360 4008; x_wconf 87' lang='lat' dir='ltr'><strong>v.</strong></span> <span class='ocrx_word' id='word_1_506' title='bbox 380 3962 484 4026; x_wconf 80' lang='lat' dir='ltr'><strong>perdta</strong></span> <span class='ocrx_word' id='word_1_507' title='bbox 503 3958 630 4011; x_wconf 88' lang='lat' dir='ltr'><strong>absoluto</strong></span> <span class='ocrx_word' id='word_1_508' title='bbox 648 3957 706 4011; x_wconf 90' lang='lat' dir='ltr'><strong>vid.</strong></span> <span class='ocrx_word' id='word_1_509' title='bbox 728 3955 755 4008; x_wconf 89' lang='lat' dir='ltr'><strong>S.</strong></span> <span class='ocrx_word' id='word_1_510' title='bbox 776 3960 812 4014; x_wconf 87' lang='lat' dir='ltr'><strong>N.</strong></span> <span class='ocrx_word' id='word_1_511' title='bbox 833 3959 859 4011; x_wconf 88' lang='lat' dir='ltr'><strong>J.</strong></span> <span class='ocrx_word' id='word_1_512' title='bbox 878 3958 993 4010; x_wconf 90' lang='lat' dir='ltr'><strong>Blochii</strong></span> <span class='ocrx_word' id='word_1_513' title='bbox 1013 3957 1121 4028; x_wconf 89' lang='lat' dir='ltr'><strong>Spicile</strong></span> <span class='ocrx_word' id='word_1_514' title='bbox 1146 3956 1206 4009; x_wconf 88' lang='lat' dir='ltr'><strong>ium</strong></span> <span class='ocrx_word' id='word_1_515' title='bbox 1225 3957 1259 4008; x_wconf 90' lang='lat' dir='ltr'><strong>ad</strong></span> <span class='ocrx_word' id='word_1_516' title='bbox 1271 3955 1361 4009; x_wconf 82' lang='lat' dir='ltr'><strong>Schii-</strong></span> 
     </span>
     <span class='ocr_line' id='line_1_51' title="bbox 139 4028 1360 4099; baseline 0 -19"><span class='ocrx_word' id='word_1_517' title='bbox 139 4073 148 4088; x_wconf 82' lang='lat'>.</span> <span class='ocrx_word' id='word_1_518' title='bbox 202 4031 257 4081; x_wconf 85' lang='lat' dir='ltr'><strong>tzii</strong></span> <span class='ocrx_word' id='word_1_519' title='bbox 277 4030 338 4082; x_wconf 90' lang='lat' dir='ltr'><strong>lnd.</strong></span> <span class='ocrx_word' id='word_1_520' title='bbox 359 4031 419 4081; x_wconf 75' lang='lat' dir='ltr'><strong>lat.</strong></span> <span class='ocrx_word' id='word_1_521' title='bbox 439 4029 498 4080; x_wconf 89' lang='lat' dir='ltr'><strong>Cic.</strong></span> <span class='ocrx_word' id='word_1_522' title='bbox 520 4029 561 4093; x_wconf 86' lang='lat' dir='ltr'><strong>[in</strong></span> <span class='ocrx_word' id='word_1_523' title='bbox 580 4031 689 4088; x_wconf 87' lang='lat' dir='ltr'><strong>Prolus.</strong></span> <span class='ocrx_word' id='word_1_524' title='bbox 710 4028 866 4082; x_wconf 81' lang='lat' dir='ltr'><strong>Havniensi</strong></span> <span class='ocrx_word' id='word_1_525' title='bbox 887 4029 1031 4099; x_wconf 50' lang='lat' dir='ltr'><strong>1828.]‚p.</strong></span> <span class='ocrx_word' id='word_1_526' title='bbox 1054 4031 1096 4083; x_wconf 77' lang='lat' dir='ltr'><strong>la.</strong></span> <span class='ocrx_word' id='word_1_527' title='bbox 1116 4047 1135 4079; x_wconf 89' lang='lat' dir='ltr'><strong>u</strong></span> <span class='ocrx_word' id='word_1_528' title='bbox 1156 4029 1282 4080; x_wconf 84' lang='lat' dir='ltr'><strong>ilaudat</strong></span> <span class='ocrx_word' id='word_1_529' title='bbox 1301 4029 1360 4081; x_wconf 89' lang='lat' dir='ltr'><strong>Cic.</strong></span> 
     </span>
     <span class='ocr_line' id='line_1_52' title="bbox 202 4097 1361 4168; baseline -0.003 -15"><span class='ocrx_word' id='word_1_530' title='bbox 202 4100 288 4153; x_wconf 88' lang='lat' dir='ltr'><strong>Catil.</strong></span> <span class='ocrx_word' id='word_1_531' title='bbox 308 4100 361 4153; x_wconf 85' lang='lat'><strong>111.</strong></span> <span class='ocrx_word' id='word_1_532' title='bbox 381 4104 412 4154; x_wconf 83' lang='lat'><strong>7:</strong></span> <span class='ocrx_word' id='word_1_533' title='bbox 433 4097 559 4153; x_wconf 73' lang='lat' dir='ltr'><strong>hominem</strong></span> <span class='ocrx_word' id='word_1_534' title='bbox 578 4109 630 4164; x_wconf 86' lang='lat' dir='ltr'><strong>tam</strong></span> <span class='ocrx_word' id='word_1_535' title='bbox 648 4115 746 4164; x_wconf 86' lang='lat' dir='ltr'><strong>acrem,</strong></span> <span class='ocrx_word' id='word_1_536' title='bbox 767 4108 820 4156; x_wconf 87' lang='lat' dir='ltr'><strong>tam</strong></span> <span class='ocrx_word' id='word_1_537' title='bbox 836 4108 972 4168; x_wconf 83' lang='lat' dir='ltr'><strong>paratam,</strong></span> <span class='ocrx_word' id='word_1_538' title='bbox 992 4107 1045 4153; x_wconf 88' lang='lat' dir='ltr'><strong>tam</strong></span> <span class='ocrx_word' id='word_1_539' title='bbox 1064 4100 1215 4152; x_wconf 80' lang='lat' dir='ltr'><strong>audacem·</strong></span> <span class='ocrx_word' id='word_1_540' title='bbox 1241 4100 1276 4151; x_wconf 90' lang='lat' dir='ltr'><strong>In</strong></span> <span class='ocrx_word' id='word_1_541' title='bbox 1294 4099 1361 4153; x_wconf 90' lang='lat' dir='ltr'><strong>Cod.</strong></span> 
     </span>
     <span class='ocr_line' id='line_1_53' title="bbox 200 4169 1364 4237; baseline 0.002 -17"><span class='ocrx_word' id='word_1_542' title='bbox 200 4171 286 4222; x_wconf 86' lang='lat' dir='ltr'><strong>Vind.</strong></span> <span class='ocrx_word' id='word_1_543' title='bbox 309 4177 332 4226; x_wconf 93' lang='lat' dir='ltr'><strong>l.</strong></span> <span class='ocrx_word' id='word_1_544' title='bbox 353 4180 395 4222; x_wconf 89' lang='lat' dir='ltr'><strong>est</strong></span> <span class='ocrx_word' id='word_1_545' title='bbox 412 4187 463 4237; x_wconf 80' lang='lat' dir='ltr'><strong>per</strong></span> <span class='ocrx_word' id='word_1_546' title='bbox 481 4188 528 4228; x_wconf 88' lang='lat' dir='ltr'><strong>se.</strong></span> <span class='ocrx_word' id='word_1_547' title='bbox 566 4176 631 4225; x_wconf 79' lang='lat' dir='ltr'><strong>Mox</strong></span> <span class='ocrx_word' id='word_1_548' title='bbox 650 4172 716 4225; x_wconf 88' lang='lat' dir='ltr'><strong>Cod.</strong></span> <span class='ocrx_word' id='word_1_549' title='bbox 736 4173 832 4224; x_wconf 90' lang='lat' dir='ltr'><strong>Duisb.</strong></span> <span class='ocrx_word' id='word_1_550' title='bbox 862 4172 977 4224; x_wconf 83' lang='lat' dir='ltr'><strong>exhibet</strong></span> <span class='ocrx_word' id='word_1_551' title='bbox 997 4172 1063 4224; x_wconf 86' lang='lat' dir='ltr'><strong>licet</strong></span> <span class='ocrx_word' id='word_1_552' title='bbox 1082 4170 1195 4237; x_wconf 79' lang='lat' dir='ltr'><strong>qnidam.</strong></span> <span class='ocrx_word' id='word_1_553' title='bbox 1233 4173 1300 4222; x_wconf 91' lang='lat' dir='ltr'><strong>Post</strong></span> <span class='ocrx_word' id='word_1_554' title='bbox 1320 4169 1364 4224; x_wconf 84' lang='lat' dir='ltr'><strong>di·</strong></span> 
     </span>
     <span class='ocr_line' id='line_1_54' title="bbox 202 4236 1364 4313; baseline -0.002 -19"><span class='ocrx_word' id='word_1_555' title='bbox 202 4258 265 4294; x_wconf 86' lang='lat' dir='ltr'><strong>cere</strong></span> <span class='ocrx_word' id='word_1_556' title='bbox 281 4259 338 4313; x_wconf 88' lang='lat' dir='ltr'><strong>per</strong></span> <span class='ocrx_word' id='word_1_557' title='bbox 358 4243 382 4293; x_wconf 90' lang='lat' dir='ltr'><strong>it</strong></span> <span class='ocrx_word' id='word_1_558' title='bbox 401 4243 484 4294; x_wconf 88' lang='lat' dir='ltr'><strong>Vind.</strong></span> <span class='ocrx_word' id='word_1_559' title='bbox 497 4248 519 4297; x_wconf 92' lang='lat'><strong>1.</strong></span> <span class='ocrx_word' id='word_1_560' title='bbox 540 4246 578 4297; x_wconf 90' lang='lat' dir='ltr'><strong>ad</strong></span> <span class='ocrx_word' id='word_1_561' title='bbox 587 4236 791 4310; x_wconf 63' lang='lat' dir='ltr'><strong>⁴fortitudinem</strong></span> <span class='ocrx_word' id='word_1_562' title='bbox 808 4237 901 4297; x_wconf 78' lang='lat' dir='ltr'><strong>utilem</strong></span> <span class='ocrx_word' id='word_1_563' title='bbox 919 4241 1105 4296; x_wconf 85' lang='lat' dir='ltr'><strong>vinolentiam.</strong></span> <span class='ocrx_word' id='word_1_564' title='bbox 1125 4243 1177 4312; x_wconf 88' lang='lat' dir='ltr'><strong>Ed.</strong></span> <span class='ocrx_word' id='word_1_565' title='bbox 1189 4243 1220 4294; x_wconf 89' lang='lat' dir='ltr'><strong>P.</strong></span> <span class='ocrx_word' id='word_1_566' title='bbox 1239 4240 1364 4295; x_wconf 83' lang='lat' dir='ltr'><strong>violen-</strong></span> 
     </span>
     <span class='ocr_line' id='line_1_55' title="bbox 202 4259 1362 4380; baseline 0.002 -14"><span class='ocrx_word' id='word_1_567' title='bbox 202 4317 269 4380; x_wconf 82' lang='lat' dir='ltr'><strong>tiam</strong></span> <span class='ocrx_word' id='word_1_568' title='bbox 288 4315 326 4365; x_wconf 88' lang='lat' dir='ltr'><strong>ad</strong></span> <span class='ocrx_word' id='word_1_569' title='bbox 337 4259 531 4376; x_wconf 58' lang='lat' dir='ltr'><strong>iortitndinem</strong></span> <span class='ocrx_word' id='word_1_570' title='bbox 557 4315 736 4378; x_wconf 83' lang='lat' dir='ltr'><strong>utilem;.est</strong></span> <span class='ocrx_word' id='word_1_571' title='bbox 758 4315 845 4367; x_wconf 89' lang='lat' dir='ltr'><strong>etiam</strong></span> <span class='ocrx_word' id='word_1_572' title='bbox 868 4310 1043 4368; x_wconf 84' lang='lat' dir='ltr'><strong>uiolentiam</strong></span> <span class='ocrx_word' id='word_1_573' title='bbox 1067 4314 1097 4364; x_wconf 91' lang='lat' dir='ltr'><strong>in</strong></span> <span class='ocrx_word' id='word_1_574' title='bbox 1125 4313 1210 4365; x_wconf 87' lang='lat' dir='ltr'><strong>Codd.</strong></span> <span class='ocrx_word' id='word_1_575' title='bbox 1241 4311 1362 4368; x_wconf 73' lang='lat' dir='ltr'><strong>Gudt.</strong></span> 
     </span>
     <span class='ocr_line' id='line_1_56' title="bbox 202 4374 1365 4456; baseline 0.002 -22"><span class='ocrx_word' id='word_1_576' title='bbox 202 4384 288 4435; x_wconf 84' lang='lat' dir='ltr'><strong>lllarb.</strong></span> <span class='ocrx_word' id='word_1_577' title='bbox 310 4385 375 4437; x_wconf 90' lang='lat' dir='ltr'><strong>Cod.</strong></span> <span class='ocrx_word' id='word_1_578' title='bbox 397 4383 470 4439; x_wconf 83' lang='lat' dir='ltr'><strong>Gud.</strong></span> <span class='ocrx_word' id='word_1_579' title='bbox 491 4385 602 4438; x_wconf 90' lang='lat' dir='ltr'><strong>omittit</strong></span> <span class='ocrx_word' id='word_1_580' title='bbox 619 4387 701 4454; x_wconf 90' lang='lat' dir='ltr'><strong>prius</strong></span> <span class='ocrx_word' id='word_1_581' title='bbox 721 4385 828 4450; x_wconf 72' lang='lat' dir='ltr'><strong>utilem,</strong></span> <span class='ocrx_word' id='word_1_582' title='bbox 851 4384 942 4438; x_wconf 83' lang='lat' dir='ltr'><strong>Rehd.</strong></span> <span class='ocrx_word' id='word_1_583' title='bbox 962 4385 1117 4453; x_wconf 86' lang='lat' dir='ltr'><strong>posterius:</strong></span> <span class='ocrx_word' id='word_1_584' title='bbox 1145 4385 1178 4435; x_wconf 88' lang='lat' dir='ltr'><strong>ab</strong></span> <span class='ocrx_word' id='word_1_585' title='bbox 1199 4382 1300 4436; x_wconf 90' lang='lat' dir='ltr'><strong>eodem</strong></span> <span class='ocrx_word' id='word_1_586' title='bbox 1319 4374 1365 4456; x_wconf 75' lang='lat' dir='ltr'><strong>ai)-</strong></span> 
     </span>
     <span class='ocr_line' id='line_1_57' title="bbox 202 4449 1364 4532; baseline 0 -24"><span class='ocrx_word' id='word_1_587' title='bbox 202 4463 245 4508; x_wconf 86' lang='lat' dir='ltr'><strong>est</strong></span> <span class='ocrx_word' id='word_1_588' title='bbox 262 4455 454 4522; x_wconf 67' lang='lat' dir='ltr'><strong>vinolentiam</strong></span> <span class='ocrx_word' id='word_1_589' title='bbox 475 4455 548 4510; x_wconf 82' lang='lat' dir='ltr'><strong>Cod.</strong></span> <span class='ocrx_word' id='word_1_590' title='bbox 561 4455 648 4532; x_wconf 84' lang='lat' dir='ltr'><strong>·Aug.</strong></span> <span class='ocrx_word' id='word_1_591' title='bbox 676 4466 734 4509; x_wconf 85' lang='lat' dir='ltr'><strong>non</strong></span> <span class='ocrx_word' id='word_1_592' title='bbox 751 4449 941 4511; x_wconf 72' lang='lat' dir='ltr'><strong>habet&#39;ve&#39;rba</strong></span> <span class='ocrx_word' id='word_1_593' title='bbox 966 4457 1006 4510; x_wconf 87' lang='lat' dir='ltr'><strong>ad.</strong></span> <span class='ocrx_word' id='word_1_594' title='bbox 1020 4455 1111 4520; x_wconf 75' lang='lat' dir='ltr'><strong>fortit.</strong></span> <span class='ocrx_word' id='word_1_595' title='bbox 1132 4487 1163 4498; x_wconf 92' lang='lat'>-</span> <span class='ocrx_word' id='word_1_596' title='bbox 1184 4454 1364 4520; x_wconf 65' lang='lat' dir='ltr'><strong>clenentiam</strong></span> 
     </span>
    </p>
   </div>
   <div class='ocr_carea' id='block_1_8' title="bbox 0 0 1426 5070">
    <p class='ocr_par' dir='ltr' id='par_1_14' title="bbox 0 0 1426 5070">
     <span class='ocr_line' id='line_1_58' title="bbox 0 0 1426 5070; baseline 0 1"><span class='ocrx_word' id='word_1_597' title='bbox 0 0 1426 5070; x_wconf 95' lang='lat' dir='ltr'><strong> </strong></span> 
     </span>
    </p>
   </div>
  </div>
 </body>
</html>
