2842 5070
1154 86 1157 91 ·
1205 39 1366 203 W

1236 218 1240 225 .
1262 214 1298 259 ez..

1255 280 1261 291 l·

138 304 200 373 4⁷8
270 303 471 371 CICERON.
495 302 678 371 Tuscus.
702 306 874 373 DISPUT.
903 307 986 373 [ΑΒ.
1011 308 1072 387 lv,
1093 311 1145 375 38.
1179 336 1181 341 ’
1231 210 1277 357 ὓ

140 490 325 555 possumus.
372 470 441 532 Aut
471 470 578 558 igitur
607 491 766 572 negemus
799 473 975 556 quicquam
1003 474 1134 536 ratione
1163 477 1298 553 confici,

138 574 241 637 quum
262 561 380 616 contra
401 553 485 614 nihil
504 554 577 615 sino
598 563 730 616 ratione
751 563 844 618 recte
864 556 939 617 fieri
957 558 1080 638 possit:
1103 565 1174 634 aut,
1197 579 1297 639 quum

138 637 349 720 philosophia
363 655 406 697 ex
428 638 598 698 rationum
613 639 793 700 collatione
814 646 956 714 constet,
977 638 1019 700 ab
1042 657 1091 714 ee,
1112 640 1195 701 siet
1216 641 1297 702 boni

137 728 174 782 et
195 720 285 781 beati
305 719 460 783 volumus
480 736 564 794 esso,
594 722 708 783 omnia
728 720 922 783 adiumenta
944 729 978 782 ct
997 721 1123 785 auxilia
1144 729 1296 804 petamus

140 803 223 864 bene
244 803 403 883 beateque
422 799 571 866 vivendi.

547 929 843 939 -------—---....-.-
851 930 1294 941 .--—-.--.--.--.....—.-—-—-.-

139 991 221 1045 modo
239 1006 294 1044 non
309 989 461 1062 pertinere
478 988 572 1055 debet,
605 990 636 1042 in
662 990 761 1060 priore
789 990 846 1041 iam
873 988 1071 1043 enuntiatione
1090 990 1149 1042 sive
1167 990 1294 1044 membro

137 1063 285 1134 prolatum
303 1069 355 1127 est,
372 1069 437 1112 tum
454 1061 614 1115 necessario
633 1076 688 1115 non
705 1059 787 1113 modo
803 1077 856 1113 non
872 1061 1037 1130 ponendum
1054 1061 1122 1116 erit.
1142 1078 1210 1112 nam
1227 1079 1293 1113 curn

139 1135 264 1186 alterum
283 1149 334 1187 non
352 1132 471 1197 omittis,
491 1140 570 1185 earet
587 1148 654 1184 sane
672 1139 732 1185 tota
750 1133 892 1185 sententia
909 1148 1002 1184 sensu.
1038 1131 1157 1196 Contra,
1178 1133 1203 1183 si
1221 1133 1294 1185 illud

137 1203 318 1271 vocabulum,
344 1203 379 1256 ed
403 1203 479 1274 quod
501 1217 556 1255 non
573 1202 711 1273 pertinet,
737 1202 769 1254 in
788 1202 920 1273 sequenti
938 1203 1053 1255 demum
1076 1203 1216 1268 membro,
1246 1204 1293 1255 ubi

137 1292 172 1329 ne
191 1302 224 1314 ·-
243 1275 348 1343 quidem
366 1276 449 1338 inest,
476 1271 606 1338 affertur,
630 1280 694 1327 tum
711 1273 744 1324 in
759 1273 854 1344 priori
870 1273 1000 1327 membro
1024 1274 1130 1326 falsum
1149 1282 1222 1327 esset
1239 1290 1291 1328 non

134 1347 215 1400 modo
242 1362 306 1412 non,
338 1345 406 1415 quia
430 1345 553 1397 alterum
582 1361 637 1398 non
666 1343 743 1396 nihil
772 1343 902 1410 haberet,
932 1343 967 1397 ad
990 1344 1069 1415 quod
1096 1345 1292 1400 referretur.“

134 1416 276 1487 Exempla
298 1416 366 1469 vide
387 1414 463 1486 apud
484 1416 589 1485 ipsum.
632 1415 711 1468 Illud
735 1415 805 1468 addo
830 1416 865 1470 ad
889 1415 1029 1492 regulam,
1060 1418 1138 1485 quod
1162 1416 1292 1539 inteilipi

134 1489 253 1560 quidem
271 1495 374 1559 potest,
393 1504 447 1540 nec
463 1501 534 1539 vero
552 1486 742 1539 dictumest:
774 1487 934 1541 necessario
956 1494 1021 1539 tum
1044 1488 1194 1557 punition
1210 1504 1238 1538 m
1276 1504 1291 1541 o

134 1576 199 1624 non,
227 1576 294 1611 cum
317 1567 441 1627 utraque
467 1558 627 1611 enuntiatio
649 1556 797 1629 peculiare
820 1557 923 1611 lrabeat
947 1557 1078 1611 verbum.
1099 1588 1133 1600 -
1169 1558 1205 1610 ln
1225 1557 1290 1613 (lod.

133 1631 209 1684 Gud.
231 1634 256 1685 1.
282 1631 339 1683 scri
361 1638 424 1681 tum
443 1635 485 1680 est
503 1628 675 1693 rnommcdo,
699 1628 776 1680 mira
793 1630 958 1683 Literarmn
975 1628 1191 1682 assimilatione.
1229 1631 1292 1681 Post

132 1701 206 1755 beati
223 1701 321 1775 pergit
339 1647 407 1753 dod.
427 1698 501 1753 Gud.
520 1701 546 1753 2
566 1700 617 1752 sed
635 1715 692 1752 nec
710 1698 777 1753 coni
794 1699 920 1768 paidomt
950 1714 1024 1768 quae
1047 1700 1169 1770 scriptio
1188 1700 1221 1750 in
1238 1697 1291 1752 hac

131 1771 260 1825 formula
278 1770 380 1824 multis
396 1770 471 1823 locis
489 1769 521 1821 in
538 1769 621 1822 libris
645 1778 718 1823 vett.
737 1770 817 1826 MSS.
837 1780 867 1825 et
888 1771 972 1823 editis
990 1788 1007 1822 r
1061 1771 1147 1823 ritur.
1184 1771 1226 1822 Et.
1243 1784 1291 1823 nec

131 1841 294 1910 -quidem
320 1843 379 1894 suis
404 1840 479 1894 locis
504 1848 621 1893 rectum
643 1858 712 1907 esse,
738 1850 838 1897 monet
860 1841 979 1895 Beierus
1003 1857 1019 1892 a
1060 1841 1122 1898 Cic.
1143 1842 1288 1916 Frag1nm.

131 1914 221 1967 Orett.
240 1931 269 1984 p.
288 1916 333 1969 31.
370 1914 536 1983 Utrumque
560 1912 708 1966 subtiliter
734 1912 867 1966 distinxit
889 1911 1051 1965 Gemhard.
1081 1911 1117 1965 ad
1139 1912 1203 1966 cic.
1230 1912 1288 1964 Get.

130 1984 196 2050 maj.
217 1982 263 2041 lx.
284 1987 327 2039 27.
345 2001 375 2054 p.
395 1986 438 2039 51.
476 1983 555 2037 Adde
572 1998 624 2036 nos
647 1983 682 2036 ad
700 1982 760 2038 cic.
785 1984 820 2039 de
838 1983 904 2036 niv.
924 1983 947 2036 l.
966 1985 993 2038 9.
1013 2000 1042 2052 p.
1062 1984 1107 2038 42.
1126 2000 1168 2053 sq.
1198 1983 1237 2035 ib.
1257 1983 1291 2034 ed

18 2098 25 2111 s
130 2056 231 2112 1135.
250 2074 279 2127 p.
300 2057 360 2111 175.
379 2062 408 2107 et
426 2053 501 2106 adl.
522 2057 564 2109 to.
605 2056 692 2110 MS.
729 2054 791 2112 Mr.

201 2127 262 2180 Aut
286 2125 381 2195 igitur
402 2140 534 2192 negemur
552 2071 604 2189 -5
647 2126 728 2179 Unus
752 2125 804 2178 (lx.
828 2138 996 2192 negarem
1030 2125 1121 2178 Mart).
1151 2122 1290 2178 rationi

130 2199 236 2264 confici.
270 2195 368 2249 Dnisb.
393 2211 476 2266 quom
504 2200 658 2260 conciet,
691 2192 769 2248 nillil
792 2228 827 2251 s-
853 2203 926 2259 recle
949 2194 1015 2261 fieri
1035 2210 1152 2264 poree.
1198 2196 1289 2248 Habes

129 2285 247 2321 manum
272 2266 448 2333 correctoris
470 2264 641 2320 Ciceronem
667 2266 853 2341 corrigentis.
890 2266 974 2320 Recte
1000 2266 1079 2320 deest
1103 2267 1136 2318 in
1159 2283 1218 2319 nno
1238 2267 1287 2318 Ox.

129 2338 206 2409 quod
223 2340 344 2392 fortasse
369 2337 475 2404 aliquis
495 2337 567 2389 item
591 2338 751 2391 correctori
771 2336 895 2391 tribuat:
928 2353 981 2413 ego
1004 2337 1192 2389 similitudini
1209 2352 1289 2389 oom-

127 2406 992 2548 llll³⁰l¹¹ltlt¹¹lott²⁰ltff&lislomoii
1005 2407 1286 2533 tttl‘t‘tffi·

129 2548 244 2604 latione.
282 2551 345 2604 Mr.

128 2683 131 2686 ,
200 2637 261 2674 cum
282 2617 462 2690 philosophia
489 2637 524 2674 ex
546 2617 688 2675 rationum
706 2618 857 2675 collatione
882 2619 1005 2688 condet]
1034 2618 1076 2684 „i.
1096 2636 1120 2672 e.
1141 2618 1173 2669 in
1190 2634 1226 2671 ee
1243 2635 1288 2670 ra·

128 2690 225 2745 tiones
246 2709 346 2745 rerum
373 2693 503 2744 omnium
531 2692 683 2744 tradantur
712 2699 741 2745 et
768 2690 987 2761 explicentur.“
1010 2689 1079 2745 Ενη.
1117 2687 1287 2755 „rotimum

55 2772 57 2776 ·
127 2761 148 2816 i.
176 2778 202 2815 e.
230 2765 432 2816 sententiarum
458 2779 474 2815 e
503 2762 616 2817 ratione
645 2761 695 2815 vel
725 2761 900 2836 cogitatione
922 2759 1090 2813 natarum.“
1120 2757 1215 2812 Ksldn.
1252 2762 1287 2813 ln

127 2830 210 2888 duob.
231 2834 300 2885 Oxx.
322 2833 461 2884 scribitur
478 2831 599 2898 ratione,
621 2834 724 2886 omisso
742 2830 901 2887 collatione:
929 2832 963 2882 in
980 2831 1069 2884 llarb.
1095 2839 1197 2883 contra
1215 2829 1287 2883 haec

122 2917 183 2954 vox
209 2903 252 2954 bis
279 2903 336 2954 scri
359 2910 387 2954 ta
413 2910 465 2955 est.
503 2905 567 2954 Post
595 2903 623 2956 ei
648 2903 784 2956 omissum
810 2911 854 2955 est
880 2909 909 2956 et
935 2902 968 2954 in
990 2917 1049 2954 uno
1073 2901 1125 2955 Ox.
1149 2902 1236 2954 Vind.
1263 2907 1287 2956 l.

125 2975 201 3025 ltlon.
222 2978 247 3028 l.
275 2921 365 3026 Rehd.
391 2972 487 3025 Duisb.
525 2975 591 3026 Mox
613 2972 703 3032 Rehd.
729 2975 851 3029 inuenta
874 2989 927 3044 pro
948 2972 1121 3038 adiumenta,
1148 2972 1286 3028 ridiclde.

125 3044 201 3096 lllon.
223 3049 247 3099 l.
273 3050 420 3114 putamur.
457 3044 519 3098 Mr.

197 3116 263 3169 dene
289 3112 419 3185 leoteosre
444 3112 586 3182 uiuendi]
623 3116 658 3168 In
674 3116 734 3169 fine
757 3114 829 3169 libri
845 3112 913 3168 (lod.
932 3113 1006 3190 Aug.
1026 3112 1128 3168 hahet:
1160 3114 1289 3183 Explicit

124 3184 174 3240 lio.
194 3187 249 3243 IV.
268 3185 354 3255 incip.
378 3186 411 3242 V.
431 3192 458 3238 et
476 3185 591 3239 ultimus
607 3186 797 3241 remmus.
814 3184 971 3253 quaestion.
989 3186 1137 3240 mmmm
1152 3185 1286 3239 virtutem

124 3255 198 3311 eolis
214 3274 275 3311 eree
293 3259 331 3310 ad
346 3259 461 3310 beatam
477 3259 564 3311 eitam
582 3256 642 3310 sice
658 3259 699 3311 od
714 3259 796 3311 beate
811 3257 985 3321 vivendum
1001 3257 1077 3311 cun
1088 3262 1113 3312 l.
1134 3257 1180 3310 M.
1198 3257 1289 3311 lunii

125 3327 274 3382 Ciceronis
304 3329 527 3381 Tusculanorum
549 3326 621 3381 liber
639 3329 709 3381 1111.
735 3327 862 3397 explicit,
889 3326 990 3396 incepit
1015 3328 1087 3381 liber
1108 3328 1172 3399 Υ..
1187 3327 1286 3381 Duisb.

124 3400 224 3452 Marci
251 3400 341 3452 Tullii
367 3399 511 3452 Cicerones
535 3398 759 3453 celumensis
782 3397 975 3455 Orestiona'due
997 3398 1071 3452 liber
1088 3401 1215 3454 Quartus
1239 3415 1288 3453 ex-

121 3470 213 3540 plicit.
250 3469 493 3538 recepissemus.
513 3472 589 3522 lton.
611 3474 634 3524 l.
654 3472 697 3525 M.
717 3471 747 3521 Τ.
766 3470 798 3523 0.
818 3471 1038 3523 turonensem
1055 3468 1288 3538 Quartam

125 3542 250 3596 Quartus
282 3539 410 3610 Explicit
435 3538 527 3593 Liber.
565 3540 671 3610 Incipit
695 3539 782 3594 Later
808 3539 934 3609 Quintus·
968 3543 1047 3594 Mon.
1067 3543 1094 3595 2.
1132 3541 1176 3592 M.
1200 3541 1233 3592 Τ.
1251 3541 1285 3593 0.

127 3611 350 3665 Tusculanorum
368 3612 552 3666 coertionem
571 3612 650 3666 Quod
674 3612 721 3664 Ad
737 3613 812 3664 Bene
837 3612 977 3680 Rectaque
999 3611 1154 3665 Vivenom
1183 3611 1288 3664 Virtus

37 3704 48 3715 ·
124 3681 161 3736 Se
178 3682 247 3752 Ipsa
265 3683 400 3736 Contenta
417 3681 463 3735 sit
481 3679 566 3733 Liber
585 3680 708 3736 Ultimum
726 3681 860 3737 Feliciter
875 3681 989 3750 incipit.
1026 3680 1086 3737 Mr.

469 4443 598 4486 flaconem
617 4443 682 4498 typis
701 4441 806 4493 trainam
823 4441 929 4487 Iaemclre.
