2842 5070
78 308 92 373 1
160 296 183 363 e
251 240 257 251 ⁸
364 290 596 359 orcanome
617 290 865 358 nuscanum
887 238 1118 359 merome.

159 463 275 532 maren
295 469 463 544 appareat.
504 457 592 522 Sunt
615 458 704 520 enim
732 457 876 558 inperiis
904 460 1029 522 neuris
1056 459 1183 523 semina
1202 459 1317 520 innata

158 544 339 620 vicimum,
372 542 466 625 quac'
481 542 512 603 si
543 538 734 603 adolescere
760 541 891 619 laceret,
922 543 995 624 ipsa
1023 542 1084 604 noa
1110 539 1161 603 ad
1186 540 1317 604 beatam

112 632 138 683 b·
160 629 268 692 vitam
296 634 415 686 natura
445 621 658 706 perduceret.
707 622 807 685 Nunc
832 632 957 700 autem,
979 625 1080 686 simul
1107 632 1207 706 atque
1232 621 1317 685 editi

160 711 197 773 in
218 710 327 772 lucem
349 717 383 771 et
404 707 549 788 suscepti
575 725 700 782 saurus,
727 706 762 765 in
789 707 882 767 omni
907 707 1066 767 continuo
1094 708 1262 789 pravitate
1282 712 1317 767 et

159 794 345 856 in-summa
366 790 563 870 opinionum
584 789 806 869 perversitate
827 806 1017 850 versamur:
1045 797 1084 851 ut
1110 807 1215 871 pastro
1240 808 1316 851 cum

161 877 247 950 lacte
279 873 422 935 nutricis
452 888 608 934 errorem
633 871 762 931 suxisse
789 868 974 935 videamur.
1018 870 1127 934 Quum
1155 891 1238 934 vero
1260 889 1317 955 pa-

697 998 798 1007 »...ω-συοο
801 997 1082 1006 -η-ι-ω--ω--υ-ωι-

156 1061 248 1140 0151.
269 1099 297 1152 q.
323 1080 472 1151 depravati
495 1095 610 1166 eumusq
639 1077 808 1138 Abistivum
832 1083 935 1133 nostro
963 1075 1029 1131 loco
1060 1084 1123 1132 tum
1149 1079 1315 1150 ponendum

158 1153 368 1217 existimarem,
398 1153 424 1206 si
446 1153 526 1206 infra
548 1159 690 1221 scriptum
715 1158 790 1205 esset
813 1149 844 1203 in
867 1151 943 1215 omni
958 1152 1140 1218 peruersitate
1163 1156 1190 1203 et
1208 1166 1315 1211 eupvna

160 1223 325 1294 opinionum
340 1224 520 1292 pravitate
537 1237 694 1277 vereamur:
716 1229 750 1275 ut
769 1229 811 1274 est
830 1238 891 1290 cap.
910 1221 937 1275 1.
956 1237 1019 1290 prc.
1036 1219 1181 1289 inficimur
1205 1221 1317 1290 opinio·

161 1312 227 1353 nean
249 1293 401 1363 pravitate.
441 1294 543 1364 Neque
566 1309 629 1368 ego
643 1291 798 1347 admodum
825 1291 988 1346 offenderer
1015 1290 1141 1345 aliorum
1173 1292 1315 1346 librorum

156 1366 288 1421 lectione
314 1366 510 1432 depravatos,
538 1362 671 1434 quamvis
699 1362 854 1416 contendat
876 1361 947 1415 Dav.
975 1361 1116 1429 igniculos
1145 1362 1317 1432 depravatae
1344 1413 1346 1417 ,

162 1456 179 1490 a
196 1436 280 1490 nullo
300 1452 432 1504 unquam
458 1435 570 1488 dictum
594 1448 656 1491 esse
675 1434 827 1504 scriptore.
866 1431 940 1498 Quid
963 1435 1043 1488 enim
1067 1433 1127 1487 dici
1144 1449 1204 1488 non
1221 1434 1317 1505 possit

161 1505 457 1579 virtutisigniculos
485 1506 568 1559 nobis
593 1507 708 1558 innatos
735 1504 786 1558 vel
815 1506 924 1574 semina
952 1504 1072 1557 virtutis
1096 1505 1179 1559 nobis
1206 1505 1316 1568 innata,

160 1577 316 1648 depravari
335 1585 365 1630 et
382 1576 467 1630 vualis
484 1575 614 1629 moribus
633 1581 662 1627 et
674 1591 697 1629 ,0
720 1575 852 1628 inionem
870 1573 1010 1628 levitate?
1047 1572 1104 1628 Sed
1130 1575 1239 1644 peioris
1264 1590 1317 1628 no·

161 1656 208 1703 tue
228 1647 394 1709 suntttbri,
414 1647 466 1716 qui
484 1645 681 1700 accusativum
698 1592 815 1711 iebant,
834 1644 907 1720 Aug.
927 1647 1002 1698 Mon.
1022 1648 1048 1698 ⁴2.
1074 1646 1158 1702 Vind
1180 1651 1204 1702 1.
1223 1644 1315 1702 Rehd.

159 1719 260 1772 Duisb.
294 1715 470 1784 (hiemabat
499 1715 724 1787 questionibus
758 1717 967 1783 depravatas).
1004 1715 1052 1768 Ex
1075 1716 1150 1770 Edd
1180 1717 1240 1772 sola
1265 1719 1315 1771 Fr.

161 1789 246 1842 Febr.
275 1789 472 1842 accusativum
500 1785 626 1842 exhibet.
671 1786 752 1854 erod
774 1802 846 1841 vero
872 1788 915 1842 ait
938 1787 985 1841 Or.
1009 1804 1105 1856 neque
1129 1788 1184 1842 sibi
1201 1789 1318 1859 placem

162 1859 246 1917 mulie
263 1860 299 1912 ad
317 1857 496 1927 opinionibus
521 1860 612 1913 etiam.
631 1857 765 1923 relatum,
788 1864 817 1912 et
836 1859 984 1911 commode
1002 1860 1120 1928 utrique
1139 1860 1317 1914 substantivo

162 1929 249 2057 iiii
265 1928 1014 2068 diditi.:ittet’.ittttttttzttt
1027 1931 1318 2053 ”tittttttttz

160 2059 235 2144 ‘quid
252 2074 330 2125 inest
348 2072 515 2140 imperfecti
532 2079 562 2127 et
579 2070 657 2140 quod
675 2036 826 2123 in'errore
845 2070 957 2122 versari
980 2068 1114 2124 videatur
1136 2069 1206 2135 (vid.
1227 2069 1317 2123 tinem

157 2144 293 2214 capitis),
312 2142 438 2194 suavibus
455 2157 535 2205 vero,
555 2143 581 2194 si
598 2139 781 2209 improbandi
800 2137 948 2204 videntur,
971 2138 1134 2193 addendum
1158 2147 1202 2193 est
1225 2137 1317 2194 irrite·

162 2232 212 2268 rev
230 2214 261 2267 id
279 2213 456 2288 significans.
476 2212 629 2284 —Pergit
649 2210 716 2282 (iod.
737 2209 836 2263 Duisb.
856 2212 898 2264 sic
916 2209 1143 2278 extinguimus,
1170 2227 1245 2266 unus
1264 2211 1314 2264 Ox.

160 2285 240 2344 (iud.
260 2284 348 2336 Marb.
368 2282 440 2357 Aug.
460 2283 672 2350 restringimus.
710 2284 770 2335 Mv.
1139 2327 1142 2332 .
1202 2331 1205 2335 ,
1280 2327 1281 2330 ,

161 2410 164 2415 ,
236 2352 468 2420 Opinionitusqne
486 2352 648 2422 depravati]
685 2351 745 2405 Alii
764 2350 924 2420 depravatis
931 2369 941 2416 3
967 2350 1083 2405 Ballioi.
1104 2351 1174 2405 Med.
1199 2360 1229 2408 et
1246 2351 1315 2407 Bak.

161 2443 231 2480 num
249 2423 320 2476 Pall.
339 2440 386 2494 pr.
406 2440 460 2477 soc.
480 2425 573 2492 quint.
595 2425 886 2492 deprnvutvsequam
906 2422 1060 2476 lectionem
1080 2422 1163 2477 nullo
1182 2440 1233 2477 suo
1256 2443 1319 2479 me·
1407 2484 1409 2487 ,

164 2497 223 2557 rito
246 2495 350 2566 probat
372 2494 422 2547 Fr.
442 2494 609 2556 Fabricium
635 2493 775 2560 igniculos
793 2495 880 2566 ⁴enim
907 2493 1075 2562 depravatos
1101 2495 1192 2549 fuisse
1218 2495 1318 2550 nullus

164 2583 291 2638 unquam
310 2564 386 2618 dixit
404 2566 539 2634 scriptor.
577 2565 613 2618 D.
1289 2573 1292 2584 ’

162 2690 165 2695 .
236 2637 306 2699 Sunt
324 2634 399 2690 enim
416 2634 540 2704 ingeniis
557 2640 662 2691 nostris
679 2637 785 2690 semina
803 2637 900 2690 innata
918 2634 1065 2701 virtutum]
1100 2637 1158 2699 „V.
1178 2637 1214 2690 de
1230 2637 1317 2695 Finn.

164 2707 196 2759 V.
218 2711 260 2764 15.
280 2725 308 2778 p.
328 2709 390 2764 586.
426 2707 506 2760 Plato
527 2706 651 2759 Amator.
672 2723 696 2758 c.
716 2711 741 2762 3.
762 2707 797 2759 de
816 2706 990 2777 disciplinis·
1007 2707 1111 2776 quitus
1130 2709 1243 2761 animus
1262 2709 1319 2760 im-

163 2778 278 2832 buitur:
302 2779 477 2846 μαθημάτων
502 2777 656 2845 εἰςψυχὴν
674 2781 802 2847 pdrsuosr
818 2783 871 2831 'rui
890 2779 1008 2847 σποράν,
1046 2779 1194 2832 Musonius
1212 2779 1245 2831 in
1264 2779 1320 2831 Ob·
1406 2841 1412 2853 .

165 2865 240 2904 serv.
271 2848 394 2904 Miscell.
418 2848 482 2901 VII.
513 2865 541 2918 p.
568 2851 630 2912 194.
668 2849 781 2918 outone
808 2846 903 2918 ἀρετῆς
932 2846 1036 2912 ἑκάστῳ
1063 2847 1142 2917 ἡμῶν
1179 2848 1317 2903 ἐνεῖναι.“

164 2916 279 2973 Seducit.
317 2917 398 2971 Adde
422 2936 494 2989 quos
517 2917 617 2971 iaudat
643 2906 746 2973 Ochsn‘.
770 2919 806 2972 ad
831 2920 861 2972 5.
882 2919 903 2972 1.
924 2919 984 2973 cic.
1003 2921 1126 2997 Eclogg.
1146 2938 1175 2991 p.
1195 2923 1255 2976 344.
1286 2922 1318 2973 ia
1349 2969 1362 2983 ‚

163 2991 271 3059 primis
291 2988 496 3060 deFinn.1V.
519 2992 544 3043 7.
563 2998 637 3047 extr,
661 3018 691 3026 -
729 2991 783 3042 Pro
802 2991 925 3057 enimin
945 2990 1019 3048 Gud.
1039 2994 1066 3047 2.
1093 2998 1135 3046 eet
1159 2990 1260 3058 igitur,
1286 2992 1320 3043 in

165 3058 242 3112 Gud.
263 3065 289 3116 l.
316 3063 417 3114 seruita
439 3074 494 3130 pro
521 3063 636 3114 semina.
673 3061 708 3113 ln
734 3077 812 3131 seqq.
838 3079 911 3116 unus
931 3060 981 3115 Ox.
1001 3079 1067 3115 vero
1094 3077 1149 3133 pro
1168 3077 1227 3118 nos.
1264 3062 1319 3115 Pro

151 3137 266 3184 'natura
282 3132 447 3198 perduceret
471 3131 671 3189 Burmannum
698 3132 856 3188 coniecisse
880 3134 974 3186 refert
992 3133 1168 3188 Bouhierius
1194 3139 1320 3185 matura

161 3202 385 3270 perducerent:
409 3202 496 3271 idque
520 3202 562 3266 ei,
593 3201 670 3271 quod
693 3202 822 3269 mireris,
846 3201 929 3258 valde
955 3202 1096 3273 placebat.
1118 3202 1211 3261 'Gud
1233 3202 1320 3256 habet

162 3273 326 3340 perduceret
345 3279 456 3338 natura,
475 3274 550 3328 Mon.
572 3277 607 3329 1.
618 3281 648 3327 et
665 3272 720 3325 duo
740 3273 809 3327 Oxx-
826 3277 1021 3344 produceret.
1060 3276 1120 3330 Mr.

235 3341 316 3397 Nunc
334 3345 434 3410 autem]
472 3343 567 3414 Supra
592 3343 656 3399 sine
678 3345 823 3413 particula
847 3344 1027 3400 adversativa
1053 3344 1129 3398 dixit
1145 3343 1227 3397 Nunc
1250 3359 1320 3413 par-

164 3416 244 3467 vulos
268 3421 322 3466 otc.
361 3414 405 3467 Ad
428 3414 515 3468 illum
541 3415 639 3468 locum
666 3415 764 3469 laudat
787 3414 883 3469 111150.
912 3412 1237 3471 captivantem.
1275 3413 1320 3469 Ad

164 3481 244 3547 hunc
267 3491 399 3537 nostrum
427 3503 454 3538 v.
476 3485 582 3538 Handii
606 3483 765 3540 Tursellin.
785 3487 807 3539 1.
831 3503 861 3556 p.
881 3489 933 3543 582
952 3505 995 3557 sq.
1032 3485 1076 3539 Ad
1098 3501 1177 3555 seqq.
1204 3488 1321 3540 confert

166 3553 268 3614 ochsn.
290 3555 427 3609 Gellium·
439 3554 476 3608 N.
494 3555 528 3608 A.
547 3555 609 3613 x11.
626 3558 656 3611 5:
687 3557 715 3610 si
738 3572 810 3611 unus
833 3557 948 3627 quisque
975 3561 1110 3621 nostrum,
1135 3555 1320 3625 simulatque

165 3622 260 3681 editae
276 3629 307 3681 in
325 3630 413 3680 lucem
430 3627 516 3690 foret.
553 3627 647 3680 Locus
664 3635 708 3682 est
724 3646 753 3699 p·
763 3629 825 3685 556.
845 3629 889 3681 ed.
909 3629 999 3682 Gran.
1017 3629 1144 3682 Annotat
1162 3625 1321 3682 Gothofre-

151 3696 233 3752 dus:
252 3696 325 3750 editi
342 3715 358 3749 a
376 3703 478 3760 matre,
498 3697 619 3765 suscepti
635 3716 651 3751 a
669 3707 760 3767 patre.
789 3696 968 3770 (11110505
996 3698 1032 3751 ad
1048 3696 1165 3752 Terent.
1185 3698 1275 3752 Andr.
1295 3700 1319 3757 1.

164 3772 254 3825 3-14.
282 3785 310 3838 p.
331 3769 375 3822 45.
400 3767 443 3821 sd.
472 3768 576 3822 Bruns.
598 3796 631 3806 -
660 3770 728 3823 God.
757 3768 832 3824 eud.
850 3767 936 3823 habet
959 3766 989 3820 ia
1014 3770 1101 3824 lucem
1118 3769 1198 3824 editi.
1218 3770 1319 3825 Duisb.
1369 3802 1371 3805 .

165 3837 237 3894 editi
254 3839 286 3892 iu'
305 3841 394 3892 lucem
412 3854 505 3891 mvnvs
523 3846 548 3892 et
566 3843 696 3908 suscepti.
725 3841 799 3916 Aug.
818 3839 848 3893 in
866 3840 956 3892 luas:
985 3837 1062 3892 idem
1086 3857 1153 3894 mox
1178 3843 1320 3896 contiuua

164 3909 251 3963 vind.
272 3913 297 3963 l.
326 3908 438 3961 omittit
464 3908 496 3962 in
520 3917 587 3963 ante
612 3926 729 3978 mmme,
755 3928 822 3965 cum
846 3908 935 3963 Rehd
956 3907 1030 3961 Gud.
1054 3909 1142 3965 habet
1159 3913 1318 3983 opinionis.

166 3979 210 4041 De
234 3997 289 4043 usu
311 3979 391 4032 vocis
416 3982 543 4034 contiuuo
568 3980 627 4034 vid.
654 3980 791 4034 Ochsner.
816 3979 837 4030 l.
859 3997 884 4032 a.
912 3996 941 4049 p.
963 3982 1015 4036 1⁰³
1033 4000 1082 4054 sq.
1119 3982 1164 4038 Ad
1190 4001 1254 4040 rem
1281 3984 1318 4035 ci.

166 4049 325 4104 Pacciolati
343 4051 438 4103 Instit.
458 4052 581 4128 logicae
599 4052 806 4123 Peripateticae
821 4066 851 4119 p.
873 4050 932 4105 104.
958 4052 1018 4105 Mr.
1057 4092 1059 4096 ⁴

238 4137 364 4175 errorem
374 4122 495 4189 suxisse]
513 4123 598 4188 „Nic
606 4123 744 4177 Heinsius
752 4121 867 4190 pofe‘tam
877 4120 948 4196 agit,
967 4140 1057 4193 quum
1071 4125 1103 4179 in
1113 4123 1192 4177 notis
1205 4121 1320 4177 0110νί-

167 4189 247 4247 dium
253 4192 291 4250 11.
302 4193 379 4246 Fast.
389 4194 452 4248 419.
465 4194 568 4247 scribit
578 4208 704 4246 errorem
713 4192 868 4256 desiere,
880 4192 1194 4263 prorsusfuribunde.“
1201 4192 1320 4250 Gronov.

191 4318 204 4325 ,,
238 4264 327 4325 Quum
344 4280 410 4318 uero
426 4265 588 4335 parentibus
605 4260 722 4327 redditi,
742 4262 873 4316 demum
896 4264 1048 4333 magistris
1063 4262 1174 4325 traditi
1195 4265 1319 4331 sumum]

167 4334 272 4400 „Haec
294 4342 338 4391 est
354 4353 424 4390 vera
443 4344 472 4390 et
490 4337 603 4389 sincera
628 4333 783 4403 scriptura,
807 4351 886 4387 nunc
908 4338 1024 4391 tandem
1046 4352 1063 4387 a
1086 4335 1168 4389 nobis
1193 4332 1248 4389 hac
1276 4352 1321 4391 se·

167 4406 259 4462 cunda
279 4407 409 4463 editione
426 4407 570 4462 restituta.
590 4403 665 4459 Nam
684 4402 804 4480 vulgata
820 4404 920 4472 lectio,
939 4406 971 4461 id
988 4411 1041 4473 est,
1059 4405 1165 4461 vitiosa
1183 4414 1214 4462 et
1230 4424 1321 4478 prave

139 1134 149 1168 1
