2842 5070
416 352 419 356 Α
516 294 840 384 ‘unumst
1214 253 1325 373 tit.

125 489 221 551 qnam
243 488 310 530 non
331 469 459 531 iniuria
480 469 705 532 Dicaearchus
726 469 887 544 accusat)
920 469 979 548 qui
998 469 1117 530 'amori'
1131 472 1278 531 auctori-

124 563 228 614 tatem
250 553 486 615 tribueremus.
517 551 632 636 Stoici,
644 571 728 615 uero
750 559 784 613 et
804 552 985 633 sapientem
1001 558 1191 613 amaturum
1206 571 1278 616 esse
1298 557 1341 614 ⁷2

123 735 221 790 Nihilo
243 736 344 790 rninue.
381 738 514 792 Ceterum
537 753 710 808 prosumus
733 745 776 791 est
800 737 915 792 summis
938 737 969 790 in
986 737 1039 789 Ed.
1060 735 1100 802 8.,
1126 737 1229 792 ῗιανοναι·
1246 738 1281 790 in‘·

123 807 181 860 MS.
202 824 293 881 marg.
313 807 377 864 Asc.
397 812 423 864 2.
443 809 496 863 Ed.
516 810 550 861 Ε.
587 809 654 871 Sola
672 811 735 863 Asc.
755 811 780 864 1.
801 810 832 859 in
850 825 940 882 marg.
953 805 1048 860 'hahet
1069 808 1097 859 Α
1112 807 1280 875 *phileto⁴

121 876 205 944 phio
219 894 316 931 santus
335 878 437 948 exorti.
474 880 623 952 cogitabat
640 882 760 932 fortasse
775 886 928 935 corrector
945 876 1048 930 erorai.
1076 877 1163 931 Abest
1178 884 1279 932 nostro

124 965 141 999 a
159 948 243 1001 Codd.
264 949 337 1001 Gud.
358 954 382 1004 2.
402 950 476 1025 Aug.
495 951 582 1002 Marb.
604 950 717 1021 Gryph.
738 958 767 1002 et
785 957 842 1000 vet.
864 949 923 1002 cod.
953 949 984 999 in
1003 966 1094 1023 marg.
1114 950 1228 1002 Lambb.
1249 957 1280 1008 et
1327 980 1333 991 .

125 1018 213 1070 Goth.
234 1019 321 1089 idque
337 1020 470 1090 probasse
489 1020 594 1088 ibidem
614 1021 724 1074 dicitur
741 1020 904 1072 Lambinus.
941 1019 1199 1077 Platonem'memo
1217 1019 1281 1073 cul-

124 1088 213 1157 pabit,
246 1092 297 1158 qui
322 1090 429 1164 legerit
454 1091 566 1166 egregii
594 1093 688 1161 operis
706 1092 741 1142 V.
761 1091 803 1144 ct.
822 1108 878 1142 van
896 1089 1007 1142 Heusde
1025 1099 1137 1160 partem
1155 1092 1279 1161 primam

124 1158 290 1225 initiorum,
310 1161 386 1222 dico,
405 1159 604 1231 Philosophiae
622 1162 794 1227 Platonicae,
814 1162 885 1230 quae
905 1160 1000 1212 estde
1017 1160 1199 1232 Philosophia
1213 1161 1280 1213 Pul-

123 1228 200 1295 chri,
225 1231 340 1299 eiusque
366 1231 440 1284 illud
463 1240 561 1302 caput,
586 1233 662 1300 quod
688 1232 730 1284 est'
755 1232 788 1285 de
811 1232 916 1283 Amore
943 1247 971 1299 p.
991 1233 1026 1286 96
1044 1249 1105 1300 sqq.
1144 1233 1280 1284 Ceterum

123 1300 271 1352 Platonem
291 1319 306 1354 a
324 1301 499 1355 Dicaearcho
517 1310 681 1355 accusatum
700 1319 757 1355 esse
777 1302 891 1354 aliunde
909 1316 967 1353 non
985 1300 1141 1355 novimus.x
1157 1302 1193 1354 ln
1211 1302 1280 1355 eod.

123 1373 198 1423 Mon.
220 1375 243 1426 1.
264 1371 402 1425 scribitur
419 1371 622 1426 Dicearcus
639 1374 776 1440 quidem
787 1379 910 1426 accusat.
937 1371 1062 1424 Additur
1075 1372 1281 1442 quidemetiam

124 1440 156 1492 in
175 1440 242 1495 Cod.
261 1443 348 1494 Rebd.
386 1444 441 1496 Pro
461 1443 509 1513 qai
527 1452 569 1496 est
588 1460 641 1512 qua
659 1445 691 1496 in
708 1444 775 1496 Ood.
795 1442 901 1508 Duisb.,
921 1442 994 1510 quod
1012 1443 1043 1493 in
1060 1444 1188 1513 unoOx.,
1206 1442 1280 1496 alius
1375 1485 1378 1495 .

123 1510 210 1564 habet
232 1521 375 1567 auctorem
390 1529 445 1581 pro
463 1514 669 1568 auctoritatem.
707 1516 761 1567 Pro
781 1514 967 1566 tribueremus
986 1521 1028 1565 est
1054 1512 1207 1566 tribuerit
1230 1514 1280 1566 nia

124 1582 190 1634 mis
209 1586 239 1637 in
259 1601 317 1635 uno
335 1586 384 1638 Ox.
404 1585 477 1641 Edd.
497 1588 527 1638 P.
546 1584 580 1636 A.
599 1587 632 1638 B.
653 1584 790 1638 (indunt.
815 1584 880 1636 Asc.
900 1587 925 1638 1.
945 1586 971 1639 2.
996 1586 1067 1635 Van.
1094 1593 1200 1648 nostr.;
1227 1583 1302 1635 tri„

124 1653 237 1709 boaret
256 1653 366 1709 nimia
388 1655 420 1707 in
443 1658 520 1712 Mon.
539 1657 572 1717 25
604 1655 817 1708 tribueremus
833 1655 875 1705 ¹in
897 1669 957 1706 uno
985 1653 1048 1721 Ox„
1071 1654 1223 1708 tribueret
1248 1655 1279 1706 in

123 1725 199 1780 Mon.
223 1731 252 1789 ¹3
270 1725 392 1778 tribuet
409 1726 441 1777 in
458 1725 543 1800 Aug„
563 1725 718 1778 tribuerit
734 1725 806 1777 Edd·
825 1725 853 1779 S.
873 1725 908 1778 Ε.
944 1724 1004 1777 Μν.
1129 1767 1131 1770 ⁴

196 1797 322 1849 Auctore
340 1796 450 1866 quidem
468 1803 563 1860 nostro
581 1794 707 1861 Platone]
734 1797 852 1866 'Turpia
871 1803 938 1847 sunt
955 1796 987 1847 in
1003 1793 1130 1850 Phaedro
1149 1804 1178 1850 et
1196 1796 1280 1867 syna

124 1864 215 1934 posin,
236 1867 361 1936 quaeda
375 1883 475 1919 amore
502 1867 617 1937 scripsit
636 1868 688 1920 ille
710 1866 907 1936 Philosophus.
944 1865 1054 1918 Eorum
1078 1867 1218 1920 nonnulla
1235 1883 1295 1920 res-t

124 1936 200 2004 petit
218 1938 359 1990 Maximus
373 1938 481 2007 Tyrius
494 1937 712 2003 Diss.xx1v‚t.
731 1937 804 1990 Vide
815 1946 845 1989 et
852 1936 1009 1989 Eusebium
1017 1938 1062 1989 Pr.
1073 1938 1122 1990 Dr.
1137 1937 1188 1990 lib.
1194 1936 1278 1990 XIII.

125 2021 186 2076 cap.
206 2010 248 2062 20.
287 2007 361 2073 Quin
385 2009 474 2061 immo
501 2009 698 2077 παιδερασιαῖς
720 2008 788 2060 adeo
813 2008 938 2060 ainicum
962 2023 991 2059 se
1014 2007 1157 2076 praebuit,
1179 2016 1213 2059 ut
1237 2007 1280 2060 tiz
1354 2014 1387 2027 ·‘

124 2078 204 2130 xerit
220 2077 283 2139 τούς
300 2078 376 2148 παραὶ
394 2079 445 2145 τὴν
464 2079 553 2148 φύσιν
565 2083 689 2148 δσελγιῖν
707 2075 918 2145 ἀσπαζομένους
936 2075 1065 2143 saiands
1081 2084 1231 2147 μακαρίους
1245 2080 1282 2129 ,-ι’
1385 2110 1389 2117 ·

125 2148 173 2199 uni
190 2146 395 2216 ἐκδημήσαντας
414 2147 542 2203 ἐντεῦθεν
561 2147 728 2218 εὐδαίμονας
746 2148 867 2214 ἔσεσθαι,
890 2148 966 2217 quod
983 2148 1110 2200 adductis
1136 2149 1197 2201 eius
1214 2164 1281 2201 vert-

124 2216 169 2271 bis
187 2220 504 2289 probatTheodoretus
522 2220 647 2290 Therap.
666 2221 715 2276 tx„
735 2236 799 2302 pag.
821 2223 879 2274 1³1.
908 2217 1106 2271 Tertullianus
1117 2218 1158 2270 >de
1176 2218 1282 2272 Anima

124 2304 185 2359 cap.
205 2290 277 2342 LIV.
314 2289 398 2344 Plato
417 2291 525 2360 quidem
544 2307 598 2343 non
616 2297 718 2344 temere
733 2287 958 2358 pbilosophorum
976 2288 1122 2342 animabus
1129 2287 1180 2342 boc
1195 2305 1282 2357 praes

125 2365 190 2418 stat,
209 2363 254 2419 (ut
274 2377 318 2412 eas
336 2361 368 2411 in
386 2361 517 2430 supernis
534 2361 729 2414 mansionibus
748 2360 883 2425 collocet)
909 2360 961 2412 aed
986 2374 1090 2425 aarum,
1118 2361 1167 2428 qui
1189 2356 1283 2428 philos

124 2428 252 2498 sophiam
270 2429 378 2497 scilicet
396 2431 593 2495 exornaverint
611 2448 706 2485 autore
721 2446 881 2499 puerorum.
917 2430 1000 2482 Adeo
1018 2430 1103 2483 etiam
1125 2430 1203 2489 inter
1216 2428 1283 2498 pti.

126 2499 254 2567 ίοιορΙιοι
285 2516 416 2569 magnum
447 2499 530 2553 labet
552 2501 735 2570 priuilegium
761 2500 920 2568 impuritas.
963 2500 1028 2553 Huc
1055 2500 1167 2553 adludit
1193 2502 1283 2553 etiarn

124 2572 267 2623 Lucienus
292 2572 391 2623 Amor.
415 2572 496 2624 Tom.
517 2573 540 2624 1.
586 2591 630 2651 ag.
650 2575 712 2630 909.
751 2571 896 2624 Scelerata
921 2570 978 2622 alia
1003 2569 1080 2622 dicta
1102 2562 1228 2623 Platonis
1245 2572 1281 2626 ad
1378 2573 1384 2582 '

124 2657 253 2694 amorem
269 2641 432 2712 spectantia.
444 2644 538 2695 refert
579 2644 687 2712 yrillus
712 2644 744 2695 in
761 2642 864 2694 Iulian.
893 2640 943 2696 lib.
962 2640 1010 2693 Pl.
1031 2657 1067 2708 pa
1090 2668 1097 2692 .
1118 2644 1178 2696 187.
1206 2641 1281 2692 eius·
1375 2661 1376 2664 ¹

125 2729 181 2780 que
203 2728 303 2764 versus
330 2714 483 2779 amatorios
507 2713 728 2783 suppeditabunt
756 2712 922 2765 Athenaeus
948 2711 998 2763 lib.
1023 2711 1063 2763 xi
1094 2734 1112 2764 v
1128 2729 1192 2784 pag.
1217 2713 1284 2767 589.

124 2781 268 2855 Diogenes
287 2783 419 2836 Laertius
438 2784 491 2847 Ill,
510 2786 556 2846 19,
576 2801 656 2852 seqq.
676 2792 705 2836 et
724 2782 863 2851 Apuleius
880 2780 963 2851 Apol.
989 2798 1060 2855 pag..
1074 2784 1135 2837 416.
1171 2781 1227 2836 Sed
1250 2790 1283 2851 etr

124 2849 247 2907 Diouem
266 2853 391 2905 Platonis
415 2853 503 2904 tuisse
532 2853 644 2906 necdum
672 2854 762 2906 tradit
780 2853 917 2906 Aelianus
933 2853 968 2907 V.
989 2853 1024 2903 il.
1045 2852 1095 2915 tV,
1113 2854 1157 2907 tt.
1201 2851 1284 2916 Quod

124 2923 159 2985 si,
179 2932 266 2993 prout
284 2931 407 2975 testatur
425 2924 586 2992 Hesychius
604 2925 742 2989 Milesius,
766 2932 856 2975 etex
879 2939 911 2975 eo
931 2921 1038 2986 suidas,
1056 2916 1171 2975 Πλάτων.
1185 2921 1214 2974 «δ
1232 2940 1284 2991 pt«

125 2987 248 3114 λὸροφος
270 2994 375 3062 λέγεται
397 2993 436 3060 μὴ
462 2991 555 3062 νόμον
576 2991 637 3048 τινὰ
661 2993 735 3067 μηδὲ
758 2993 870 3062 ὁμιλίαν
885 2986 1034 3064 σώματος
1055 2993 1183 3052 καθάπαξ
1214 2994 1282 3046 ἀνα-
1371 3009 1372 3016 ’

124 3079 159 3132 σχ
174 3069 249 3128 σθαι,
388 3104 395 3110 .
508 3085 511 3089 ’
591 3097 592 3100 =
1008 3069 1010 3072 ’
1074 3083 1078 3090 ’
1216 3095 1220 3102 ‹

289 3134 423 3188 Lascivus
441 3135 566 3206 scriptis,
585 3151 706 3204 corpore
724 3144 815 3188 castus
833 3141 903 3189 erat.
940 3159 944 3164 ·
993 3184 996 3188 Α
1047 3190 1049 3198 ,
1277 3174 1282 3182 .

125 3204 200 3257 Sane
227 3206 373 3258 Platonem
397 3205 516 3275 aliquod
539 3212 716 3273 perpetrasse
743 3206 886 3274 flagitium
901 3207 992 3260 nullus
1015 3203 1214 3260 historicorum
1236 3206 1284 3260 υιλ

124 3273 274 3329 Poetarum
293 3276 367 3330 dicit
392 3284 441 3329 aut
458 3278 549 3342 finxit,
576 3276 601 3328 si
628 3277 698 3329 fides
722 3276 883 3352 Augustino
901 3278 935 3331 0.
952 3278 989 3330 D.
1013 3277 1071 3329 lib..
1087 3277 1126 3328 lh
1152 3293 1213 3347 cap.
1235 3280 1281 3333 14.

125 3346 243 3416 eiusque
261 3347 296 3400 de
309 3363 414 3407 ,amore
430 3348 574 3400 sententia
590 3347 779 3412 vitiaverat,
804 3347 828 3398 si
844 3348 935 3401 modo
959 3349 1151 3416 interpretem
1173 3347 1281 3417 accipie

125 3434 188 3468 inus
206 3416 363 3487 Apuleium
382 3419 416 3471 de
434 3418 530 3473 Habit.
548 3417 647 3471 Doctr.
667 3418 738 3471 Plat.
752 3436 790 3488 pa
833 3443 846 3473 .·
859 3422 922 3484 610,
941 3420 1003 3474 6112
1040 3418 1077 3471 Β.

126 3559 177 3613 1²9
196 3488 356 3610 Sapientem
371 3495 535 3543 amaturum
548 3503 607 3541 esse
625 3486 735 3556 dictem]
771 3490 808 3540 Vr
829 3490 1078 3566 ebbenagiumad
1094 3487 1284 3555 Laertiivlh·
1356 3512 1368 3523 ‘

185 3626 288 3680 >Stoici
305 3644 370 3682 uero
389 3636 414 3682 et
435 3630 590 3698 sapientem
613 3635 774 3693 amaturum
791 3645 852 3684 ease
871 3630 985 3697 dicunt]
1020 3631 1074 3683 list
1099 3627 1175 3700 apud
1194 3629 1283 3704 Πίος.

126 3699 221 3752 La'e'rt.
241 3698 305 3750 loco
323 3717 339 3751 a
356 3700 469 3753 Davisio
487 3701 616 3753 laudator
635 3697 847 3771 ἔρασδήσασδαι
865 3698 916 3755 τὸν
934 3702 1027 3769 σοφδν
1044 3705 1099 3756 τῶν
1116 3699 1197 3767 νέων,
1221 3705 1283 3754 aare

126 3762 323 3838 ἐμφαινόντων
341 3767 388 3820 διὰ
411 3771 461 3825 τοῦ
488 3770 647 3837 sideberia
664 3772 737 3840 πρδς
755 3769 854 3842 ἀραιήν
876 3772 1004 3842 εὐφυίαν,
1030 3772 1107 3842 11ιὶφι
1125 3772 1162 3843 int
1183 3781 1281 3826 annoti

127 3840 249 3909 (11447.
268 3839 322 3892 Ed.
342 3839 500 3912 Meibomii)
519 3841 747 3895 Aldobrandinus
764 3840 862 3897 laudat
878 3843 966 3896 verba
973 3843 1101 3897 Zenonis.
1109 3843 1185 3914 apud
1192 3843 1282 3895 Athe·

125 3926 229 3962 naeum
247 3909 325 3965 Xlll.
344 3927 373 3979 p.
393 3913 458 3965 561:
479 3911 529 3964 ιδν
547 3913 635 3980 ἔρωτα
653 3903 822 3976 dedecima,
841 3915 933 3985 φιλίας
955 3919 1001 3966 καί
1018 3912 1167 3984 ἐλευθερίας
1193 3913 1234 3968 ἔτι
1250 3913 1282 3966 di

125 3981 173 4032 nal
192 3980 324 4046 δμονοίας
341 3983 606 4048 παρασκευαστικὸν,
626 3984 708 4037 ἄλλου
727 3981 897 4044 δὲοῦδινός.
932 3985 1082 4058 Menagius
1107 3985 1142 4036 ad
1159 3986 1282 4038 eundem
1344 3996 1346 3999 '

124 4048 224 4103 locum
246 4050 344 4102 laudat
363 4050 477 4104 Stobaei
499 4053 621 4126 Eclogas
645 4053 764 4106 Ethicas
788 4073 817 4125 p.
838 4059 898 4111 169.
914 4055 972 4107 ‘ubi
996 4064 1039 4107 est
1064 4055 1169 4125 ὁμοίως
1196 4072 1226 4109 τε
1247 4060 1283 4124 τῇ

91 4141 94 4145 ·
124 4119 244 4190 iporiam}
271 4121 334 4188 mirx
353 4123 524 4189 συμποιιαῆν
543 4123 812 4194 παραλαμβάνουσιν
836 4125 874 4188 εἰς
896 4127 943 4186 τας
961 4123 1066 4196 ἀρετάς,
1092 4135 1122 4178 et
1149 4125 1281 4179 ciceron.

124 4192 159 4245 de
179 4192 264 4256 Finn.
283 4193 336 4245 lv:
357 4190 449 4256 [locus
467 4201 510 4245 est
527 4194 578 4246 111.
601 4195 657 4260 nt]
676 4195 720 4249 Ne
738 4210 850 4248 amores
869 4196 979 4266 quidem
996 4203 1110 4248 candos
1126 4212 1145 4248 a
1160 4197 1283 4264 sapiente
1344 4249 1350 4263 .

125 4263 234 4316 alienos
259 4279 317 4316 esre
340 4261 684 4333 arbitrantur3[Stoioi.]
722 4267 862 4334 Demque,
889 4267 924 4318 ad
950 4268 1159 4332 definitionem,
1186 4267 1283 4331 locum
1363 4271 1365 4280 '

125 4333 237 4386 Stobaei
261 4333 337 4386 laud.
369 4335 421 4387 τδν
442 4333 586 4401 ‹ii-ipatus
609 4329 673 4389 orire
697 4334 848 4407 ἐπιθυμίαν
872 4327 952 4401 εἶναι,
982 4333 1045 4393 oin
1073 4337 1149 4395 τινδς
1176 4336 1283 4405 φαύλου

124 4398 295 4482 πράγματος,
310 4401 369 4471 Ιἀλλ’
391 4400 521 4485 ἐπιβολὴν
539 4408 696 4479 φιλοποιίας
714 4406 892 4470 διδκαίλλους
909 4408 1045 4482 ἔμφασιν.
1062 4407 1121 4462 Vin
1133 4407 1169 4461 ad
1185 4406 1283 4461 locuni
1387 4414 1394 4434 ‘
