2842 5070
549 304 680 373 LIBER
701 303 760 384 IV,
781 307 833 371 35.
932 327 937 333 ·
1214 307 1278 375 tta

122 481 196 561 ipsa
217 467 346 541 mentis
360 473 395 534 in
417 492 532 545 amore
552 468 648 533 foeda
670 489 731 548 per
756 489 790 533 se
812 479 871 535 est.
919 469 1007 533 Nam
1036 479 1073 535 nt
1103 470 1157 532 illa
1179 491 1276 553 prae-

122 570 259 630 teream,
290 576 371 639 quae
392 563 471 617 sunt
492 556 637 629 furoris3
668 555 750 616 haec
771 556 843 635 ipsa
863 572 925 632 per
945 574 1016 616 sese
1038 573 1134 640 quam
1156 554 1278 632 babent
1295 558 1339 616 to.

121 643 308 718 levitatem,
330 634 412 720 quae
433 637 595 700 videntur
616 656 686 698 esse
708 632 929 711 mediocriaiz
1291 655 1293 660 ·

245 759 283 771 -
359 755 400 771 —-
476 752 513 771 -κ
592 753 634 765 -
714 716 887 780 intortae.

245 800 466 882 Suspiciones,
490 799 687 875 inimicitiae,
709 799 864 875 indiciae,

244 883 381 961 Belbina,
400 904 469 964 pax
491 902 624 949 rursum.
668 881 799 945 Ince'rta
820 881 898 944 boec
918 883 948 944 si
970 890 1005 946 tu
1022 879 1167 964 pistules

110 991 134 1032 ,·
179 1037 182 1043 ,
243 967 386 1031 Rotidue
408 976 495 1028 certa
515 965 635 1046 ficere,
658 965 760 1029 nitito
780 963 854 1045 pleis
874 985 968 1048 ogas,
1054 1007 1061 1012 -

250 1053 348 1121 Quam
369 1045 399 1111 si
418 1050 474 1111 des
495 1068 632 1128 operam,
654 1057 691 1109 ut
714 1047 779 1109 erim
801 1051 928 1110 ratione
948 1043 1105 1111 insdnias.

123 1134 216 1195 Haeo
237 1134 461 1195 inconstantia
476 1132 746 1212 mutabilitasque
762 1133 895 1208 mentis,
916 1148 1013 1212 quem
1032 1149 1099 1190 non
1115 1129 1186 1209 ipsa
1199 1148 1278 1210 pra-

122 1219 230 1278 vitate
251 1213 437 1277 deterrent
459 1215 518 1275 Est
536 1215 626 1276 enim
639 1212 734 1292 illud,
758 1213 846 1296 quod
863 1215 1005 1281 inomni
1024 1212 1278 1295 perturbatione

1284 787 1359 842 odii.
1399 745 1410 758 ·

288 1403 372 1466 Here,
392 1417 462 1470 quae
480 1416 525 1452 rer
543 1402 574 1454 in
593 1416 623 1454 re
640 1417 727 1471 aeque
744 1400 892 1455 consitium
908 1418 991 1470 neqtoe
1008 1401 1120 1455 modum

288 1474 379 1526 Habet
396 1471 491 1536 ulium,
511 1487 648 1524 remrein
666 1472 784 1525 coneilio
803 1487 902 1538 regere
920 1489 975 1526 aon
989 1478 1078 1538 potes.
1107 1525 1111 1535 ,

76 1574 77 1577 =
123 1543 248 1610 Horatii,
274 1560 361 1613 quem
378 1541 475 1594 laudat
491 1543 571 1606 Dav„
595 1543 675 1595 locus
701 1543 787 1612 plane
811 1541 919 1595 exhor
937 1541 1070 1596 Terentii
1088 1555 1148 1593 non
1166 1553 1281 1611 expres·

122 1634 180 1679 sus,
209 1614 259 1668 sed
281 1613 440 1684 exscriptus
465 1621 520 1665 est:
546 1612 603 1686 'sed
632 1612 686 1678 rei,
716 1631 803 1683 quam
827 1620 942 1678 tractat,
974 1613 1092 1687 ‘egregie
1119 1617 1299 1666 aesernino-⁸

123 1687 213 1740 datus.
251 1685 311 1738 Mr.
1035 1689 1044 1703 ⁸

194 1754 330 1820 Iniuriae,
350 1753 540 1822 Suspiciones]
560 1753 692 1812 Terentii
710 1762 893 1806 suntuersus
910 1751 1043 1806 Eunuch.
1063 1750 1127 1805 Act.
1143 1753 1167 1808 1.
1186 1751 1232 1808 Sc.
1253 1755 1279 1811 1.

108 1829 167 1899 14.
185 1828 248 1879 Vid.
269 1826 420 1878 Horatium
440 1825 531 1884 Serm.
550 1825 599 1876 lib.
620 1824 658 1877 ll.
679 1825 780 1900 Eelog.
800 1829 826 1891 ³,
845 1827 897 1880 too
915 1842 976 1894 sqq.
1015 1824 1051 1876 D.

196 1896 329 1961 iniuriae,
357 1898 534 1962 aruspicinam,
564 1894 756 1962 inimicitiaa]
787 1891 855 1949 cod.
879 1894 1084 1962 Duisb.-habet
1101 1891 1280 1960 inimicitior,

123 1965 260 2032 iniuriae,
279 1967 460 2035 suspiciones.
498 1967 569 2020 Edd.
589 1969 625 2018 llll.
647 1968 678 2018 1..
697 1965 805 2019 habent
822 1967 1016 2034 suspectionis,
1035 1965 1069 2017 ad
1087 1965 1281 2034 quodBruttts
1325 1980 1333 1989 ’

124 2038 349 2108 „Suspectum
377 2039 428 2102 ait,
463 2037 615 2090 Lambinus
649 2037 734 2118 legit.
778 2036 957 2104 Suspiciones
991 2037 1023 2088 in
1050 2033 1179 2106 Gryphii
1204 2034 1281 2089 libro

123 2109 244 2182 legitur,
263 2117 296 2160 ut
314 2110 405 2161 ferme
425 2109 457 2162 in
475 2107 606 2161 omnibus
625 2109 758 2160 Terentii
778 2106 996 2178 exemplaribus,
1017 2107 1120 2176 quibus
1138 2106 1286 2176 optimum

125 2179 231 2231 Fae'rni
249 2177 453 2253 suffragatur.“
491 2178 626 2232 Correxit
644 2179 783 2230 nimirum
803 2178 957 2230 Lambinus
982 2176 1161 2242 Terentium,
1186 2185 1220 2228 ut
1238 2193 1281 2230 se·

123 2251 217 2302 cunda
235 2251 296 2316 eius
313 2249 391 2301 uocis
409 2249 518 2318 syllaba
534 2251 621 2322 longa
638 2251 684 2301 sit.
711 2248 768 2302 Sed
784 2249 882 2318 plures
899 2247 1172 2304 laudavitOobsner.
1190 2247 1282 2313 locos,

123 2321 228 2388 quibus
245 2337 302 2385 uox
320 2319 442 2387 euspicio
461 2320 599 2388 syllabam
621 2320 893 2389 antepaenultimam
914 2319 1031 2392 longam
1054 2319 1149 2381 habet,
1179 2318 1211 2371 in
1233 2317 1281 2372 his

123 2391 217 2446 Plaut.
237 2389 341 2459 Amph.
362 2392 384 2442 1.
404 2394 431 2447 2.
451 2392 493 2448 2⁷.
513 2391 556 2448 28.
575 2389 694 2444 Terent.
715 2387 804 2448 Andr.
825 2390 878 2443 lll.
898 2393 923 2445 1.
944 2393 987 2447 rt.
1007 2389 1241 2448 mantunae.
1253 2391 1281 2447 ὅ.

124 2460 229 2515 Auson.
249 2461 344 2530 Epist.
364 2463 408 2525 24,
427 2463 454 2514 8.
491 2460 633 2512 Aecurats
650 2477 721 2513 vero
740 2460 866 2531 disputat
884 2461 918 2513 de
936 2477 970 2513 eo
993 2460 1131 2517 voeabula
1149 2460 1281 2530 pluribus

126 2531 266 2600 exemplis
284 2531 377 2582 allatis
397 2539 426 2582 et
444 2529 576 2584 virorum
593 2531 743 2585 dootorum
762 2532 912 2591 sententiis
931 2531 1074 2591 Glonerns
1098 2531 1130 2582 in
1147 2531 1282 2586 Prosodia

125 2601 259 2676 (Argent.
281 2602 370 2666 1639.)
387 2619 416 2678 p.
438 2604 489 2654 tto
508 2619 548 2671 sq.
569 2601 636 2654 coll.
657 2620 686 2671 p.
707 2603 768 2656 751.
806 2602 864 2654 Mr.

195 2672 335 2738 indutiae]
363 2671 513 2737 „indutiae
530 2688 585 2742 per
601 2672 717 2726 literam
735 2679 748 2726 t
766 2673 917 2725 scribimus
936 2690 971 2735 ex
988 2672 1054 2725 Aul.
1075 2671 1166 2726 Gellii
1183 2679 1282 2726 aueto-

125 2743 221 2808 ritate,
241 2752 327 2812 atque
347 2743 438 2812 etymi
457 2744 576 2796 ratione.
613 2743 657 2796 lta
682 2752 760 2796 certe
783 2743 858 2812 apud
882 2743 1054 2796 Terentium
1078 2743 1219 2812 seriptum
1238 2751 1282 2796 est

127 2815 158 2866 in
175 2814 274 2867 Bembi
293 2823 322 2866 et
340 2815 446 2877 Faerni
470 2814 639 2884 exemplari,
671 2815 720 2871 cui
738 2815 843 2867 merito
861 2815 940 2866 docti
961 2815 1095 2868 homines
1117 2814 1282 2884 plurimum
1299 2876 1305 2883 κ

126 2884 289 2938 tribuunt.“
318 2886 433 2938 Brutus.
477 2887 538 2937 lam
567 2884 624 2935 vid
651 2885 686 2936 de
712 2886 791 2936 vocis
821 2893 919 2952 etymo
948 2886 1104 2938 Forcellin.
1136 2886 1205 2938 Lex.
1236 2885 1279 2939 ed.

125 2957 225 3010 Germ.
243 2955 274 3007 b.
293 2975 319 3006 v.
342 2956 510 3008 Groteiend.
537 2954 672 3029 Orthogr.
697 2956 758 3007 tat.
782 2955 804 3021 5.
825 2959 884 3011 139.
917 2957 1037 3008 Cellarii
1061 2955 1197 3030 Orthogr.
1217 2957 1280 3009 tat.

149 3028 235 3081 ‚tot
255 3026 289 3079 T.
309 3025 331 3083 l.
355 3025 407 3077 Ed.
434 3025 545 3078 Harles.
569 3025 632 3084 Ald.
661 3027 782 3078 lllnnutii
806 3026 943 3100 orthogr.
967 3027 1043 3079 ratio
1066 3045 1095 3097 p.
1115 3029 1151 3082 5⁰
1169 3044 1210 3096 sq.
1237 3026 1279 3079 ed.

125 3045 248 3149 ilentin.
270 3097 348 3153 1561.
385 3097 531 3149 Omittunt
548 3112 649 3148 vooem
668 3096 797 3149 indutiae
816 3097 883 3151 eod.
902 3097 974 3170 Aug.
990 3098 1061 3149 Edd.
1080 3097 1143 3150 Ase.
1154 3100 1180 3152 1.
1200 3097 1282 3149 Junt.
1362 3098 1369 3105 “

127 3168 194 3222 Cod.
215 3170 291 3224 lllon.
313 3171 337 3221 l.
356 3166 473 3224 exhibet
491 3182 602 3219 rursum
620 3183 674 3236 pro
692 3183 813 3220 rursum.
845 3170 900 3221 Pro
918 3169 946 3219 si
966 3173 994 3220 ta
1010 3168 1077 3219 Bill.
1098 3167 1225 3220 deditio
1244 3165 1282 3231 ri,

126 3256 184 3292 non
202 3238 277 3290 male
296 3240 344 3291 sed
361 3244 463 3289 contra
479 3237 576 3290 libros.
596 3237 682 3290 Godd.
710 3238 783 3293 Gud.
804 3242 829 3293 l.
849 3240 873 3292 2.
904 3239 977 3292 Gud.
996 3239 1065 3309 Reg.
1091 3237 1129 3289 sit
1146 3244 1186 3302 at,
1205 3239 1281 3312 Aug.

125 3314 209 3364 eunt
228 3309 291 3362 esd
308 3309 336 3361 ei
354 3315 391 3372 tu,
416 3307 505 3362 Rehd.
525 3307 611 3372 siut,
636 3307 732 3359 Duisb.
754 3311 827 3362 Mon.
848 3312 873 3366 1.
894 3317 934 3374 et,
963 3317 998 3359 ut
1015 3308 1141 3371 videtur,
1169 3308 1284 3377 aliquot

127 3382 197 3434 Oxx.
216 3381 355 3436 omittunt
373 3384 410 3434 tu.
447 3378 482 3434 ln
500 3381 575 3431 lllon.
596 3383 620 3432 l.
642 3387 684 3431 est
700 3381 857 3447 postulas,
886 3381 918 3431 in
936 3380 1021 3433 Marb.
1047 3378 1158 3432 ratione
1180 3385 1284 3432 recta

126 3453 329 3518 certatorem,
357 3468 431 3502 unus
450 3450 499 3502 Ox.
520 3448 631 3502 omittit
650 3449 752 3513 iacere.
780 3451 852 3504 Gud.
872 3460 938 3520 post
961 3448 1051 3503 nihilo
1080 3450 1159 3502 addit
1179 3451 1282 3507 minue.

78 3514 83 3524 ⁸
128 3523 201 3581 Gud.
221 3527 245 3581 1.
261 3526 328 3592 plus
346 3521 461 3574 nonnisi
479 3538 495 3573 a
513 3537 674 3579 semmanu
691 3520 819 3573 additum
836 3520 930 3576 habet.
959 3524 1047 3577 Recte
1066 3530 1165 3574 monet
1179 3521 1284 3576 Oehsn.

126 3593 209 3644 adh.
228 3592 249 3644 t
268 3601 405 3662 apparere
423 3609 459 3644 ex
477 3591 593 3644 Horatii
611 3591 773 3645 imitatione
800 3591 891 3645 Serin.
912 3595 951 3647 ll·
970 3595 995 3647 3.
1017 3594 1178 3646 uto-271.
1204 3598 1285 3645 certo

127 3680 186 3715 esse
205 3661 409 3714 Accusatirum
455 3662 512 3714 lur.
532 3671 562 3715 et
580 3661 688 3731 opponi
706 3662 772 3714 voci
790 3663 914 3717 lacerta:
943 3664 1112 3717 Ciceronem
1129 3678 1200 3714 vero
1219 3663 1285 3713 iun-

149 3751 197 3786 ere
215 3737 294 3784 certa
312 3735 421 3786 ratione
464 3750 521 3784 use.
540 3732 580 3789 ll.
598 3735 648 3796 273
676 3733 780 3798 agenor
798 3743 894 3786 autem
905 3735 999 3788 ‚verbo
1018 3750 1083 3786 eum
1103 3733 1203 3796 simili,
1228 3750 1286 3801 qua

125 3751 183 3857 boc
200 3803 274 3867 loco,
294 3802 504 3877 significatione
522 3804 568 3855 uti
585 3803 617 3857 in
634 3804 783 3857 locutione
800 3803 874 3859 nillil
891 3804 967 3874 agis,
986 3805 1078 3870 dolor,
1095 3803 1179 3857 Tuso.
1190 3804 1227 3856 11.
1238 3805 1283 3861 25.

127 3876 209 3928 Unus
228 3873 277 3927 Ox.
298 3873 409 3924 omittit
427 3889 481 3926 non
497 3882 564 3942 post
584 3890 670 3941 quem.
709 3875 768 3927 Mr.
1040 3908 1043 3913 ·
1202 3928 1205 3934 .

199 3944 250 4006 Eat
269 3945 356 3997 enim
374 3943 463 4008 iilud]
499 3945 554 3996 l’ro
578 3944 650 3999 euim
673 3944 779 3998 habent
796 3944 884 3999 etium
901 3945 972 3999 Edd.
991 3947 1029 4000 Μ.
1045 3946 1079 4006 1..
1098 3946 1161 4000 Gar.
1182 3945 1283 4015 Steph.

127 4012 194 4066 Alt
214 4013 293 4081 sylb.
311 4014 392 4065 Brut.
410 4013 528 4067 Codices
545 4029 604 4066 non
621 4015 707 4069 iterur
738 4033 832 4084 neque
852 4033 910 4070 esse
933 4016 1050 4068 videtur
1073 4033 1156 4068 eausa
1173 4024 1287 4069 mutan·

90 4101 102 4114 ‘
128 4085 180 4137 dae
197 4083 341 4136 librorum
356 4082 531 4154 scriptionis.
551 4083 647 4136 Duisb.
668 4084 755 4138 habet
773 4087 804 4138 in
822 4088 900 4155 ipsa
915 4103 971 4156 pro
989 4088 1020 4139 in
1038 4086 1146 4150 omnig
1169 4087 1201 4139 in
1219 4087 1287 4140 duo-

129 4156 181 4208 bus
200 4153 270 4207 Oxx.
290 4154 370 4206 deest
388 4155 646 4220 demonstrandum,
673 4156 757 4207 Vind.
778 4159 804 4210 1.
833 4156 949 4209 exbibet
976 4157 1221 4211 demonstrandum
1244 4158 1288 4212 di·

128 4224 217 4289 eitur‚
242 4227 318 4277 lllon.
340 4227 364 4278 l.
392 4226 668 4290 demonstrandam,
692 4224 771 4278 Gud-¹
786 4229 812 4281 1.
845 4225 1007 4294 opinabile.
1049 4226 1094 4279 Ad
1117 4228 1290 4281 sententiam

131 4298 170 4349 οἱ
190 4312 215 4348 c.
235 4299 278 4352 31.
299 4295 321 4360 1.
341 4296 385 4351 65.
407 4305 436 4350 et
454 4295 678 4365 disputationem
697 4296 819 4367 Araspae
838 4296 950 4350 iuvenis
975 4298 1050 4368 apud
1066 4298 1290 4367 Xenophontem

132 4363 206 4435 Gyri
223 4366 343 4436 Discipl.
362 4368 398 4419 V.
418 4371 441 4421 l.
463 4369 511 4421 to:
541 4372 597 4420 ταῖν
616 4393 649 4404 -
667 4369 759 4420 καλῶν
784 4366 840 4420 miv
863 4370 915 4439 μὲν
939 4368 1033 4439 ἐρῶσι,
1061 4374 1118 4422 τῶν
1140 4364 1219 4422 dot·
1243 4368 1291 4421 stul
1399 4413 1401 4417 .

127 4435 213 4498 nitier
236 4455 267 4506 γε
289 4437 380 4503 ilion
410 4434 624 4492 ἐθελούσιον
647 4434 711 4509 γὰρ,
742 4440 804 4511 ἔφη»
829 4435 895 4510 lost,
917 4443 961 4493 unt
984 4438 1035 4509 ἐρᾷ
1058 4437 1170 4503 ἕκαστος
1190 4429 1231 4507 eir
1254 4437 1291 4493 ἂν
