2842 5070
114 319 117 325 ·
190 280 252 346 360
336 277 338 280 ⁴
389 272 619 338 CICERONIS
640 270 886 338 TUSCULAN.
910 272 1139 338 DISPUTAT.

127 451 170 503 41.
190 462 255 532 gna
277 451 386 503 tamen
419 441 503 501 facta
537 444 624 501 esset
655 439 809 500 accessio.
861 436 969 500 Ouidi
1010 439 1039 499 si
1068 436 1188 500 deiude
1209 437 1347 503 dolores

213 543 309 585 ravos
340 524 504 602 corporis,
536 523 565 581 si
595 521 761 586 bonorum
782 520 927 598 amissio,
960 521 990 581 si
1011 523 1164 598 caecitas,
1196 524 1224 583 si
1257 524 1346 583 exsi·
1414 555 1416 559 ·

189 547 290 669 iiuml
322 603 359 666 Si
379 623 442 686 pro
464 605 605 690 siugulis
620 603 719 667 malis,
738 602 965 686 aegritudines
986 601 1192 676 accederent,
1214 623 1348 666 summa

190 708 231 750 en
250 687 356 757 fieret,
379 705 461 767 quae
482 706 547 746 non
571 687 805 748 sustineretur.

131 764 170 829 18
211 763 217 814 ἕ
275 771 338 833 Qui
370 768 505 830 modum
535 771 642 856 igitur
669 769 754 829 vitiu
776 769 919 848 quaerit,
947 768 1104 833 similiter
1129 770 1220 846 facit,
1254 778 1295 831 ut
1316 772 1347 831 si

88 912 93 923 ,
187 868 287 936 'posse
308 858 404 934 putet
425 872 511 928 eum,
534 853 646 933 quise
668 851 847 910 eLencata
869 851 1153 932 praecipitaverit,
1175 854 1348 914 sustinere

877 959 1150 966 —....-.....-...--—
1177 961 1235 966 ...γ
1252 962 1341 974 “r—

190 999 342 1075 iiouhierii
360 1001 441 1055 ratio.
479 998 534 1053 Sed
551 1008 677 1070 praestat
695 999 841 1068 explicare
863 999 1007 1052 librorum
1031 1001 1229 1070 scriptionem,
1259 1023 1348 1073 quam

188 1075 352 1128 'emendare
391 1073 528 1127 Ceterum
554 1087 607 1140 pro
634 1072 794 1124 accersisset
818 1070 890 1123 Gud.
910 1072 936 1125 2
962 1070 1048 1124 habet
1072 1073 1238 1140 accepisset‚·
1269 1092 1347 1126 unus

187 1147 243 1200 '0x.
264 1144 374 1197 omittit
392 1148 512 1211 magum
538 1141 610 1193 Gud.
631 1143 657 1196 2.
685 1141 796 1193 omittit
818 1143 908 1207 facte:
936 1140 1010 1193 Gud.
1031 1143 1142 1195 omittit
1161 1151 1253 1206 esset.-
1274 1163 1347 1214 qua-

192 1234 258 1268 rum
283 1215 469 1271 omissionum
500 1219 586 1265 erunt
612 1212 731 1269 fortasse
758 1211 928 1263 alterutram
954 1206 1004 1280 qui
1031 1213 1161 1283 probent.
1198 1216 1258 1267 Nos
1286 1233 1347 1269 non

186 1286 351 1357 probamus.
384 1284 463 1350 Quod
481 1283 512 1334 in
530 1281 588 1352 fine
606 1281 665 1334 loci
683 1280 793 1333 Fabric.
814 1299 829 1334 e
847 1282 913 1334 Cod.
935 1279 1033 1334 Goion.
1053 1286 1167 1352 profert
1184 1285 1347 1356 probatque

188 1355 355 1421 accessione,
375 1353 509 1428 equidem
530 1351 651 1423 probare
668 1368 726 1404 non
742 1369 870 1422 possum:
899 1369 993 1422 neque
1019 1355 1171 1424 quisquam
1196 1357 1348 1427 amplexus

192 1437 244 1481 est.
282 1427 341 1478 Mr.

94 1495 96 1498 ’
186 1503 190 1511 ’
264 1497 339 1552 Quid
356 1495 394 1562 si]
429 1493 576 1559 „Videtur
593 1493 697 1546 melius
716 1494 794 1548 Ostod
810 1491 870 1545 st‘.“
888 1493 957 1546 Erre.
995 1495 1057 1546 Hoc
1075 1499 1267 1549 necessarium
1286 1513 1347 1550 non

193 1576 243 1621 est.
281 1568 363 1632 Falsa
381 1573 477 1619 autem
494 1565 580 1634 plane
604 1573 646 1617 est
663 1565 780 1618 Ernesti
805 1564 966 1616 distinctio:
998 1566 1071 1621 Quid
1096 1565 1124 1618 si
1146 1567 1298 1622 deinde-
1320 1569 1347 1622 si

193 1639 317 1701 erilium,
345 1638 372 1689 si
389 1653 443 1707 pra
467 1635 592 1703 singulis
617 1667 649 1678 -
675 1635 858 1689 accederent?
878 1650 981 1688 summa
1006 1651 1040 1689 ee
1066 1639 1165 1702 fieret?
1189 1655 1260 1708 qnae
1288 1656 1346 1692 non

192 1712 383 1762 sustineretur.
421 1706 533 1760 Habent
551 1715 646 1774 tamen
664 1705 736 1758 Edd.
756 1705 845 1758 Nobb.
867 1715 896 1758 et
913 1706 986 1758 Tbn.
1023 1708 1082 1760 Nos
1105 1725 1171 1760 oum
1190 1712 1237 1764 Or.
1257 1710 1348 1764 Wol-

192 1780 297 1831 fianam
315 1777 542 1848 amplectendam
559 1777 729 1828 censuimus.
759 1775 843 1830 Sche.
871 1793 982 1829 comma
1006 1779 1103 1846 posuit
1125 1789 1197 1850 post
1214 1779 1345 1846 esitium,

188 1849 392 1924 'interrogandi
410 1849 525 1920 signum
541 1856 605 1916 post
623 1847 774 1912 accederet,
802 1847 944 1901 minorem
963 1850 1223 1903 autem‘nobiscnrn
1243 1852 1347 1903 distin·

141 1938 143 1943 ’
192 1921 320 1973 ctionem
343 1929 408 1990 post
426 1921 511 1984 fieret.
549 1919 650 1971 Melius
669 1927 749 1971 certe
766 1919 898 1970 Ernesto.
934 1922 1000 1972 Post
1016 1920 1146 1987 corporis
1172 1922 1270 1994 pergit
1288 1922 1343 1974 Ed.

192 1994 221 2044 P.
241 1990 395 2055 benorum,
415 1991 517 2043 omisso
536 1989 573 2052 si,
596 1990 649 2042 Ed.
668 1988 701 2040 Α.
722 1988 750 2041 si
767 1987 952 2054 bominum,
977 2008 1051 2041 unus
1077 1991 1126 2044 Ox.
1152 1991 1182 2044 si
1199 1993 1345 2045 'libero-

166 2047 272 2115 'rnna
293 2063 360 2116 Cod.
380 2059 494 2183 Grypb.
514 2061 624 2113 omittit
642 2061 735 2113 raetis.
768 2061 849 2113 Unus
868 2061 917 2113 Ox.
938 2077 1003 2112 cum
1023 2061 1090 2117 Cod.
1109 2062 1191 2115 Vind.
1213 2068 1236 2115 t.
1255 2062 1344 2114 habet

83 2139 96 2197 ᾗ
186 2132 376 2199 occiderent,
406 2134 446 2185 Ite
469 2131 496 2182 d.
524 2131 662 2201 accedent.
698 2132 778 2184 Unus
806 2131 855 2183 Ox.
880 2138 1025 2186 summata
1049 2133 1141 2198 fieret3
1166 2131 1240 2186 alius
1267 2148 1339 2199 qaae

193 2220 248 2257 non
267 2207 504 2262 sustinerentur.
525 2204 600 2256 Mon.
621 2207 644 2268 1.
666 2217 735 2271 quae
754 2219 806 2254 non
824 2207 993 2253 teneretur.
1031 2203 1088 2256 Me.
1212 2213 1218 2226 ⁶

186 2299 191 2306 ·
264 2293 287 2327 c.
310 2278 350 2330 18.
378 2273 430 2331 Qui
448 2273 557 2325 modum
582 2271 676 2339 igitur
700 2270 771 2325 vitio
794 2271 918 2341 quaerit]
955 2272 1022 2325 God.
1042 2272 1128 2326 Rehd.
1147 2272 1203 2329 Qut
1228 2274 1343 2326 modum

192 2347 241 2399 eti
248 2362 312 2398 ane:
332 2361 417 2414 supra
434 2344 486 2394 lin.
507 2341 613 2408 igitar:
633 2343 707 2394 illud
725 2352 767 2394 est
785 2343 871 2394 etiam
890 2345 922 2394 in
941 2342 1008 2396 Cot.
1034 2345 1108 2404 Nion.
1129 2348 1153 2399 1.
1180 2343 1342 2396 simillimo

96 2427 98 2436 ¹
193 2416 271 2467 enim
289 2423 491 2484 utraque'vox
508 2413 676 2482 compendio
697 2411 744 2480 [Z]
762 2428 968 2483 nonnunquam
992 2414 1168 2466 exarabantur.
1204 2415 1269 2465 Vid.
1292 2416 1346 2466 Ba-

192 2486 284 2559 ringii
302 2485 380 2538 Clari
400 2483 526 2553 Diplom.
546 2484 633 2540 Num.
656 2486 716 2540 vu.
736 2487 762 2540 4.
783 2501 807 2535 c.
829 2493 857 2536 et
875 2488 900 2539 6.
918 2484 947 2535 b.
984 2483 1028 2537 At
1050 2503 1078 2536 v.
1103 2483 1239 2538 similiter
1262 2484 1345 2551 feeit,

191 2562 222 2608 nt
239 2556 268 2607 si
287 2588 318 2597 -
339 2558 375 2609 cf.
396 2555 430 2608 de
449 2555 514 2608 Sen.
534 2558 560 2618 6,
581 2560 622 2609 17.
644 2554 681 2608 ib.
701 2554 862 2608 Gernhard.
881 2557 952 2625 pes
971 2571 1012 2624 sq.
1033 2556 1192 2609 Ochsnerus
1209 2555 1344 2612 Echcic.

166 2643 219 2696 p.
242 2629 302 2682 1⁰¹2.
322 2626 419 2678 laudat
438 2626 497 2679 Cic.
516 2625 551 2677 de
570 2624 623 2678 0ff.
644 2626 666 2676 l.
686 2628 735 2681 28:
764 2625 900 2678 similiter
917 2629 1011 2692 fecere
1030 2643 1077 2680 eos
1095 2656 1128 2667 —
1146 2632 1178 2678 nt
1196 2627 1344 2679 sinuatae

191 2697 343 2763 certarent,
375 2697 447 2764 ibiq.
472 2696 608 2770 Heusing.
635 2694 725 2760 [locus
749 2705 791 2748 cst
816 2704 839 2747 t.
859 2699 904 2762 ts,
929 2699 954 2752 6.
979 2714 1007 2766 p.
1028 2701 1096 2763 2093
1126 2699 1282 2750 sententia:
1312 2705 1345 2749 ut

191 2776 294 2820 nautae
313 2770 452 2830 facerent,
469 2767 496 2820 ,si
514 2767 681 2832 certarent}
709 2766 776 2820 (iod.
801 2767 930 2836 Vind.,l.
951 2769 1061 2821 omittit
1080 2772 1110 2820 stt
1124 2776 1189 2820 ante
1208 2770 1250 2834 εἰς
1278 2784 1345 2838 per·

191 2837 237 2913 git
254 2856 327 2889 unus
345 2839 395 2890 Ox.
415 2853 496 2904 posse
512 2839 594 2905 peti
611 2854 678 2889 enm.
716 2837 775 2891 Mr.
1203 2896 1205 2901 ⁴

189 2934 192 2939 ,
263 2908 309 2976 qui
326 2922 356 2960 se
375 2923 389 2958 e
407 2905 533 2967 Leucade
550 2909 788 2976 praecipitaverit]
811 2907 931 2974 „Quod
949 2910 1004 2962 ait:
1032 2908 1182 2962 eLeucate
1208 2923 1238 2961 se
1259 2924 1344 2976 pree·
1392 2947 1395 2950 -

190 2977 360 3047 cipitauert't‚
387 2995 424 3031 ne
447 2979 542 3031 credas
568 2978 742 3048 simpliciter
768 2980 792 3032 si
815 2979 929 3031 nificari
952 2980 1050 3033 locum
1077 2980 1196 3044 editum,
1226 2997 1262 3033 ex
1287 2995 1343 3049 quo

190 3048 412 3120 praecipitatius*
429 3049 467 3109 sit
484 3049 581 3102 ruina:
601 3050 650 3102 sed
667 3050 777 3124 signate
795 2997 908 3101 iocatus
928 3059 979 3115 est,
998 3051 1032 3104 ad
1044 3051 1197 3103 historiam
1207 3058 1344 3121 spectans.

190 3120 244 3172 Est
262 3120 339 3171 enim
359 3119 391 3170 in
409 3119 500 3191 Epiro
518 3120 692 3173 Leucadium
710 3121 804 3186 littus,
822 3121 1053 3191 promontorium
1071 3122 1217 3186 Leucates,
1236 3121 1286 3173 nbi
1304 3128 1346 3173 est

178 3199 274 3261 petra
292 3189 419 3244 eiusdem
438 3191 572 3256 nominis,
591 3191 728 3244 albicanti
747 3191 854 3255 colore,
874 3191 906 3243 in
924 3191 988 3263 pela
1011 3211 1043 3243 ue
1060 3201 1202 3262 porrecta.
1230 3191 1275 3245 lbi
1293 3191 1347 3243 sal-

189 3269 236 3314 tus
254 3261 339 3315 fiebat
357 3261 526 3330 antiquitus,
546 3261 598 3332 qui
617 3263 653 3334 ad
670 3262 803 3320 sedandos
821 3277 931 3314 amores
952 3210 1051 3315 vehere
1075 3263 1258 3315 credebatur:
1288 3277 1345 3332 quo
1394 3281 1397 3288 ·

186 3332 222 3382 in
239 3332 305 3385 loco
324 3330 438 3402 Sappho
456 3333 550 3402 prima
568 3332 677 3384 dicitur
695 3332 727 3384 ab
747 3332 856 3384 excelsa
874 3333 998 3386 Leucate
1017 3350 1075 3386 sese
1089 3333 1226 3386 deiecisse
1245 3334 1346 3385 stimu-

189 3402 269 3455 lante
288 3403 437 3471 cupidine:
458 3404 533 3454 sicut
552 3403 705 3454 Menander
723 3412 822 3455 auctor
841 3411 896 3455 est:
917 3402 960 3468 [in
978 3403 1134 3470 Leucadia;
1153 3422 1181 3473 p.
1203 3407 1263 3458 110.
1286 3405 1344 3458 ut.
1387 3447 1390 3454 .

191 3472 233 3525 ed.
251 3473 365 3531 Cierio.
390 3469 441 3525 τὸν
465 3472 649 3542 deriptionem
667 3472 671 3538 1
691 3477 805 3544 Suppes
833 3477 929 3527 Oedv’
962 3475 1104 3544 oiorpcisre
1134 3474 1215 3540 πόθῳ
1237 3471 1241 3542 Ι
1265 3475 1346 3545 ῥίψαι

189 3542 289 3611 πέτρας
312 3541 369 3596 tut
394 3544 582 3614 τηλεφανοῦςἹ
607 3543 794 3611 Antiquiores
817 3545 973 3614 scriptores
1000 3561 1058 3598 non
1077 3545 1201 3615 Sappho,
1227 3546 1276 3598 sed
1294 3545 1348 3598 Ce-

189 3612 310 3684 phalum
327 3616 456 3686 primum
475 3615 541 3668 inde
560 3614 698 3668 desiliisse
717 3615 844 3679 tradunt,
864 3616 988 3668 Pterelai
1006 3617 1149 3669 amoribus
1168 3623 1292 3687 captum.

357 3686 432 3739 Hinc
450 3701 480 3738 ee
497 3686 654 3740 Deucalion
671 3683 799 3754 Pyrrhae
816 3701 959 3748 succensus
977 3702 1072 3740 amore
1299 3707 1300 3711 ¹

392 3755 490 3820 Misit,
510 3764 536 3809 et
553 3756 653 3809 illaeso
672 3772 788 3822 corpore
803 3757 909 3825 pressit
930 3772 1024 3827 aquas.
1103 3808 1107 3814 ι
1351 3791 1356 3796 -

190 3829 280 3949 Hlinc·
304 3827 392 3879 etiam
423 3825 536 3897 Sappho
572 3826 830 3896 praecipitaturum
860 3844 918 3880 sese
951 3829 1079 3881 minatur
1115 3829 1147 3880 in
1177 3828 1275 3898 Epist.
1314 3826 1350 3880 ad

189 3900 361 3951 Paonem·:'
400 3906 408 3912 ’
600 3933 609 3938 -
1058 3916 1059 3920 ’

355 3965 473 4030 Ibimus,
493 3982 509 4017 o
527 3963 678 4036 Nymphae,
698 3975 905 4037 ntonetrataqne
923 3985 995 4022 suaa
1012 3977 1142 4039 petemus,
1174 4009 1175 4012 ¹

223 4096 225 4100 ¹
391 4036 438 4089 stt
455 4038 556 4104 procul
572 4037 675 4096 insano
694 4037 783 4091 uictus
802 4055 897 4093 amore
916 4041 1009 4095 timor.

189 4109 230 4160 Et
249 4107 280 4159 in
300 4107 378 4159 calce
397 4106 549 4177 epistolae}

356 4178 390 4242 0,
409 4177 644 4255 inremunerati
662 4181 785 4234 crudetis
804 4144 921 4251 epistolia
939 4182 1025 4247 dicet,

180 4315 183 4318 .
354 4253 356 4256 ’
393 4248 430 4303 Ut
447 4247 518 4304 mihi
535 4248 692 4304 Leucadiae
709 4252 771 4318 fata
785 4257 921 4319 petantur
938 4269 1032 4323 apae.

190 4321 252 4373 Hoc
268 4319 403 4395 intelligi
420 4320 516 4373 voluit
534 4322 675 4374 Ausonius
694 4322 746 4385 illo
765 4340 867 4376 versu:

389 4391 426 4444 Et
444 4405 513 4461 ques
532 4391 659 4448 nimbosa
672 4396 780 4448 'selum
798 4391 916 4470 Leucate
933 4392 1085 4451 minatnr.“
1120 4397 1292 4452 Beroaldus.
