2842 5070
558 319 687 382 mesu
706 314 766 402 111,
790 270 846 384 ιι.Ι
1226 325 1288 390 uu

134 505 198 548 cur
218 487 339 550 fierent
359 484 495 567 provisa
515 483 667 546 leviora?
708 483 773 544 Sed
801 491 851 545 est
872 481 991 545 iisdem
1014 483 1054 547 de
1075 485 1176 547 rebus
1198 486 1287 569 quod

135 569 203 630 dici
225 573 332 651 possit
354 569 518 641 subtilius,
542 568 570 626 si
592 571 693 648 prius·
706 567 845 648 Epicuri
867 568 1066 628 sententiam
1087 567 1285 636 viderimust

135 654 191 733 qui
214 660 329 711 censet
350 668 483 709 necesse
505 668 576 709 esse
603 669 714 710 omnes
748 652 782 708 in
814 649 1027 733 aegritudine
1056 669 1137 723 esse,
1166 653 1224 729 qui
1252 670 1286 713 ss

134 735 171 793 in
189 734 284 793 malis
307 728 379 791 esse
401 733 624 794 arbitrentur:
661 733 732 792 sive
754 731 812 790 illa
835 740 911 791 ante
943 733 1077 812 provisa
1107 739 1139 791 et
1175 752 1286 812 exspe-

136 823 223 875 ctata
246 817 323 883 sint,
346 815 415 873 sive
436 815 710 874 inveteraveriut.
756 812 842 873 Nam
865 833 969 894 neque
991 821 1157 875 vetustate
1181 816 1288 876 minui

135 900 232 972 mala,
256 915 315 956 nec
335 897 411 956 lieri
432 894 671 976 praemeditata
696 896 839 957 leviora:
862 898 1059 977 stultamque
1088 898 1189 956 etiam
1218 916 1288 959 esse

135 1080 321 1143 scribendum,
340 1079 368 1131 si
386 1078 459 1138 enim
478 1079 560 1132 in're
579 1079 653 1131 suala
671 1087 766 1132 essent.
788 1078 819 1132 In
838 1096 870 1131 re
888 1081 965 1131 enim
984 1082 1072 1150 proba
1091 1090 1132 1133 est
1148 1082 1286 1151 loquendi
1336 1071 1340 1089 ⁸

134 1153 217 1214 ratio,
236 1168 289 1202 nec
307 1150 368 1202 ullo
387 1151 469 1202 modo
486 1151 595 1203 tentari
614 1150 705 1202 debet.
744 1152 850 1203 Noster
873 1151 957 1203 Tusc.
978 1153 1031 1216 lll,
1056 1155 1098 1206 20.
1140 1152 1286 1220 Cogitatio

132 1222 383 1287 igilurdiuturna
408 1218 480 1273 nibil
505 1238 564 1274 esse
589 1220 679 1272 inre
698 1220 776 1282 nenti,
809 1221 903 1273 dolori
927 1223 1060 1275 medetur.
1099 1223 1169 1275 Vide
1198 1224 1286 1275 etiam

131 1293 208 1344 Fam.
230 1294 277 1356 lx,
297 1295 339 1346 22.
366 1293 430 1343 Fin.
451 1293 484 1354 V,
503 1296 546 1346 30·
567 1300 596 1344 et
615 1289 752 1342 Senecam
772 1292 861 1359 Epist.
882 1293 967 1345 XCII.
1001 1293 1041 1344 l).
1138 1303 1141 1308 ’

202 1362 237 1415 Si
252 1365 326 1415 enini
345 1364 382 1429 in
394 1379 424 1413 re
442 1369 536 1426 essent,
556 1379 606 1414 cur
623 1364 719 1429 fierent
734 1364 846 1428 prouisa
866 1362 1009 1428 lenierat]
1047 1364 1173 1428 „Facile
1201 1382 1284 1435 repe·

131 1441 174 1485 tes
192 1434 275 1489 mala.
303 1433 375 1484 Buh.
396 1434 483 1484 etiam
501 1441 571 1495 esset
597 1433 719 1484 volebat.
757 1432 824 1484 Sine
849 1447 942 1497 causa,
969 1451 1022 1486 neo
1047 1435 1077 1484 id
1101 1436 1284 1503 sequentibus

131 1501 185 1556 con
208 1505 274 1555 ruit.
314 1504 420 1556 Saltem
439 1504 555 1555 deberet
574 1520 643 1554 esse:
670 1519 722 1552 cerr
739 1504 832 1566 fieret
848 1507 1009 1570 prouisum
1027 1504 1153 1556 leuius?
1173 1506 1284 1558 Simili-

130 1581 177 1626 ter
186 1521 241 1626 lv.
263 1578 304 1628 10.
324 1576 371 1627 24:
396 1574 465 1624 Tum
482 1573 579 1627 existit
598 1579 624 1623 et
642 1573 754 1624 morbus
772 1578 800 1624 et
818 1575 980 1638 aegrotatio
997 1582 1022 1626 et
1043 1575 1213 1639 offensiones
1224 1594 1282 1641 ene,

132 1659 202 1713 quae
225 1652 287 1697 sunl
307 1645 350 1696 eie
373 1645 478 1696 rnorois
498 1643 790 1709 aegrotationibusque
808 1645 1001 1698 contrariae.“
1019 1645 1131 1697 Nissen.
1170 1648 1282 1716 Optime

130 1732 192 1766 rem
212 1715 387 1784 expedivisse.
406 1715 522 1766 videtur
540 1715 692 1766 Kiihnerus
712 1714 822 1765 dicens:
850 1731 951 1767 vocem
967 1715 1084 1784 prouisa
1112 1716 1282 1767 substantivi

130 1786 208 1837 vices
227 1786 377 1849 sustinere,
396 1793 430 1834 ut
447 1785 485 1834 sit
502 1800 533 1834 ea
552 1801 620 1851 quae
635 1784 755 1850 prouisa
774 1790 881 1849 essent5
901 1787 986 1837 facile
1000 1795 1096 1852 autem
1108 1788 1282 1860 cogitatione

131 1855 261 1925 suppleri
279 1854 365 1918 mala,
392 1855 479 1920 idque
504 1854 600 1922 ipsum
617 1855 665 1905 vel
684 1855 714 1904 in
733 1855 871 1904 abstracto
889 1855 991 1907 mulum
1010 1857 1079 1908 illud
1101 1853 1207 1910 latere:
1233 1876 1283 1911 ve·

132 1943 194 1977 ram
222 1925 230 1974 i
255 1927 315 1977 itur
342 1942 400 1977 esse
428 1924 607 1978 iudicandam
634 1925 790 1976 lectionem
814 1930 888 1976 esset.
932 1926 972 1976 Et
995 1925 1100 1978 habent
1124 1936 1191 1979 esset
1218 1936 1282 1979 octo

132 1997 201 2049 Οιιιι.
229 1943 301 2049 gud,
331 1998 356 2048 2.
388 1997 471 2046 Bern.
498 2013 571 2045 unus
595 1996 675 2047 Leid.
703 1994 774 2046 Edd.
804 1994 877 2045 Lalt.
907 1995 980 2047 dliv.
1014 1996 1089 2047 Dav.¹
1117 1997 1148 2046 in
1174 1995 1227 2048 Ed.
1256 2002 1280 2052 l.

131 2067 275 2120 FAWolf.
304 2066 384 2118 Koel.
409 2066 498 2117 Nobb.
529 2065 612 2118 Schz.
639 2067 686 2119 Or.
705 2064 777 2120 Tbn.
814 2067 868 2117 Pro
893 2065 929 2117 in
956 2082 987 2118 re
1007 2065 1079 2139 Aug.
1108 2066 1193 2119 habet
1211 2068 1282 2130 iure,
1352 2089 1354 2096 ⁴

130 2139 205 2189 tlon.
224 2140 249 2192 2.
278 2136 310 2188 in
335 2153 367 2188 re
392 2137 492 2188 mala.
530 2138 610 2190 Unus
631 2137 683 2188 Ox.
703 2136 789 2188 habet
814 2151 874 2187 cam
898 2153 952 2208 pro
972 2153 1030 2188 car.
1068 2137 1143 2187 Tum
1162 2137 1235 2188 Gud.
1255 2141 1281 2191 2.

131 2206 248 2271 leniora,
268 2200 354 2259 Rchd.
376 2224 451 2276 apr.
473 2225 509 2257 m.
536 2208 680 2260 meliora.
713 2206 811 2280 Pergit
832 2205 904 2260 Gud.
925 2209 950 2261 2.
987 2206 1044 2259 Sed
1067 2213 1108 2260 esl
1135 2207 1168 2258 ie
1192 2206 1283 2259 idem
1376 2235 1378 2238 ·

118 2278 165 2341 vde
184 2279 273 2330 rebus.
293 2278 372 2330 Unus
392 2279 441 2331 Ox.
462 2287 491 2330 et
509 2277 597 2330 liehd.
622 2277 679 2330 Sed
697 2284 739 2329 est
757 2278 833 2329 idem
852 2279 887 2329 de
905 2294 929 2328 r.
951 2295 1034 2346 supra
1053 2279 1122 2330 iden
1140 2278 1283 2347 scriptum

131 2357 173 2400 est
191 2347 243 2400 liis.
273 2348 345 2400 Gud.
364 2347 448 2399 habet
466 2349 516 2399 sed
543 2356 584 2400 est
602 2345 775 2401 isdem'de
794 2346 868 2398 liis
895 2349 986 2399 relius.
1024 2348 1065 2400 De
1090 2350 1153 2401 loco
1177 2365 1283 2418 prono-
1366 2392 1369 2396 1

129 2420 217 2469 minis
242 2419 358 2485 relativi
382 2427 446 2486 post
471 2419 582 2484 aliquot
604 2418 748 2481 vocabula,
786 2435 857 2486 quae
875 2419 956 2486 sequi
982 2419 1128 2484 debebant,
1160 2429 1193 2470 ut
1211 2419 1239 2474 h.
1260 2421 1281 2472 l.

129 2488 233 2541 iisdem
251 2490 284 2540 de
302 2489 384 2540 rebus
404 2489 477 2557 quod
496 2488 554 2540 dici
570 2489 671 2554 possit,
689 2488 747 2539 vid.
769 2504 818 2539 nos
837 2488 871 2538 ad
890 2489 949 2542 Cic.
971 2488 1081 2558 deliep.
1098 2492 1119 2543 l.
1132 2493 1173 2544 lo.
1193 2493 1279 2559 pat:

129 2561 164 2612 ad
181 2557 279 2621 verba:
300 2560 334 2611 de
352 2561 407 2611 isto
426 2560 516 2629 altero
534 2560 592 2611 sole
611 2559 685 2628 quod
703 2561 857 2611 nuntiatum
883 2565 938 2610 est:
956 2556 1035 2628 ¹ibiq.
1061 2558 1153 2611 laudd.
1179 2561 1282 2629 quibus

129 2629 197 2682 adde
225 2632 259 2682 de
283 2631 347 2681 Div.
369 2631 406 2681 ll.
433 2633 481 2684 ot:
520 2630 572 2682 Dii
596 2647 666 2696 erga
689 2627 811 2682 homines
833 2636 921 2681 mente
943 2647 994 2698 qua
1020 2631 1084 2681 sint.
1121 2632 1174 2682 Pro
1191 2631 1282 2697 possit
1315 2639 1319 2645 '

129 2700 195 2752 Cod.
216 2701 303 2752 lllarb.
322 2706 410 2766 potest
429 2717 494 2750 cum
518 2700 609 2751 tribus
629 2702 697 2751 Oxx.
732 2701 812 2752 Unus
830 2699 916 2750 habet
942 2701 1041 2752 iisdem
1065 2701 1142 2768 quod
1171 2700 1282 2752 omissis

128 2771 245 2822 vocibus
264 2772 401 2823 derebus.
422 2770 495 2843 Aug.
515 2769 574 2823 dici·
592 2770 705 2822 solent
723 2770 861 2823 subtilius.
901 2770 961 2820 Mr.

199 2844 248 2909 qui
270 2847 359 2893 censet
378 2857 486 2892 necesse
505 2856 572 2905 esse,
599 2856 690 2892 onznes
716 2840 746 2891 in
774 2839 954 2906 aegritudine
979 2839 1060 2906 esee‚]
1096 2839 1183 2892 Deest
1200 2841 1282 2908 prius

128 2927 188 2964 esse
207 2912 238 2961 in
256 2928 313 2963 uno
332 2912 393 2976 Ox„
412 2911 553 2979 posterius
573 2911 604 2960 in
622 2912 679 2962 alio
698 2919 726 2962 et
746 2912 831 2962 llarb.
867 2910 946 2962 Idem
967 2928 1033 2962 cum
1051 2927 1109 2962 uno
1129 2911 1177 2966 Ox.
1196 2909 1283 2963 habet

128 2983 307 3033 arbitrantur.
341 2981 382 3031 De
400 2981 487 3032 verbo
506 2995 565 3032 esse
582 2981 612 3031 h.
631 2982 652 3035 l.
672 2980 799 3049 parvulis
819 2981 980 3034 intervallis
999 2990 1046 3032 ter
1064 2982 1203 3033 redeunte
1222 2980 1280 3032 vid.

128 3052 271 3104 Goerenz.
296 3049 330 3101 ad
349 3050 408 3101 Cic.
435 3050 469 3100 de
488 3051 572 3100 Finn.
593 3051 630 3102 ll.
651 3054 695 3104 31.
714 3053 758 3107 99.
785 3069 812 3119 p.
833 3053 894 3104 tal.
919 3079 950 3088 -
968 3051 1051 3117 eod.
1076 3055 1150 3103 llllon.
1170 3054 1196 3105 2.
1221 3050 1282 3103 siue

128 3127 192 3173 aul
209 3120 271 3172 itta.
305 3120 378 3172 Gud.
407 3119 518 3175 ornittit
536 3120 595 3199 illq,
627 3139 700 3170 unus
719 3121 841 3188 (linquo
861 3121 1027 3172 antehabet
1053 3120 1143 3171 animi
1162 3138 1198 3171 ex
1215 3138 1282 3189 pcr-

126 3227 229 3280 peram
255 3209 331 3260 lecto
362 3208 538 3276 cornpendio
557 3209 617 3261 ᾶὲ.4
635 3206 716 3259 Unus
743 3208 792 3259 Ox.
813 3206 886 3259 Gud.
905 3210 931 3261 2.
952 3216 981 3258 et
999 3208 1085 3260 bllarb.
1110 3205 1283 3260 inveterave-

126 3287 225 3333 runt.-
244 3281 277 3330 in
295 3279 367 3332 Gud.
388 3282 413 3333 2.
435 3279 523 3330 etiam
541 3279 649 3350 syllaba
664 3277 699 3329 'ee
719 3277 829 3339 excidit
843 3277 921 3329 vocis
947 3277 1040 3329 initio.
1077 3279 1138 3330 Mr.

197 3369 271 3421 Nem
290 3382 375 3451 neque
394 3373 532 3419 vetustate
550 3366 641 3422 utinui
659 3365 755 3430 muln]
792 3365 959 3430 „Adversus
983 3363 1058 3416 hanc
1075 3367 1197 3436 Epicuri
1211 3383 1284 3418 sen·

126 3442 249 3492 tentiam
267 3449 309 3491 est
328 3439 378 3489 rlla
398 3437 492 3491 Servii
512 3437 634 3509 Sulpicii
654 3438 801 3510 invulgata
821 3437 962 3488 sententia
981 3435 1107 3505 [apilio.
1125 3437 1159 3488 ad
1172 3438 1280 3489 Femur.

106 3513 173 3564 117.
185 3504 248 3576 ‘5.]:
283 3509 383 3562 Nullus
403 3514 444 3561 est
464 3509 554 3576 dolor,
580 3524 658 3575 quem
676 3509 868 3576 longinquitas
890 3507 1025 3577 temporis
1049 3525 1103 3561 non
1121 3510 1229 3562 minuat
1249 3523 1283 3560 ac

126 3587 261 3634 conterat.
300 3581 406 3634 Seneca
426 3597 538 3649 quoque
564 3581 595 3631 in
613 3580 688 3631 libro
708 3580 741 3630 de
762 3579 958 3631 Consolatione
985 3579 1020 3630 ad
1039 3579 1176 3631 lllarciam
1193 3578 1282 3631 Dolo·

126 3669 195 3717 rem,
216 3653 320 3720 inquit,
340 3649 400 3703 dies
419 3649 564 3718 corisumit,
585 3650 649 3704 licet
662 3649 933 3709 continentissimum
952 3656 978 3700 et
991 3648 1114 3715 quotidie
1129 3666 1283 3716 resurgen-

127 3729 190 3776 tem.
212 3722 400 3790 longinquitas
417 3722 492 3775 enim
511 3728 537 3773 et
555 3721 617 3774 dies
640 3721 782 3774 medicina
801 3727 842 3772 est
869 3720 953 3771 tarda
970 3719 1088 3789 quidem,
1116 3720 1166 3772 sed
1191 3727 1283 3774 tamen

126 3811 241 3861 magna,
268 3793 417 3845 inteterati
445 3791 560 3846 doloris.
600 3794 703 3859 [Locus
728 3800 770 3843 est
790 3807 814 3843 c.
835 3795 861 3847 8.
887 3790 960 3859 pro]
1005 3791 1106 3843 Cicero
1132 3799 1228 3844 tamen
1251 3792 1282 3843 in
1342 3805 1343 3811 ¹

125 3863 265 3934 Epistolis
287 3863 321 3916 ad
342 3864 471 3916 Atticum
491 3865 525 3915 de
544 3862 633 3932 exilio
661 3879 711 3914 suo
727 3879 854 3929 querens
873 3863 926 3912 ait:
958 3861 1035 3924 ‘Dies
1054 3877 1109 3913 non
1127 3864 1207 3914 niodo
1226 3879 1282 3916 non

126 3937 200 3988 leuat
224 3939 324 3987 luctum
355 3933 432 3998 bunc,
460 3935 511 3986 sed
535 3934 619 3986 eliani
643 3939 739 3999 auget.-
768 3948 833 3983 nain
857 3931 944 3984 ceteri
976 3933 1088 3985 dolores
1112 3932 1282 3998 mitigantur

124 4011 274 4066 uetustate,
293 4004 337 4056 tic
357 4021 409 4056 nou
425 4011 516 4070 petest
535 4021 590 4057 uon
609 4011 636 4056 et
655 4020 737 4056 sensu
755 4003 917 4069 praesentis
941 4003 1075 4056 miseriae
1099 4011 1124 4055 el
1148 4005 1283 4056 recorda-

125 4075 202 4127 tione
219 4076 389 4144 praeteritue
408 4075 484 4125 uitae
503 4078 626 4128 continue
652 4072 787 4142 atigerift
814 4073 980 4126 Beroaldus.
1018 4076 1109 4126 Locus
1134 4073 1282 4126 Ciceronis

128 4154 171 4198 est
190 4147 225 4197 ad
242 4149 301 4198 Ait.
323 4147 376 4200 111.
401 4148 439 4198 15.
460 4161 522 4213 pre.
560 4146 620 4197 Me.

198 4233 247 4268 nec
277 4216 342 4281 fieri
365 4214 574 4282 praemeditata
603 4211 743 4274 leviora2]
779 4213 833 4268 Ed.
859 4213 955 4264 Lamb.
990 4229 1083 4281 neque.
1120 4215 1200 4268 Unus
1228 4215 1278 4266 Ox.

124 4287 449 4358 praemeditationem.
471 4287 543 4336 lllon.
564 4287 590 4338 2.
606 4283 832 4352 praemeditate.
852 4284 942 4336 Rebd.
962 4283 1100 4335 meliora.
1139 4284 1182 4336 Ad
1201 4301 1281 4352 seqq.

122 4358 292 4412 Beroaldus:
325 4356 512 4423 „subscribit
529 4355 600 4406 huic
618 4354 739 4423 Epicuri
757 4354 914 4406 sententiae
944 4352 1061 4417 Seneca,
1088 4355 1139 4423 qui
1163 4355 1195 4404 in
1213 4353 1284 4420 Epi-

125 4428 207 4484 stolis
232 4428 388 4481 moralibus
412 4427 465 4480 ait:
494 4425 572 4480 Illud
597 4423 649 4478 tilii
669 4423 824 4495 praecipio,
850 4439 884 4478 ne
909 4423 953 4477 eie
971 4424 1058 4478 miser
1082 4431 1148 4479 nuta
1166 4429 1281 4491 tempus,
