2842 5070
493 304 637 370 menn
655 305 719 386 ιιι,
741 304 791 372 ιι.
1068 315 1073 324 ’
1171 306 1232 374 ιιι

81 487 148 531 uon
169 468 280 550 potuit
301 476 395 532 certe
417 468 509 531 vires
532 471 698 557 frangere.
743 469 868 556 Magne
889 470 942 532 vis
963 479 1014 533 est
1033 472 1069 532 in
1090 464 1230 536 virtuti-

81 551 158 612 bus:
179 569 233 612 eas
255 552 372 622 exdta,
393 551 423 612 si
444 553 535 614 forte
555 551 736 614 dormiunt.
780 551 852 613 iam
873 552 937 614 tibi
951 551 1063 614 aderit
1075 556 1232 638 princeps

81 632 277 697 Fortitudo:
301 649 383 713 quae
405 641 439 694 tc
460 635 570 695 animo
591 641 685 695 tauto
707 652 779 694 esse
798 642 909 720 coget,
928 644 976 698 -ut
997 637 1120 714 omnia,
1149 656 1233 718 quae

82 715 213 794 possint
244 715 375 775 homini
400 717 561 793 revenire,
593 723 803 777 contemnas·
826 727 861 778 et
890 734 956 797 pro
985 717 1094 778 nihilo
1125 726 1231 799 putes.

81 794 202 857 Aderit
222 796 471 879 Temperantia,
501 815 585 880 quae
605 805 655 862 est
675 794 790 859 eadem
811 797 1011 877 moderatio,
1033 798 1067 874 (a
1087 818 1140 860 me
1161 801 1232 882 qui·

151 945 228 1001 Qttoe
242 930 444 1015 ut‘penettare
460 947 498 1016 te]
538 948 575 1003 Ut
591 947 683 1024 vulgo
700 947 789 1002 deest.
834 944 891 1002 Sed
907 946 1062 1003 &censius
1081 957 1111 1004 et
1127 951 1229 1005 Victo.

81 1016 144 1100 rius
154 1031 260 1138 ,ζέοοοοᾶιι
277 1017 500 1142 ιιιρῐίιῧίιῖιιιιιῦ
517 1019 644 1073 orationi
662 1019 1007 1100 necessariam,eamque
1018 1019 1062 1074 cl.
1082 1017 1232 1093 Bentleim

80 1103 163 1139 smmi
205 1104 225 1140 ιι
245 1103 291 1139 am
314 1105 332 1141 v
381 1105 435 1146 ra.
502 1127 509 1140 .

77 1226 128 1278 se
144 1159 746 1298 littttlt'tttstt‘ltttt‘lln
759 1158 1229 1305 itlittttttstltlttt

77 1295 142 1350 ΑΜ.
161 1294 193 1349 0.
212 1298 245 1349 V.
266 1299 302 1351 Μ.
320 1297 389 1352 llob.
409 1297 509 1370 Steph-
529 1301 607 1355 Cam.
619 1301 692 1354 hall.
711 1302 747 1354 In
755 1298 840 1353 Vind.
852 1303 876 1353 1.
895 1299 925 1354 le
948 1300 1010 1354 ‘tur
1026 1318 1096 1372 quae
1113 1309 1149 1356 te
1163 1318 1230 1371 per·
1257 1360 1262 1367 ,

76 1367 179 1422 seuere
204 1369 541 1437 fortassepoterit.
584 1371 744 1426 Estetiarn
768 1368 888 1426 iu'God.
944 1370 1009 1426 ehd.
1038 1380 1068 1425 et
1091 1389 1151 1426 uno
1176 1373 1228 1428 0¹.

75 1438 202 1504 forsitan
216 1439 371 1505 poterit,
397 1438 522 1494 in-Gnd.
547 1441 672 1508 forsitan
698 1440 866 1494 coluerit.
911 1437 956 1494 Ad
978 1439 1229 1498 constructionem

76 1524 188 1577 quoe-
198 1509 320 1573 foretne
336 1512 459 1579 potuerit
469 1520 569 1566 monet
586 1510 679 1565 Hand.
694 1511 730 1564 ad
747 1508 874 1581 wopis:
894 1509 1102 1565 Grammaticis
1119 1515 1228 1568 nostris

75 1576 219 1632 notandus
238 1588 282 1633 est
300 1579 354 1633 ille
371 1581 553 1636 coniunctivi
563 1599 651 1648 -usns,
666 1583 698 1635 in
715 1596 782 1651 quo,
801 1581 908 1634 omissa
925 1582 1140 1648 coniunctione,
1160 1600 1228 1636 con-

75 1649 187 1703 cessiva
206 1652 348 1703 sententia
367 1650 486 1705 eandem
508 1653 653 1706 rationem
682 1652 800 1722 recipit,
827 1668 913 1720 quam
932 1651 1138 1706 conditionalis
1159 1669 1227 1724 pro·

75 1720 171 1788 priam
188 1717 321 1772 habet.“‘
342 1720 409 1774 Post
424 1738 550 1793 pungere
567 1723 666 1776 Duisb.
686 1722 766 1776 addit
785 1727 819 1775 te.
856 1721 917 1774 Mr.

146 1805 201 1841 ooo
219 1791 311 1855 potuit
334 1797 408 1843 certe
433 1791 510 1844 eires
527 1791 683 1858 frangere]
726 1791 840 1845 Habent
863 1808 919 1844 non
934 1793 1074 1858 poterit
1097 1792 1228 1879 quinque

76 1858 166 1916 Oodd.
190 1858 259 1913 Oxx.
283 1858 372 1912 Rehd.
392 1861 476 1913 Vind.
497 1866 523 1916 1.
545 1861 608 1928 [hic
630 1879 668 1915 ex
691 1860 781 1927 corn]
808 1859 907 1912 Duisb.
934 1862 1078 1929 Davisius,
1102 1872 1136 1915 ut
1154 1865 1227 1930 dixi,

74 1932 107 1983 in
124 1928 178 1985 Ed.
199 1933 226 1982 l.
245 1947 330 2000 quam
349 1931 440 1984 solam
458 1932 616 2002 inspiciens
634 1931 707 1984 Ern.
734 1930 769 1983 ad
785 1929 816 1982 h.
837 1929 990 1984 luctavit
1006 1933 1152 1986 Futurum
1175 1934 1228 1987 ha·

73 2001 142 2054 bere
160 2000 311 2054 Davisium
329 1998 396 2072 (qui
413 2010 512 2055 tamen
530 2004 563 2056 in
579 2005 606 2059 2.
623 2010 657 2067 ¹et
674 2005 699 2057 3.
719 2003 883 2054 Perfectum
909 2001 1053 2066 restituit)
1081 2002 1167 2072 idque
1183 2007 1229 2059 fa·

74 2079 154 2124 ctum
173 2070 250 2125 haud
268 2071 423 2141 improbat,
440 2090 614 2144 quamquam
632 2080 663 2126 et
673 2072 826 2148 vulgatum
837 2071 909 2137 bene
923 2070 1036 2126 habeat.
1057 2072 1141 2128 Verb.
1197 2090 1227 2128 o·

114 2159 131 2195 e
147 2141 226 2196 dedit
241 2144 357 2211 poterit:
377 2142 427 2196 sed
441 2142 585 2211 potueri
591 2151 602 2194 t
619 2149 693 2196 certe
709 2142 818 2197 habent
836 2141 933 2198 hamb.
953 2143 1041 2196 Goth.
1061 2144 1152 2198 Boul.'
1182 2161 1226 2198 ar.

73 2159 289 2282 ἓξιρὶιοΒιιιι.
309 2211 376 2266 alt.
403 2211 513 2266 Sturm.
542 2212 666 2270 HWolf.
692 2215 728 2267 Μ.
766 2213 802 2266 ln
829 2214 1000 2283 praeteritis
1024 2231 1079 2285 pro
1101 2232 1228 2284 pungere

72 2285 146 2337 Ven.
164 2291 262 2337 nostra
279 2281 367 2337 habet
388 2300 523 2352 pugnare.
561 2285 622 2338 Mr.
1082 2322 1085 2326 -

142 2355 255 2421 Magno
272 2356 316 2408 oia
334 2361 376 2407 eet
393 2354 425 2408 in
442 2353 618 2420 υἰιίιιιίὁιιιι]
654 2353 812 2409 Beroaldus
831 2354 867 2408 ad
884 2353 913 2407 h.
924 2354 944 2406 1.
957 2360 984 2420 '„
995 2355 1146 2409 Sententia
1164 2365 1223 2411 est:

76 2425 235 2479 Fortunam
254 2424 397 2478 vellicare
415 2425 534 2494 quidem
558 2441 653 2496 posse,
681 2426 730 2478 sed
754 2428 892 2499 frangere
914 2427 1033 2494 penitus
1057 2443 1117 2479 non
1141 2423 1227 2497 posse

73 2495 220 2548 virtutum
248 2495 425 2565 sepimenta:
454 2496 585 2565 quassit
607 2496 774 2548 excitandas
801 2511 870 2559 esse,
900 2493 976 2547 sicut
992 2496 1100 2571 vigiles
1124 2514 1226 2553 somno

73 2566 262 2619 conniventes
281 2566 404 2619 excitari
423 2565 528 2632 solent,
553 2565 589 2618 ad
606 2566 748 2635 impetum
766 2564 897 2618 hostium
918 2565 1157 2634 supprimendum
1176 2584 1225 2622 re·
1322 2615 1325 2620 .

70 2635 317 2705 tundendumque.
371 2638 441 2703 Hoc,
466 2645 501 2688 ut
531 2636 631 2705 inquit
658 2637 769 2706 optime
793 2634 910 2699 Seneca,
934 2637 1070 2689 adversus
1093 2636 1226 2691 virtutem

54 2736 56 2740 ·
67 2711 182 2774 metunt
199 2707 372 2760 calamitates
395 2715 422 2760 et
440 2708 542 2760 domno
560 2715 587 2759 et
611 2706 746 2768 iniuriae,
771 2707 843 2775 qaod
866 2706 999 2758 adoneus
1022 2708 1111 2760 solem
1135 2714 1224 2775 potest

69 2777 206 2829 omulof‘
240 2776 294 2829 Est
311 2775 362 2830 hic
379 2777 461 2831 locus
478 2777 533 2847 Ep·
552 2780 598 2834 92.
615 2776 690 2831 med.
726 2778 807 2830 Unus
826 2775 1167 2830 casanatensem
1194 2776 1225 2831 εἰ

68 2847 151 2913 rorte,
172 2845 244 2899 Gud
264 2850 290 2903 2.
311 2849 474 2902 excitare
490 2849 574 2913 forte,
601 2848 707 2901 omisso
724 2843 856 2908 si2‚Gud.
876 2851 902 2900 1.
921 2845 990 2899 Μ.
1003 2854 1040 2900 ιι
1056 2846 1160 2917 paullo
1177 2848 1224 2901 in·

67 2918 172 2984 serius,
190 2936 207 2970 a
224 2934 269 2988 pr.
289 2935 328 2969 m.
349 2916 477 2971 adhesit
493 2934 549 2988 pro
567 2919 671 2982 oderit,
690 2935 765 2970 unus
783 2917 834 2970 Ox.
853 2917 1065 2986 fortitudoque
1100 2917 1163 2971 Mrs
1255 2948 1258 2955 ·

140 3021 209 3074 quoe
226 3012 252 3057 te
266 3004 359 3057 animo
371 3009 448 3058 tanto
461 3022 520 3058 esee
530 3005 646 3072 coget]
665 3005 883 3070 „Scribendum
898 3012 990 3071 cogat,
1008 3013 1042 3057 ut
1057 3014 1102 3058 est
1119 3006 1151 3057 in
1163 3021 1222 3060 uuo

67 3073 148 3129 Leid.
164 3075 231 3127 lloc
249 3076 318 3126 satis
329 3083 456 3145 *apparet
475 3092 510 3128 ex
529 3093 586 3145 seq.
606 3092 660 3129 noo
675 3075 887 3143 potiatur.“
905 3073 993 3130 Book.
1022 3075 1137 3141 „Coget
1156 3072 1220 3128 dedi
1245 3098 1249 3108 ·
1312 3119 1314 3124 .

66 3160 124 3216 pro
142 3151 229 3212 coget.
254 3160 320 3196 nam
338 3145 379 3196 ita
399 3144 544 3218 elegantia
556 3145 744 3216 latinitasque
760 3144 890 3215 postulat
907 3153 935 3198 et
954 3145 1043 3198 series
1062 3144 1220 3198 orationis:

66 3233 135 3272 nam
155 3222 238 3285 post,
288 3223 333 3268 ost
355 3215 431 3267 idem
450 3216 553 3278 oderit,
573 3221 616 3268 est
634 3231 702 3283 nane
720 3242 753 3251 -
768 3215 935 3283 patiatur.“
958 3215 1025 3269 Ero.
1062 3211 1136 3266 Eam
1151 3228 1222 3266 con·

66 3288 211 3339 iecturam
231 3232 385 3338 Scfliitzius
404 3301 462 3338 non
482 3303 541 3338 esse
560 3285 748 3345 necessariam
767 3285 884 3337 iudicat.
931 3283 1027 3348 Certe,
1055 3299 1122 3335 cnm
1140 3289 1221 3336 utra·

58 3374 126 3427 ‚que
145 3357 276 3426 scriptio,
296 3371 350 3426 pro
370 3357 522 3426 scriptoris
542 3356 695 3422 sententia,
721 3363 820 3409 utrum
838 3355 931 3428 magis
957 3372 995 3406 an
1023 3353 1120 3410 miuus
1139 3359 1221 3406 certo

60 3427 179 3497 aliquid
197 3425 343 3479 affirmare
360 3426 442 3491 velit,
476 3444 546 3480 vera
571 3443 632 3479 esse
656 3427 762 3496 possin
795 3441 853 3478 non
881 3433 925 3478 est
948 3425 1025 3494 quod
1048 3424 1220 3478 Ciceronem

66 3513 212 3574 cogamus,
240 3506 274 3549 ut
298 3496 348 3551 vel
371 3499 471 3568 priore
499 3497 563 3550 loco
581 3515 628 3553 ma
649 3497 674 3548 is
693 3496 875 3569 dubitanter¹
891 3495 1029 3567 loquatur
1053 3494 1102 3548 vel
1127 3499 1230 3564 poste·'¹

66 3569 145 3622 riore
179 3567 379 3624 confidentius.
426 3569 560 3622 Proxime
593 3567 733 3631 scribitur
766 3582 837 3633 quae
869 3571 987 3635 possunt
1019 3567 1051 3619 in
1077 3581 1136 3618 uno
1167 3564 1218 3621 Ox.

65 3639 140 3715 Aug.
168 3637 268 3692 Duisb.
295 3637 381 3692 Vind·
402 3642 426 3695 l.
452 3637 525 3691 Edd.
551 3637 579 3690 S.
603 3638 638 3693 Ε.
667 3637 785 3691 Poscant
817 3637 924 3690 habent
941 3636 1013 3689 Edd.
1026 3637 1062 3692 1Ρ,
1081 3635 1115 3688 A.
1135 3634 1167 3686 Β.
1188 3634 1219 3689 (1.

64 3711 136 3762 Ven.
155 3716 247 3761 nostr.
268 3707 333 3762 Asc.
353 3712 379 3765 2.
405 3710 487 3762 Junt.
524 3708 561 3761 In
581 3707 649 3761 eoo.
678 3715 751 3782 Aug.
771 3708 803 3760 in
823 3707 971 3762 antecedd.
998 3707 1124 3782 legitur:
1151 3721 1220 3773 quoe

64 3785 147 3833 tanto
172 3783 267 3833 animo
293 3795 355 3832 esee
373 3781 484 3848 cogitet,
509 3780 614 3832 omisso
641 3786 681 3843 te;
709 3779 740 3830 in
768 3778 843 3832 Gud.
862 3779 939 3831 ,item
964 3776 1082 3838 inverso
1113 3776 1218 3832 ordine

65 3857 141 3904 tanto
159 3851 260 3920 animo.
296 3852 373 3905 Mon.
392 3854 419 3907 2.
440 3849 515 3904 ιιιἹιιἹ
529 3865 584 3920 pro
604 3848 698 3904 nihilo.
736 3848 829 3904 Verba
847 3865 917 3918 quae
942 3855 984 3901 eet
1008 3850 1105 3903 eadem
1128 3849 1219 3902 mode·

65 3921 142 3975 ratio
156 3919 337 3973 'omittuntur
363 3920 394 3973 in
413 3920 521 3974 duobus
539 3920 610 3973 Oxx.
630 3921 675 3984 (E.
696 3919 734 3985 ξ.)
751 3921 801 3990 qui
827 3920 1002 3991 plerumque
1028 3921 1060 3972 in
1081 3918 1217 3988 'pessimis

64 3991 213 4046 erroribus
232 3989 417 4056 concordant.
454 3991 534 4043 Unus
554 3989 604 4042 Ox.
623 3989 710 4045 habet
728 3991 876 4043 moderare
894 4006 949 4061 pro
967 3987 1134 4043 moderatio.
1155 3990 1216 4045 Mr.

134 4063 163 4114 A
181 4066 210 4114 te
228 4054 335 4128 quidem
345 4061 430 4129 pareto
449 4061 524 4127 onte]
559 4061 653 4136 Vulgo
666 4078 724 4121 mr:
744 4061 820 4130 quod
833 4069 912 4114 recte
927 4062 1052 4122 mutavit
1071 4057 1114 4129 (ll.
1128 4061 1218 4113 Bent-

63 4132 148 4187 leius.
185 4131 317 4201 Respicit
335 4131 413 4184 euim
433 4138 535 4184 noster
552 4130 727 4189 adhuiusce
743 4130 815 4183 libri
832 4148 893 4199 cap.
912 4130 990 4188 vill.
1032 4129 1103 4182 mic
1120 4136 1216 4184 autem

64 4202 195 4268 Tullius,
213 4201 263 4256 hic
280 4217 351 4255 vero
370 4199 549 4275 Pythagoras
567 4209 617 4254 aut
636 4200 769 4258 Socrates
787 4206 839 4259 aut
852 4201 935 4254 Plato
954 4201 1096 4270 loquitur.
1132 4200 1186 4271 1).Ι

134 4275 166 4339 (a
183 4289 232 4326 me
250 4271 361 4343 quidem
375 4271 472 4338 paullo
491 4277 555 4324 ante
573 4272 712 4339 appellato
733 4270 924 4339 frugalium]
942 4271 1115 4335 „Bentleius
1135 4287 1215 4324 eum·

63 4361 120 4415 que
139 4352 253 4399 secutus
271 4342 343 4397 Dav.
369 4349 560 4395 correxerunt
584 4355 603 4393 a
621 4347 663 4407 te,
686 4341 824 4397 videlicet
842 4343 910 4413 quia
933 4339 985 4394 hio
1008 4343 1146 4411 loquatur
1165 4338 1216 4393 vel
1305 4363 1314 4381 ι

61 4413 251 4492 Pythagoras,
274 4413 324 4468 vel
341 4411 482 4479 Socrates,
501 4413 550 4466 vel
566 4412 657 4477 Plato,
679 4411 744 4466 loeo
757 4421 853 4471 autam
873 4430 898 4470 e.
911 4414 949 4476 8.,
971 4411 1023 4482 qui
1036 4410 1088 4474 hic
1102 4408 1215 4486 signid-
