2842 5070
518 315 744 415 -maansu-
764 318 881 407 1s1r.
970 372 972 379 ,
1218 318 1282 387 cst

127 483 171 545 de
199 483 348 564 sapiente
377 481 506 561 dicunt,
537 483 636 546 nimis
657 480 902 546 admirabiliter·
922 483 1087 566 nimisque
1108 483 1283 571 magnifica

129 566 245 629 dicere
267 565 438 630 videntur.
478 578 482 583 ’
544 573 562 606 ‘·
1058 617 1063 626 .

182 677 186 683 ·
210 649 298 735 Ergo
321 651 361 722 is,
382 649 528 730 quisquis
548 656 610 726 est,
633 649 690 732 qni
702 645 933 710 moderatione
946 655 980 711 et
993 650 1178 711 constantia
1190 650 1285 732 quie·
1308 654 1347 719 lt

125 741 183 795 tus
205 736 316 794 animo
340 739 400 808 est,
422 732 550 812 sibique
571 733 643 812 ipso
665 731 825 814 placatus,
857 740 896 794 ut
915 751 977 794 nec
1005 732 1152 796 tabescat
1181 733 1284 794 mole'-
1299 743 1345 797 37.
1378 773 1381 779 ,

126 817 213 894 stiis‚
234 828 295 878 ¹nec
306 818 480 900 frangatur
492 817 624 893 timore,
645 833 708 892 nec
722 816 877 878 sitienter
889 813 969 895 quid
989 821 1146 897 expetens
1166 814 1284 878 ardeat

127 995 238 1058 omittit
255 995 336 1060 iden,
356 995 439 1048 vind.
461 1001 483 1052 l.
504 1005 533 1049 et
550 997 649 1050 Duisb.
669 996 776 1050 habent
793 996 886 1051 Stoici
904 1013 991 1066 want,
1012 997 1084 1050 Gud.
1106 997 1140 1050 de
1158 998 1284 1065 sapiente
1368 1030 1372 1039 =

129 1084 209 1134 quum
228 1066 333 1120 Stoici.-
352 1068 433 1120 Unus
453 1069 502 1120 Ox.
522 1067 608 1120 habet
624 1068 716 1129 Stoici
733 1071 922 1137 sapientes.
951 1067 1025 1120 Gud.
1045 1068 1157 1121 omittit
1181 1070 1283 1121 nimis.-
1323 1088 1328 1094 ’

128 1139 189 1190 eius
208 1137 272 1190 loco
290 1138 377 1194 Marb.
402 1138 488 1191 habet
512 1138 625 1192 animis.
663 1139 708 1192 Ad
732 1141 905 1193 sententiam
927 1139 1026 1191 laudat
1048 1138 1201 1191 Kiihnerus
1220 1139 1281 1193 Cic.

127 1208 162 1260 de
181 1209 265 1261 Finn.
285 1209 336 1261 ΙΙΙ.
357 1211 401 1265 27.
423 1211 465 1265 ts.
485 1210 553 1265 Cod.
579 1211 666 1263 Vind.
682 1213 708 1266 2.
730 1210 815 1263 habet
834 1209 1049 1264 admirabiliter
1074 1210 1281 1280 magnificeque.

99 1328 101 1333 2
125 1279 178 1332 Ed.
197 1280 231 1342 A.
252 1280 363 1348 omittit
382 1280 483 1335 dicere.
519 1282 600 1336 Unus
619 1283 669 1334 Ox.
688 1281 775 1336 habet
792 1282 910 1347 animis,
935 1281 1129 1335 adnubiis'ter
1153 1284 1283 1337 minue·
1394 1319 1406 1326 -

125 1367 190 1420 qne:
211 1351 283 1403 alius
302 1352 414 1404 omittit
436 1353 579 1420 nimisque.
616 1354 677 1407 Mr.
890 1417 893 1423 ἱ
1205 1378 1209 1386 ·

197 1440 264 1510 Cap.
285 1445 329 1496 17.
364 1442 443 1508 Ergo
466 1441 526 1507 hic,
557 1441 683 1510 quisquis
709 1440 766 1508 est]
803 1440 851 1494 sic
878 1438 947 1516 Reg.
974 1440 1120 1494 Pithoean.
1153 1449 1183 1512 et
1207 1440 1280 1494 Med.
1320 1436 1324 1443 ’

125 1510 220 1584 Vulgo
240 1529 310 1582 ergo
328 1513 362 1578 is,
382 1512 507 1582 quisquis
523 1518 573 1566 est.
610 1513 648 1566 D.
718 1552 722 1558 -
1224 1535 1226 1539 ·

197 1618 221 1653 a.
242 1605 284 1656 17.
311 1603 392 1671 Ergo
410 1600 457 1666 is]
494 1602 618 1656 Restitui
642 1602 669 1655 is
691 1617 758 1653 curn
783 1601 829 1654 Or.
856 1609 885 1654 et
909 1599 1000 1654 Nobb.
1027 1616 1094 1671 cum
1112 1599 1183 1653 Edd.
1209 1609 1300 1653 vett·
1387 1641 1394 1655 .

126 1678 157 1724 et
174 1672 256 1726 rece.
293 1675 425 1727 Davisius
451 1680 547 1727 autem
574 1674 720 1728 neminem
743 1681 862 1742 praeter
890 1673 943 1725 Ed.
974 1671 1047 1724 Tbn.
1079 1671 1283 1740 obsequentem

125 1741 238 1797 habuit:
271 1747 311 1797 Et
334 1754 411 1800 tacet
438 1754 535 1799 nostra
554 1744 666 1798 Codicis
690 1744 775 1818 Regii
803 1744 933 1796 collatio:
963 1752 1135 1815 quamquam
1157 1743 1228 1795 huie
1245 1742 1283 1796 si·

126 1814 220 1869 lentio
238 1834 296 1870 non
313 1813 447 1883 inultum,
472 1816 528 1870 hoc
546 1835 615 1871 vero
641 1815 817 1880 loco'nihil‚
844 1815 956 1868 tribuo:
981 1813 1042 1868 'raon
1063 1813 1165 1888 magis,
1196 1830 1284 1884 quam

127 1886 289 1941 collationis
308 1889 394 1945 Codd.
415 1889 523 1942 Oxonn.
548 1889 674 1953 silentio,
702 1904 773 1958 quos
800 1887 830 1939 h.
850 1888 871 1938 1.
900 1903 998 1940 omnes
1026 1886 1188 1939 consentire
1207 1886 1284 1939 inis

128 1958 247 2014 credere
284 1958 363 2013 ossis.
401 1961 488 2027 Quam
507 1979 589 2031 saepe
608 1969 703 2013 autem
721 1957 748 2011 ii
766 1967 794 2011 et
813 1957 851 2023 iti,
877 1956 965 2010 iicet
988 1955 1033 2010 tte
1058 1955 1282 2022 confundantur,

126 2047 210 2099 saepe
226 1981 362 2086 vidimus:
382 2034 475 2085 rarius
494 2033 524 2086 id
541 2033 606 2085 fieri
626 2031 658 2084 in
674 2029 723 2084 laic
740 2039 770 2082 et
787 2029 824 2094 is,
843 2038 1065 2083 consentaneum
1080 2036 1137 2080 ests
1156 2029 1283 2080 confusis

125 2109 224 2154 autem
242 2102 332 2158 sernel
349 2105 502 2175 utriusque
519 2104 602 2157 vacis
627 2101 908 2176 significationibus·
919 2101 954 2152 ad
976 2115 1120 2162 normam¹
1132 2107 1284 2170 corrupto·

125 2190 192 2224 rum
210 2191 244 2227 eo
264 2191 362 2228 errore
380 2176 521 2242 locorum,
539 2174 665 2238 librarii,
686 2172 763 2244 quod
781 2190 859 2224 casus
872 2189 930 2225 non
943 2171 1063 2236 ferebat,
1084 2167 1283 2224 emendatione

124 2263 214 2314 prava
232 2246 411 2317 supplebant.
440 2250 492 2301 Est
510 2257 606 2300 autem
631 2246 661 2299 is¹
675 2247 707 2298 in
726 2243 896 2317 GaddGud.
910 2247 936 2301 2.
957 2252 987 2296 et
1004 2241 1088 2294 Vind.
1109 2246 1134 2297 Ι.
1153 2241 1282 2312 itemque

126 2319 201 2369 Mon.
219 2321 245 2370 7.
265 2336 281 2370 a
299 2334 353 2371 sec.
373 2316 419 2370 m.
432 2318 476 2372 Ad
494 2319 651 2372 fonnulam
670 2315 794 2385 quiaquia
813 2323 854 2369 est
872 2314 1076 2368 vid.Beierum
1089 2314 1124 2381 ad
1134 2312 1192 2370 cio.
1204 2313 1281 2366 Laei.

121 2389 200 2440 XVI?
217 2393 260 2445 60.
279 2406 308 2458 p-
328 2393 373 2444 96.
401 2389 465 2456 (qui
484 2391 554 2442 item
572 2388 647 2462 legit
665 2389 719 2454 is):
748 2386 886 2440 Oohsner.
914 2387 950 2439 ad
967 2387 1026 2440 cie.
1047 2386 1169 2462 Eclogg.
1188 2403 1218 2456 p.
1237 2387 1281 2442 35.

126 2459 169 2511 ed.
190 2463 214 2514 3.
251 2461 331 2514 Unus
351 2462 401 2513 Ox.
421 2460 507 2513 habet
522 2461 673 2529 quisquam.
710 2456 781 2516 Mr.
935 2489 938 2494 -

167 2601 170 2605 ,
197 2547 247 2619 qui
264 2548 454 2605 moderatione
477 2554 503 2602 et
527 2545 685 2601 constantia
712 2545 819 2613 quietus
838 2543 931 2599 animo
954 2545 1018 2612 est‚]
1055 2544 1102 2599 Or.
1123 2560 1158 2598 ex
1176 2545 1229 2599 Ed.
1250 2544 1281 2599 G.

121 2621 255 2672 'enotavit
273 2621 321 2686 qui
337 2620 411 2674 mod.
432 2626 458 2672 et
477 2618 805 2685 constantiopolleat,
826 2619 932 2687 quietus
950 2619 1044 2685 alnimo
1064 2621 1118 2682 est;
1138 2616 1214 2670 idem
1232 2615 1283 2668 ha-

122 2690 174 2741 ‘bet
191 2690 244 2743 Ed.
264 2693 334 2743 Ven.
354 2691 414 2744 Alt.
435 2708 502 2743 cum
520 2689 583 2742 Asc.
604 2692 629 2744 2.
649 2691 746 2754 Junt.;
767 2689 797 2740 in
814 2690 930 2744 vinda.
951 2698 981 2743 et
998 2691 1072 2764 Aug.
1093 2696 1134 2741 est
1152 2695 1300 2741 constater

111 2758 169 2825 xtia
183 2763 323 2832 polleat
345 2762 519 2831 quietusque
543 2763 637 2815 areima
660 2766 711 2817 est.
747 2759 810 2812 Duo
829 2761 899 2816 Oxx.
925 2760 1032 2814 habent
1060 2760 1163 2829 quieto
1187 2758 1285 2814 animo.

125 2839 173 2884 est.
193 2832 282 2887 Rehd.
302 2834 387 2887 Vind.
409 2840 433 2890 l.
454 2837 529 2886 Mon.
553 2837 576 2888 1.
597 2832 670 2885 Gud.
691 2837 731 2883 est
749 2833 850 2885 anima
886 2832 985 2904 Pergit
1009 2831 1082 2906 Aug.
1109 2830 1166 2884 sibi
1188 2831 1283 2900 ipsi-

125 2918 202 2977 que,
220 2905 306 2957 Vind.
329 2909 352 2960 l.
374 2914 403 2958 et
420 2924 494 2959 unus
520 2905 570 2958 Ox.
598 2903 702 2973 sibique
726 2901 821 2970 ipsi,
849 2903 923 2956 Gud.
944 2905 969 2959 2.
996 2903 1108 2978 ornittit
1129 2902 1197 2970 ipse.
1236 2901 1282 2954 Ex

125 2992 182 3043 qua
200 2976 352 3029 omissione
381 2977 490 3046 illaque
513 2975 680 3047 scriptionis
698 2975 839 3027 varietate
863 2975 948 3028 facile
976 2973 1198 3045 aliquisipsam
1221 2990 1283 3025 eam

123 3060 224 3099 vocem
244 3048 370 3116 spuriam
390 3065 448 3101 esse
466 3047 605 3118 suspicari
630 3045 729 3116 possit.
765 3044 828 3120 Ego
853 3045 881 3098 ei
904 3047 989 3098 litem
1016 3063 1074 3098 non
1090 3059 1209 3097 moveo.
1248 3044 1283 3096 In

124 3115 196 3167 Edd.
224 3115 251 3169 S.
277 3116 308 3169 C.
335 3126 375 3170 est
399 3124 429 3170 ut
455 3134 563 3189 neque
588 3149 621 3158 -
644 3133 693 3170 nec
719 3117 889 3184 frangatur3
915 3117 986 3169 Edd.
1015 3126 1080 3169 ante
1106 3113 1195 3167 Gebh.
1222 3113 1283 3178 (ert-

125 3186 216 3255 ceptis
234 3189 262 3239 P.
283 3188 356 3241 Vict.
377 3189 444 3242 Rob.
466 3188 577 3260 steph.)
596 3187 703 3255 habent
720 3194 750 3239 ut
768 3203 878 3258 neque
897 3190 930 3230 -'-
949 3203 1056 3256 neque
1074 3189 1229 3252 frangatur
1248 3215 1281 3226 -

123 3273 222 3309 nec-
243 3275 353 3312 aec-.
390 3260 450 3313 Mr.
522 3270 525 3277 '
1374 3263 1378 3271 '

195 3346 244 3382 nec
261 3331 392 3384 sitienter
415 3329 481 3400 quid
508 3338 635 3400 expetens
662 3331 765 3383 ardeat
785 3327 939 3395 desiderio]
977 3328 1042 3384 Cod.
1070 3328 1158 3382 Marb.
1179 3322 1280 3378 omis'so

124 3415 174 3452 nec
190 3400 279 3453 habet
293 3401 436 3467 sicienter,
455 3403 532 3456 unde
551 3403 583 3454 in
597 3410 650 3455 'sex
669 3403 776 3456 Oxonn.
797 3411 860 3455 orta
879 3410 922 3454 est
938 3419 1027 3470 prava
1043 3400 1132 3453 lectio
1150 3397 1278 3450 scienter.

124 3471 158 3522 In
177 3472 243 3524 Cod.
262 3472 335 3558 Aug.
362 3475 464 3537 desunt
487 3473 584 3526 omnia
602 3474 669 3528 inde
688 3492 703 3526 a
720 3493 748 3527 v.
768 3473 902 3526 molestiis
926 3489 1015 3542 usque
1039 3471 1075 3523 ad
1101 3470 1279 3536 deliquescat,

123 3540 273 3595 aberrante
292 3545 432 3598 vrdelicet
448 3538 563 3597 librarii
583 3546 666 3597 oculo
685 3563 700 3596 a
717 3544 805 3610 verbo
824 3545 980 3608 tabescat,
1006 3551 1127 3612 propter
1153 3539 1280 3607 ὁμοιοτέ-

125 3613 220 3663 teucer
237 3613 272 3666 ad
291 3615 489 3681 deliquescat.
528 3615 573 3668 Aa
590 3634 619 3668 v.
640 3614 771 3668 sitienter
786 3615 884 3667 laudat
902 3613 996 3666 Kiihn.
1015 3613 1150 3678 Beierurn
1169 3611 1204 3663 ad
1218 3610 1278 3662 Cic.

125 3679 159 3732 de
179 3679 233 3733 off.
253 3684 276 3734 1.
298 3688 339 3738 10.
360 3688 402 3740 33.
427 3704 455 3755 p·
477 3690 518 3740 77.
542 3686 595 3749 ¹ubi
617 3688 734 3740 Beier-us
759 3686 855 3738 omnia
882 3687 945 3736 fere
972 3682 1107 3735 adverbia
1130 3682 1162 3732 in
1181 3685 1280 3734 -nter

124 3768 191 3803 suae
216 3755 395 3807 annotationi
419 3756 550 3808 infersit:
579 3758 656 3826 quod
680 3757 788 3810 faciens
815 3756 876 3826 ipse
899 3754 952 3807 sibi
976 3753 1088 3824 placuit
1112 3754 1279 3827 sanetusque

123 3824 203 3874 visus
222 3832 279 3888 est;
299 3824 323 3875 si
341 3825 414 3878 alius
433 3827 576 3897 quispiam
594 3829 719 3892 fecisset,
745 3844 849 3898 poenas
875 3826 966 3879 laesae
995 3824 1040 3878 ele
1078 3825 1156 3877 ntiae
1184 3832 1214 3876 et
1230 3841 1282 3877 ve·

124 3893 248 3945 nustatis
273 3894 394 3948 dedisset
418 3897 620 3951 acerbissimas.
657 3899 769 3952 Habent
796 3898 883 3951 etiam
900 3896 1023 3963 ‚scienter
1075 3896 1119 3951 dd.
1148 3897 1176 3948 P.
1196 3894 1227 3947 B.
1247 3895 1278 3948 0.

122 3963 187 4015 Asc.
208 3968 233 4018 2.
253 3966 351 4030 Junt.;
371 3964 400 4018 si
417 3967 539 4020 scienter
555 3968 628 4022 Edd.
648 3969 681 4022 A.
701 3973 771 4023 Ven.
791 3978 880 4022 nostr.
905 3969 971 4034 Asc.
993 3974 1017 4023 l.
1054 3967 1128 4020 Dedi
1151 3973 1280 4035 expetens

123 4053 191 4088 etun
212 4036 303 4089 Gebh.
325 4045 354 4088 et
371 4038 502 4089 omnibus
520 4038 592 4090 Edd.
611 4049 676 4109 post
694 4041 785 4094 Gebh.
815 4058 850 4093 ex
869 4039 954 4093 codd.
968 4041 1043 4100 *Rea
1064 4038 1138 4091 Gud.
1161 4043 1184 4093 1.
1210 4036 1279 4101 [nisi

123 4107 200 4175 quod
226 4106 260 4159 hi
283 4107 390 4160 habent
413 4108 608 4183 stribliginem
632 4113 784 4179 expectens]
822 4111 935 4181 Gryph.
961 4087 1035 4166 Gud.
1066 4109 1155 4164 Rehd.
1179 4109 1277 4162 Duisb.

123 4181 199 4231 Mon.
221 4184 245 4233 l.
265 4190 315 4231 se'x
334 4181 404 4262 Οξκ.
424 4179 507 4262 Vind.
529 4182 554 4234 2·
573 4180 644 4232 Edd.
670 4182 745 4234 vict.
764 4182 833 4235 Ros.
855 4182 953 4251 steph.
974 4182 1054 4233 Brut.
1074 4180 1159 4234 Laod.
1181 4179 1279 4248 sylb.;

124 4249 610 4399 ttttt.tittttittpttt.
623 4251 701 4377 ‘iii
717 4256 860 4380 tait:
880 4251 1021 4399 titt?
1047 4249 1278 4389 ttttt.²·.ttt;

121 4391 254 4450 uiam.
275 4394 397 4446 arderet.
436 4395 502 4444 Mox
519 4408 573 4468 pro
590 4393 671 4461 fusili
687 4394 760 4449 Gud.
782 4398 806 4450 1.
826 4395 924 4462 fatali,
942 4413 1014 4447 unus
1028 4392 1187 4468 (infandi,
1207 4391 1279 4443 alius
1327 4406 1330 4413 ·

125 4461 220 4530 facite,
239 4481 312 4519 unus
331 4461 459 4531 defecits',
479 4463 554 4518 alius
572 4464 686 4527 subtili.
712 4464 757 4521 Ad
773 4465 804 4520 h.
823 4483 851 4520 r.
877 4465 1045 4542 Beroaldus:
1071 4462 1186 4533 „inani
1223 4462 1279 4516 ttu-
