2842 5070
195 294 258 357 136
399 290 625 356 oteramus
647 275 896 358 ruscum-u.
917 290 1147 380 nuruum.

114 426 138 525 *f
193 473 308 537 pressa
327 454 374 517 ad
399 457 539 519 verbum
570 454 654 536 dixi,
681 454 826 518 tollenda
854 454 896 519 de
916 456 1023 531 libr03
1054 455 1108 519 vel
1135 463 1225 519 totus
1255 455 1346 521 liber

114 537 306 641 t·2⁰⁰·potius
327 536 546 636 abiiciendmt
569 547 620 600 est
642 539 729 599 enim
751 541 921 636 confertus
941 539 1182 636 voluptatibus.
1235 537 1348 620 Quae·

160 628 166 641 ·
195 617 335 761 rendqqr
348 627 485 762 drigcqtpr,
520 619 793 702 quemadmodum
820 618 1030 705 aegritudine
1060 638 1230 702 privemus
1258 639 1347 697 eum,

135 772 141 790 .
195 720 252 781 qur
279 722 291 759 1
444 724 453 762 a

325 895 327 899 ·
364 871 521 940 Ταργύριον
539 861 608 923 εἶναι
624 863 768 938 μειράκιόν
785 883 830 921 σοι
848 871 978 938 φαίνεται

362 938 395 995 οὐ
413 941 468 993 τῶν
485 943 647 1008 ἀναγκαίων
665 940 726 992 καθ’
744 938 960 1012 ἡμέρανμόνον

361 1006 444 1077 τιμὴν
460 1015 612 1079 παρασχεῖν
629 1007 760 1075 δυνατόν,
777 1011 877 1076 ἄρτων,
893 1007 1026 1078 ἀλφίτων,

361 1073 452 1144 ὄξους,
471 1079 570 1144 ἐλαίου,
587 1074 716 1152 μείζονάς
733 1077 753 1131 τ’
773 1083 855 1134 ἄλλου
872 1080 956 1138 τινός.
1038 1129 1040 1139 ,
1237 1114 1240 1120 ,

198 1149 253 1232 ubi.
271 1165 318 1202 res
340 1166 464 1203 venerea
491 1150 563 1233 item
586 1158 665 1233 tecte
691 1149 921 1233 significatur-fl·
940 1150 982 1203 De
1007 1151 1149 1204 sententia
1173 1149 1232 1205 loci
1256 1150 1345 1217 nihil,

116 1312 127 1330 .
198 1220 543 1359 tettatttdtit.
563 1219 858 1360 tttttttdtt
872 1219 1348 1360 t“:.t..t¹¹.⁰.t.t.t..⁶ttt.¹tt

98 1385 101 1390 ·
198 1357 281 1411 mode
299 1358 396 1413 laudat
418 1360 513 1415 Kiihn.
533 1377 594 1431 cap.
615 1364 658 1427 lo,
677 1358 722 1424 44,
743 1368 772 1412 et
790 1362 837 1413 IV.
857 1362 901 1415 24.
914 1360 966 1419 53.
992 1360 1120 1431 itemque
1142 1361 1277 1416 Terentii
1302 1361 1345 1414 lo-

199 1444 266 1481 cum
291 1428 380 1482 Andr.
400 1430 438 1482 11.
459 1434 484 1486 1.
504 1433 553 1486 25:
582 1445 647 1483 nom
707 1428 802 1484 idnam
825 1428 946 1498 ampliat
968 1430 1019 1488 tibi
1043 1445 1105 1484 cum
1131 1430 1186 1485 illa
1210 1431 1289 1497 fuit?
1313 1430 1350 1484 ad-

198 1501 371 1563 sentantium
393 1500 461 1553 loci.
489 1499 552 1555 Vid.
578 1516 629 1552 nos
651 1518 667 1553 a
708 1500 768 1553 Cic.
792 1501 826 1563 de
844 1500 914 1570 Rep.
934 1502 987 1565 11¹,
1009 1503 1050 1557 14.
1077 1519 1106 1572 p.
1125 1504 1178 1557 369
1195 1514 1238 1571 sq.
1275 1499 1346 1553 And.

198 1569 322 1644 Borgers
340 1570 375 1622 ad
393 1571 452 1624 Cic.
471 1570 568 1623 Parad.
588 1588 615 1640 p.
635 1572 679 1626 48.
700 1571 785 1623 Goer.
805 1571 839 1624 ad
857 1571 962 1624 Acadd.
982 1571 1020 1623 ll.
1042 1574 1083 1625 lo.
1103 1589 1131 1641 p.
1150 1575 1194 1631 61.
1232 1570 1290 1624 Sed
1306 1572 1346 1624 cf.

200 1639 287 1691 etiam
305 1639 467 1697 Hoffmann.
488 1641 521 1692 in
538 1639 639 1693 Jahuii
656 1640 772 1693 Annall.
791 1643 870 1701 1828.
890 1642 927 1694 11.
950 1646 973 1695 l.
992 1658 1020 1710 p.
1031 1643 1074 1696 46.
1093 1641 1247 1694 Librorum
1259 1641 1347 1703 lectio

199 1725 258 1761 non
277 1711 428 1762 admodum
444 1711 595 1780 discrepat.
615 1710 683 1764 Cod
703 1710 776 1764 Gud.
795 1713 822 1765 2.
851 1710 878 1762 ri
899 1727 965 1770 vero
989 1710 1075 1763 etiam
1099 1717 1178 1764 tanc
1202 1709 1348 1780 aliquid

196 1778 282 1846 plone
299 1783 399 1834 lactum
416 1797 522 1834 omnem
540 1780 756 1834 exterseris.
792 1782 828 1833 ln
846 1780 912 1834 (iod.
932 1783 1016 1834 Bern.
1036 1781 1115 1848 quasi
1133 1781 1349 1855 adsignificar-

200 1849 265 1901 dam
282 1867 381 1904 veram
398 1850 457 1904 loci
477 1849 658 1916 seutentiam,
683 1860 748 1920 post
765 1852 851 1904 etiam
868 1860 1010 1922 punctum
1028 1852 1153 1920 positum
1178 1858 1229 1903 est.
1257 1850 1347 1905 Itehd.

200 1918 229 1971 ai
245 1936 310 1974 vero
329 1920 382 1974 eti
388 1936 439 1974 am
455 1921 601 1991 aliquid
615 1927 673 1974 tam
691 1921 788 1991 (supra
805 1922 857 1972 lin.
874 1922 924 1986 aaa)
942 1929 970 1975 ta
985 1923 1077 1990 plane.
1097 1924 1172 1974 Mon.
1192 1925 1217 1978 2.
1246 1921 1274 1974 oi
1290 1937 1348 1974 oe·

199 1994 336 2045 neriam
367 1994 475 2045 etiam
510 1991 650 2060 aliquid
678 1989 887 2045 admoverit
917 2008 1001 2046 none
1022 1993 1108 2059 plane
1132 2022 1164 2034 -
1187 1992 1261 2045 Gud.
1285 1993 1348 2044 ats-

200 2062 319 2115 terseris
356 2077 469 2114 omnem.
512 2060 584 2121 Edd.
602 2060 644 2130 sl.
670 2061 701 2112 B.
727 2061 755 2118 S.
787 2061 821 2112 E.
853 2061 927 2114 Asc..
947 2068 971 2116 1.
1006 2064 1086 2114 Junt.
1107 2061 1141 2113 ai
1169 2076 1233 2114 vero
1261 2061 1349 2115 etiam

199 2132 311 2199 aliquid
337 2129 601 2199 admoverinEdd.
627 2128 693 2183 Asc.
712 2135 738 2187 2.
766 2130 888 2194 HWolf.
913 2131 943 2184 G.
978 2131 1013 2184 Si
1033 2147 1220 2191 ‘veneream
1244 2131 1349 2184 etiam

200 2200 339 2270 aliquid
357 2199 572 2255 admoveris.
599 2201 670 2254 Ven.
689 2211 778 2252 nostr.
798 2200 825 2252 si
843 2215 1049 2253 veneraeom
1065 2207 1104 2254 'et
1132 2200 1272 2268 aliquid
1290 2201 1349 2255 ad·

199 2273 359 2332 moveris.
380 2269 493 2341 'Unum
511 2270 595 2322 addo:
621 2287 658 2322 ne
681 2272 744 2340 quis
763 2268 874 2322 duliitet
896 2271 1004 2339 aliquid
1021 2271 1050 2322 h.
1071 2270 1092 2322 1.
1121 2270 1161 2322 ita
1179 2270 1349 2344 intelligen-

200 2340 270 2392 dum
285 2358 358 2405 esse,
376 2348 410 2391 ut
427 2339 563 2404 diximus,
582 2339 606 2390 is
623 2349 740 2410 reputet
756 2341 851 2410 ipsum
870 2340 1039 2394 Ciceronem
1066 2355 1099 2392 eo
1125 2355 1240 2393 ornnem
1256 2350 1349 2414 sust-u-

157 2430 163 2447 .
200 2408 268 2491 iisse
287 2408 503 2488 dupitationem,
523 2409 599 2478 quod
617 2410 725 2463 addidit
743 2410 837 2464 etiam.
873 2411 926 2462 Est
938 2411 1016 2491 enim
1034 2409 1142 2491 aliquid
1164 2410 1247 2464 etiam
1264 2411 1348 2479 plane

201 2496 270 2600 iai·
291 2478 1350 2621 ttttttttt‘ttt..ttttttttttitf’.t;t.t;t..}tltttttt

202 2618 302 2671 Jahnii
319 2618 434 2670 Annall.
454 2617 570 2668 Philoll.
592 2619 669 2671 1831.
689 2618 741 2669 111.
763 2620 787 2670 1.
828 2620 898 2670 .77.
931 2618 996 2671 Mr.
1054 2648 1058 2656 ·
1298 2655 1301 2663 .

132 2693 140 2709 ‘
234 2724 236 2728 .
273 2689 351 2742 Haec
368 2683 534 2756 Epicura'
558 2687 712 2750 confitenda
738 2634 827 2751 maij
857 2685 926 2742 Dav.
950 2686 999 2738 vel
1021 2688 1117 2757 potius
1134 2688 1291 2751 Bentleius,
1318 2688 1350 2740 in

201 2759 254 2812 Ed.
275 2762 300 2814 2.
320 2760 408 2824 Haec,
426 2757 558 2825 Epicure,
584 2757 655 2821 conf.
675 2762 746 2809 auat.
784 2757 829 2808 Ad
846 2773 931 2825 quam
949 2757 1175 2810 emendationem
1199 2759 1351 2828 Wopken-

202 2829 260 2880 sius
277 2847 306 2898 p.
327 2832 391 2882 115:
412 2835 501 2893 recte,
520 2843 579 2878 non
596 2843 664 2896 opus
683 2841 753 2889 esse,
772 2828 822 2891 ait,
840 2834 873 2877 ut
891 2826 1033 2878 librorum
1057 2828 1246 2896 scriptionem
1257 2828 1351 2881 *refin-

224 2917 261 2950 as.
298 2900 400 2964 Neque
424 2898 511 2962 enim,
535 2897 560 2948 si
583 2897 779 2952 antecedentia
804 2896 946 2965 inspicias,
969 2897 1004 2948 ad
1020 2897 1181 2966 Epicurum
1203 2898 1265 2950 sine
1290 2899 1351 2950 ulla

140 3018 143 3031 ,
203 2916 361 3022 deflexione
380 2966 520 3041 dirigitur
536 2967 643 3031 oratio,
663 2968 739 3036 quod
757 2966 844 3019 facile
862 2968 999 3019 evincunt
1016 2966 1083 3019 ista:
1104 2975 1186 3036 atque
1203 2965 1271 3019 haec
1288 2967 1351 3037 qai·

204 3040 268 3092 dem
285 3036 332 3090 itis
349 3037 459 3090 verbis:
480 3035 572 3107 quivis
589 3044 620 3090 ut
638 3037 791 3105 intelligat,
819 3051 902 3106 quam
919 3037 1084 3103 voluptatem
1109 3037 1190 3089 norit·
1202 3038 1349 3105 Epicurus.

127 3109 131 3122 '
204 3108 236 3162 si
253 3109 402 3176 sequentia
419 3108 506 3160 verba
524 3109 662 3172 conferas,
680 3108 833 3159 terminari
851 3107 924 3159 illud
942 3107 1064 3176 Epicuri
1082 3107 1248 3176 alloquium
1265 3110 1351 3162 facile

203 3178 320 3232 videbis.
341 3205 374 3216 --
391 3178 491 3262 Pergit
509 3177 574 3230 Cod.
596 3178 682 3230 Marb.
703 3185 734 3229 ut
752 3193 804 3247 pro
823 3183 878 3230 aut.
899 3178 972 3230 Gud.
989 3181 1012 3231 1.
1033 3178 1104 3229 item
1122 3183 1153 3230 at
1169 3178 1254 3231 habet
1272 3196 1351 3247 a-pr.

191 3251 253 3316 ἀι,
274 3249 347 3306 Gud.
367 3248 479 3301 omittit
497 3264 540 3313 ea,
560 3248 634 3302 Gud.
652 3250 678 3302 2.
697 3255 746 3301 aut
763 3263 805 3300 aa.
841 3248 883 3298 De
908 3247 1118 3300 constructione
1146 3248 1222 3316 quod
1244 3248 1279 3299 ad
1302 3255 1352 3300 aut

204 3329 234 3374 et
252 3320 284 3371 in
303 3337 380 3389 seqq.
391 3318 447 3379 mel
463 3321 599 3389 pertinet,
618 3318 788 3379 tenendum:
809 3317 945 3386 aatponi,
963 3325 997 3369 ut
1008 3318 1353 3386 opponanturcoafiteada

204 3398 235 3444 et
253 3391 389 3453 tollendo3
407 3391 451 3442 val
467 3389 549 3456 sequi
566 3397 600 3440 ut
618 3388 741 3441 tollenda
758 3389 922 3460 corrigatur
940 3387 1021 3456 quasi
1049 3394 1077 3439 et
1100 3396 1238 3460 augeatur
1256 3389 1351 3442 addito

205 3459 371 3515 abiicienda.
401 3460 466 3512 Vid.
490 3457 640 3513 Doeleckii
665 3458 792 3518 Gramm,
818 3458 917 3510 Germ.
942 3460 1004 3510 Lat.
1031 3475 1059 3527 p.
1080 3459 1139 3512 137.
1164 3459 1295 3512 Eundem
1312 3459 1352 3518 cf.

104 3563 109 3571 ·
205 3530 240 3582 ad
262 3529 409 3600 sequentia
432 3528 556 3582 tollenda
585 3527 624 3579 de
647 3527 729 3592 libro,
754 3545 782 3596 p.
802 3529 847 3583 82.
883 3531 937 3581 Pro
961 3542 1032 3596 quae
1056 3528 1136 3581 orado
1154 3530 1233 3582 Unus
1252 3530 1302 3582 Ox.
1315 3536 1372 3583 «et.

204 3600 259 3652 Ed.
279 3603 308 3654 P.
325 3600 433 3659 habent
451 3597 590 3669 quomodo.
627 3598 734 3650 Eadem
751 3598 803 3651 Ed.
823 3614 877 3668 pro
904 3597 948 3649 ael
964 3596 1049 3650 habet
1073 3604 1112 3661 ut,
1135 3600 1285 3669 frequenti
1308 3615 1354 3651 er-

206 3688 287 3737 rore,
312 3672 438 3724 eiusdem
463 3669 542 3722 vocis
565 3669 629 3720 loco
654 3667 740 3734 idem,
764 3685 849 3737 quem
867 3667 937 3732 dixi,
964 3668 1014 3721 Ox.
1040 3667 1126 3732 habet
1150 3667 1191 3721 id.
1230 3671 1266 3723 ln
1283 3668 1351 3725 Cod.
1407 3722 1413 3732 ,

205 3741 278 3814 Aug.
297 3742 409 3815 legitur
427 3755 496 3808 qaae
513 3754 577 3791 aaa
602 3753 748 3805 expressa:
775 3747 838 3799 orto
857 3753 955 3791 errore
974 3755 1010 3790 ax
1025 3739 1197 3806 permutatis
1220 3755 1354 3808 compen-

206 3810 261 3863 diis
279 3815 323 3863 αδ
343 3819 372 3863 et
389 3814 433 3863 αδ.
462 3811 528 3862 Mox
545 3811 620 3860 Mon.
639 3811 664 3863 2.
686 3810 780 3876 potios
806 3807 1017 3861 abitieados.
1044 3807 1117 3862 Gud.
1136 3811 1162 3863 2.
1190 3808 1351 3870 abieramus.
1378 3819 1380 3823 '

92 3897 97 3905 ·
205 3880 275 3933 Dar.
296 3881 327 3932 in
345 3881 397 3932 Ed.
418 3882 445 3934 2.
471 3880 564 3930 refert
580 3880 746 3932 Bentleium
762 3895 815 3948 pro
833 3878 1023 3946 iiotuptan'tue
1045 3877 1169 3939 voluisse
1192 3880 1293 3941 vertis¹
1310 3886 1353 3932 ta·

206 3948 287 4004 lidus.
325 3951 361 4003 In
379 3944 548 4018 quo'tamen
567 3949 594 4002 ei
612 3965 678 4023 non,
697 3957 730 4000 ut
749 3949 782 4000 in'
799 3949 902 4002 ceteris
920 3951 981 4001 fere
999 3948 1137 4013 omnibus,
1162 3951 1268 4070 paruit.
1296 3952 1354 4002 Ms-

96 4018 102 4031 '
207 4020 274 4075 rito.
310 4024 364 4074 Pro
384 4018 566 4088 aegritudine
583 4036 656 4071 unus
674 4021 726 4073 Ox.
744 4018 830 4072 habet
848 4021 996 4086 voluptate.
1020 4021 1093 4073 Usus
1110 4036 1163 4071 ver
1180 4021 1192 4070 i
1208 4019 1352 4088 privandi,

89 4117 92 4121 ,
203 4089 342 4145 derebus
360 4089 557 4154 incommodis,
577 4090 653 4142 idem
672 4097 723 4155 est,
742 4090 793 4159 qui
810 4091 907 4160 paullo
924 4089 1055 4160 superius
1073 4089 1105 4140 in
1123 4092 1239 4144 carendi
1256 4090 1352 4144 verbo.

198 4160 353 4221 §imiliter
370 4161 444 4214 dixit
463 4161 511 4213 Or.
531 4161 565 4214 de
583 4162 660 4235 Lege
678 4162 747 4234 Agr·
768 4161 791 4215 1.
811 4163 836 4216 4.
857 4164 905 4216 1³:
924 4159 1070 4229 privari
1087 4159 1210 4216 iniuria:
1229 4159 1354 4213 similius

196 4231 241 4289 -de
258 4232 343 4285 Finn.
363 4233 386 4285 1.
405 4235 448 4287 11.
468 4233 516 4286 37:
537 4247 620 4300 quom
634 4230 823 4298 privamur
840 4231 934 4285 dolore
953 4262 985 4275 -
1003 4230 1176 4298 gaudinam:
1196 4263 1230 4275 -
1247 4229 1354 4284 doloris

200 4298 296 4359 'omnia
311 4302 473 4372 privatio
494 4308 570 4355 recte
587 4303 728 4355 nominata
747 4308 788 4356 est
804 4302 938 4370 voluptas.
973 4301 1065 4354 Verba
1083 4305 1153 4368 eam,
1181 4304 1229 4371 qai
1246 4301 1282 4360 ad
1299 4301 1354 4353 Te-

206 4375 349 4429 lamonem
365 4379 504 4446 speetant‚
524 4373 573 4442 qui
592 4373 623 4424 in
641 4361 786 4454 tragoedia
810 4374 900 4426 Ennii
925 4371 1047 4426 exilium
1071 4390 1153 4426 suum
1174 4371 1304 4442 deplorat
1322 4370 1352 4422 in
