2842 5070
533 320 690 389 ‘mann
708 320 771 400 ιν,
795 323 848 386 aa.
1024 400 1026 405 ἲ
1182 266 1283 386 'tu

129 493 187 554 Est
207 496 319 553 autem
334 489 428 553 utilis
441 486 483 550 ad
498 485 794 572 persuadendum,
806 506 857 566 ea,
879 506 963 570 quae
978 483 1177 564 acciderint,
1198 488 1283 548 terri

128 582 163 636 et
182 593 278 657 posse
298 583 332 634 et
353 583 524 653 oportere,
556 573 767 635 enumeratio
788 589 918 648 eorum,
940 571 998 653 qui
1019 571 1186 635 tulerunt:
1220 571 1283 634 eut

127 654 351 743 aegritudinis
367 654 499 718 sedatio
520 663 568 722 ,et
597 654 754 717 hesterna
780 653 1008 735 disputatione
1037 653 1200 734 explicata
1220 659 1284 728 est,
1319 715 1324 729 ,

128 741 219 801 etin
241 737 487 800 Consolationis
509 739 608 810 libro,
630 757 728 818 quern
749 738 786 798 in
807 734 919 798 medio
941 736 1022 812 (non
1045 737 1134 797 enim
1154 735 1284 818 sapien·

128 907 282 974 laeserat.
311 908 395 962 vind.
417 913 441 965 1.
471 908 588 963 exhibet
612 907 732 965 bumana
759 906 845 963 lace
867 903 1003 975 patiendo
1029 905 1137 972 efferat.
1164 906 1234 965 Dar.
1254 906 1286 962 in

129 981 183 1037 Ed.
203 985 229 1037 2.
249 979 329 1034 dedit
344 981 489 1049 potiundo.
517 981 647 1035 Eandem
664 997 746 1045 vero,
765 997 851 1050 quam
866 979 927 1044 bic,
945 977 1028 1033 verbi
1047 978 1180 1052 efferendi
1197 979 1288 1053 signi·

130 1053 295 1106 ficationem
312 1050 398 1107 habes
415 1053 447 1105 in
464 1070 552 1105 versu
570 1052 679 1106 veteris
697 1059 797 1123 poetae
823 1049 898 1122 apud
924 1049 984 1102 cto.
1004 1050 1052 1103 Or.
1071 1068 1124 1135 pro
1143 1050 1222 1105 Sext.
1242 1052 1287 1120 48,

131 1126 193 1179 1022
213 1125 241 1178 ai
258 1125 381 1177 laborem
399 1139 504 1176 summu
523 1139 585 1175 cum
603 1141 673 1177 cura
692 1123 847 1188 ecferas,
873 1121 923 1173 ubi
947 1129 1013 1173 sunt
1032 1138 1083 1191 qui
1101 1121 1197 1175 rninus
1214 1121 1287 1176 beno

128 1196 228 1271 legant
245 1198 367 1263 afferas.-
386 1195 446 1247 adil.
468 1195 583 1248 Lucret.
603 1196 626 1261 1,
648 1198 697 1251 141
717 1211 758 1264 sq.
780 1195 901 1265 quemvis
915 1192 1059 1264 ,efferre
1077 1195 1211 1259 latorem,
1238 1193 1286 1246 ubi

129 1265 201 1319 item
220 1265 646 1320 correctores'obliteraverunt
667 1268 789 1321 verbum
816 1263 912 1318 minus
930 1271 1108 1331 consuetum,
1136 1265 1286 1320 scribendo
1350 1269 1363 1280 ’“

125 1338 263 1409 perferre.
283 1338 348 1391 Via.
369 1339 418 1392 ob.
439 1337 555 1391 Gitanii·
570 1338 602 1401 in
620 1341 790 1392 Lucretium
807 1337 997 1390 conlectanea
1013 1335 1043 1406 p.
1063 1341 1169 1394 atta.
1189 1335 1250 1390 Mr.

125 1427 132 1436 ‘
198 1411 248 1464 Est
266 1415 381 1464 eutem
400 1409 492 1475 utilia]
512 1409 581 1462 Dav.
602 1410 634 1462 ln
651 1411 703 1463 Ed.
723 1413 749 1468 2.
769 1408 849 1460 dedit
867 1408 951 1465 etiam
968 1423 1023 1478 pro
1040 1416 1140 1476 antem,
1163 1425 1287 1477 eumque

128 1482 220 1534 secuti
238 1491 306 1535 sunt
324 1480 469 1536 FAWolf.
489 1479 575 1534 seha.
596 1481 644 1533 Or.
663 1482 737 1542 Tbn.
750 1480 950 1551 Wopkensius
962 1487 1068 1546 autem,
1087 1481 1108 1535 l.
1123 1499 1147 1534 c.
1159 1499 1187 1552 p.
1200 1483 1233 1536 10
1242 1498 1285 1551 sq.

128 1556 258 1607 referens
275 1554 439 1607 Bentleium
456 1552 581 1606 voluisse
604 1551 680 1617 lton,
711 1558 791 1606 recte
818 1561 918 1604 monet
936 1554 1027 1603 nutem
1044 1552 1209 1623 saepissime
1228 1568 1287 1607 esse

126 1625 302 1695 particulam
322 1625 559 1688 continuativam,
590 1641 649 1677 non
667 1622 883 1686 adversativam,
907 1621 1040 1694 pluribus
1065 1623 1187 1678 laudatis
1205 1622 1287 1688 locis,

127 1696 266 1750 videlicet
283 1697 367 1749 Tusc.
391 1702 412 1750 1.
433 1701 476 1753 33.
514 1695 665 1750 Hominum
684 1703 786 1758 aaron,
805 1693 840 1746 ‹le
858 1694 895 1746 N.
915 1694 1005 1747 un.
1018 1696 1062 1748 93.
1091 1699 1160 1752 Tam
1178 1700 1287 1760 nutem

125 1768 180 1820 tlt.
207 1771 250 1823 30.
288 1766 378 1822 Iidem
401 1775 503 1832 cutem,
535 1768 572 1820 de
595 1770 677 1821 Offic.
704 1770 727 1822 l.
754 1769 779 1822 4.
810 1766 959 1820 Commune
981 1771 1083 1820 actem.
1129 1766 1184 1822 Cui
1210 1784 1288 1820 nuuc
1392 1796 1397 1807 .

128 1839 239 1892 accedit
257 1839 384 1892 Handius
403 1841 434 1891 in
451 1839 620 1893 Tursellino
640 1842 662 1893 1.
682 1858 711 1911 p.
731 1841 792 1894 563.
813 1838 941 1906 itemque
960 1837 1007 1889 Or.
1027 1837 1061 1889 ad
1079 1839 1185 1894 Wolfii
1203 1836 1288 1892 scho-

127 1910 169 1961 las
187 1927 254 1962 cum
272 1910 420 1976 Kiihnero,
449 1901 500 1980 (pii
524 1910 673 1981 cbmparat
691 1911 835 1964 Graecum
860 1908 901 1962 δέ.
939 1907 1079 1978 Sequitur
1102 1911 1133 1963 in
1158 1926 1216 1963 uno
1235 1909 1285 1966 Ox.

128 1981 252 2035 irruistis.
290 1983 372 2034 Fieri
389 1989 494 2053 potest,
519 1990 553 2033 ut
571 1981 602 2036 s'n
631 1991 729 2036 ortum
753 1982 791 2032 sit
816 1998 851 2033 ex
869 1981 973 2032 ultima
993 1979 1073 2031 vocis
1091 1981 1288 2036 antecedentis
1370 1986 1373 1991 '

126 2052 227 2105 litera:
264 2055 383 2106 fortasse
406 2062 503 2107 tannen
531 2062 574 2105 est
601 2054 743 2108 correctio
768 2052 888 2106 lectoris
906 2051 1038 2116 alicuius,
1066 2054 1118 2131 qui
1141 2052 1218 2124 qnod
1236 2050 1287 2104 hie

127 2124 201 2176 utile
222 2141 281 2176 esse
301 2125 418 2187 dicitur,
447 2124 554 2178 inutile
572 2134 710 2178 conseret.
749 2125 809 2177 Mu.

199 2197 275 2249 Ossae
298 2196 486 2264 acciderint}
511 2197 605 2271 Vulgo
628 2195 798 2261 acciderunt,
826 2194 1018 2256 renitentibus
1040 2195 1111 2270 Reg.
1137 2193 1285 2249 Pithoean.

127 2265 200 2318 llled.
219 2266 332 2320 Balliol.
358 2268 488 2337 quinque
506 2268 576 2320 Pall.
596 2276 627 2320 et
644 2268 757 2320 l‘ahric.
796 2267 833 2322 D.

147 2365 151 2374 ‹
198 2351 267 2404 quae
285 2334 513 2405 occiderint]
549 2337 698 2391 Accedunt
716 2338 868 2391 codicibus
886 2357 903 2392 a
920 2337 1034 2390 Davisio
1048 2335 1176 2389 laudatis
1189 2337 1286 2399 ,nostri

128 2406 202 2459 (tut.
223 2413 246 2462 1.
266 2412 291 2462 2.
313 2410 499 2478 (quamquam
517 2408 672 2462 hicbabet
690 2409 871 2481 occiderint)
895 2413 969 2462 lllon.
991 2413 1015 2462 l.
1035 2410 1062 2462 2.
1086 2408 1172 2461 llllarb.
1193 2408 1284 2463 Rehd.

128 2476 202 2529 Gud.
223 2479 320 2530 Duisb.
339 2479 423 2530 Vind.
446 2483 469 2534 l.
489 2483 515 2535 2.
535 2489 595 2532 tres'
615 2482 683 2534 Oxx.
701 2481 779 2545 (nisi
803 2479 880 2549 quod
904 2498 975 2532 unus
997 2478 1083 2531 habet
1110 2478 1284 2544 occiderit)

126 2547 200 2601 Edd.
219 2549 290 2601 Ern.
309 2548 456 2605 FAWolf.
476 2569 539 2621 sqq.
565 2550 704 2605 Kilbnero
728 2551 820 2627 magis
843 2542 981 2622 probatur
998 2551 1174 2604 ecciderunt:
1205 2551 1286 2604 nobis

126 2634 184 2671 non
201 2620 283 2674 item.
305 2620 381 2673 ⁴Duo
400 2621 470 2674 Oxx.
495 2621 603 2689 babent
627 2623 763 2676 occidunt.
801 2624 866 2675 Post
890 2620 966 2688 terri
991 2621 1070 2674 deest
1094 2627 1122 2675 et
1148 2623 1180 2674 in
1198 2621 1284 2695 Cocli.
1319 2677 1326 2682 ,

125 2690 210 2744 Vind.
232 2695 257 2748 l.
277 2692 352 2751 Gud.
372 2692 469 2745 Duisb.
489 2702 594 2747 etune
613 2695 664 2748 Ox.
701 2693 773 2746 Eius
800 2694 864 2748 loco
883 2692 1032 2748 astatium
1056 2693 1088 2744 in
1107 2693 1174 2747 (lod.
1193 2682 1284 2748 Relill.

126 2760 188 2815 Du'o
208 2765 277 2816 Oxx.
298 2763 404 2816 babent
421 2765 486 2829 fleri
502 2782 556 2835 pro
573 2765 659 2832 ferri,
680 2765 753 2818 Gud.
774 2769 800 2821 2.
821 2765 934 2818 omittit
952 2771 978 2818 el
994 2780 1082 2834 posse.
1110 2763 1154 2818 Ad
1171 2783 1199 2818 v.
1219 2780 1287 2818 enu-

125 2834 248 2887 meratio
271 2835 439 2888 Beroaldus:
470 2836 621 2890 Eiusmodi
644 2834 784 2906 exemplis
803 2836 843 2889 ita
859 2836 975 2905 pollent
991 2836 1121 2899 Romani,
1147 2845 1181 2888 ut
1199 2837 1287 2889 ratio-

126 2905 208 2957 nibus
226 2905 340 2958 Graeci.
378 2908 433 2958 Pro
452 2907 577 2960 tulerunt
602 2916 644 2960 est
661 2910 836 2976 pertulerunt
861 2909 892 2960 in
911 2907 1086 2977 comblou.
1101 2911 1125 2964 l·
1146 2907 1224 2980 quod
1240 2906 1286 2961 vi·

126 2976 213 3029 detur
230 2992 289 3027 esse
308 2992 344 3028 ex
362 2977 455 3046 glossa
473 2976 653 3047 interpretis.
691 2978 751 3030 Mr.
1205 2989 1208 2993 ’

196 3048 261 3100 Etsi·
279 3047 470 3112 aegritudinis
488 3049 600 3102 sedatio
617 3056 644 3102 et
663 3047 801 3116 besterna]
826 3049 913 3115 „Etsi
929 3065 987 3102 non
998 3049 1154 3103 convenire
1166 3051 1286 3113 videtur

125 3116 196 3168 huic
214 3118 288 3181 loco,
323 3134 390 3169 eum
418 3117 518 3172 Cicero
542 3121 600 3172 iam
623 3118 700 3172 nibil
724 3121 852 3172 dicturus
877 3121 915 3172 sit
942 3120 1121 3172 contrarium
1138 3120 1183 3185 iis,
1212 3139 1284 3189 quae

125 3188 210 3240 modo
233 3187 338 3240 dixit.“
374 3190 500 3242 Praestat
528 3192 649 3245 fortasse
683 3191 782 3263 legere
810 3192 889 3244 Isto
921 3189 1115 3256 aegritudinis
1142 3190 1284 3244 radoliofl

124 3256 215 3315 Boua.
253 3259 337 3325 „Etsi
359 3261 538 3328 recordantis
566 3270 618 3328 est,
651 3278 681 3314 se
703 3261 777 3315 haec
801 3261 859 3315 iam
884 3261 1011 3314 docuisse
1035 3269 1064 3313 et
1088 3261 1151 3314 sine
1169 3261 1295 3333 apodesi'

125 3331 243 3395 dicitur,
270 3339 425 3400 nostroque
450 3330 541 3385 doch
568 3332 752 3403 respondet.“
778 3332 889 3386 Nissen.
928 3333 992 3385 Eut
1016 3333 1136 3404 ponitur
1160 3330 1191 3384 h.
1211 3332 1231 3389 1.
1250 3341 1286 3384 ut

124 3402 287 3471 saepissime
305 3418 481 3472 quamebrem,
500 3403 541 3455 ita
559 3413 593 3456 ut
610 3403 644 3456 ad
662 3405 859 3458 antecedentia
877 3403 1022 3475 respiciat.
1059 3403 1202 3474 Exempla
1217 3403 1285 3460 villa

124 3473 200 3542 apu'd
218 3473 362 3526 Handium
380 3473 411 3525 in
429 3474 596 3527 Tursellino
615 3477 653 3528 11.
681 3492 709 3544 p.
730 3479 792 3532 605.
831 3475 891 3530 Mr.
973 3480 980 3495 '
1089 3479 1091 3484 ⁸
1272 3490 1275 3494 ’

195 3550 223 3596 et
240 3542 366 3598 lesem
385 3545 589 3613 disputatione]
618 3546 699 3599 Cani.
719 3547 844 3599 similem
868 3545 1045 3598 locutionem
1063 3563 1125 3616 cap.
1143 3549 1187 3602 27.
1208 3555 1282 3600 extr.

124 3613 248 3685 Legitur
264 3616 297 3664 ln
315 3615 400 3668 codd.
417 3622 497 3694 Aug„
510 3617 603 3672 nehu-
619 3624 646 3670 et
665 3624 820 3678 externo,
858 3617 958 3692 Pergit
976 3619 1051 3687 Mon.
1066 3621 1090 3672 1.
1113 3615 1283 3685 disputatio

124 3698 185 3750 nee
203 3683 353 3750 explicata.
373 3687 456 3740 Vini.
478 3693 507 3744 l..
528 3688 715 3756 disputatione
733 3689 878 3742 sedatas
905 3689 955 3740 sed
973 3687 1113 3762 ln-marg.
1132 3689 1282 3757 explicato.

125 3754 202 3825 Tum
219 3757 304 3838 Mon..
315 3758 339 3810 1.
360 3771 422 3840 aec
438 3759 471 3830 afa
488 3759 698 3815 consolationis
716 3760 798 3813 titre.
825 3757 906 3813 Unus
923 3757 973 3812 Ox.
994 3757 1055 3812 Est
1074 3759 1104 3813 in
1118 3760 1200 3834 eoas.
1221 3761 1281 3815 Mr.

124 3841 321 3951 ...attat
337 3826 891 3955 tittltttttttttttt‘tttlttl
908 3830 1283 3975 llttt'‘lal¹²t.t‘¹¹ttt
1345 3912 1349 3918 1

123 3965 312 4038 parenthesin
331 3967 443 4035 inserit,
470 3971 616 4046 significat
632 3981 804 4026 soluentem
822 3972 900 4025 tiliae
927 3988 984 4024 non
1004 3972 1155 4028 tulisse‘ut
1172 3975 1283 4060 sapien-

123 4047 196 4104 tem,
218 4037 268 4090 sed
286 4038 529 4111 intemperanter:
564 4059 631 4094 cum
649 4044 769 4114 sapiens,
783 4043 1008 4113 imperturbatus
1034 4052 1157 4111 maneat,
1187 4053 1283 4116 sitque

120 4109 185 4161 eius
204 4108 324 4161 animus
334 4117 367 4160 ut
377 4112 500 4164 mundus
512 4128 598 4182 supra
615 4113 723 4174 lunam,
742 4114 912 4177 defaecatus,
929 4130 1056 4180 serenus,
1066 4115 1282 4186 'tranquillus.“

122 4181 260 4234 Beroald.
298 4182 405 4246 Inesse,
428 4181 470 4236 ait
482 4183 615 4240 'Wolfius
633 4183 672 4242 ,in
691 4183 807 4247 sobolis,
839 4183 939 4236 iubis
963 4185 1057 4237 levem
1082 4188 1223 4256 quandam
1250 4188 1281 4239 in

122 4250 349 4309 surnmo‘dolore
367 4252 502 4322 ironiam,
520 4255 668 4308 commode
680 4255 871 4331 significatam
889 4255 1055 4324 parenthesi
1071 4258 1152 4318 inter
1164 4257 1282 4311 adiecti·

116 4337 194 4392 ’vum
216 4332 247 4381 et
272 4323 479 4377 substantivum
505 4325 585 4379 inte-
605 4325 684 4378 osita.
722 4328 776 4379 Pro
802 4340 933 4380 maerore
956 4344 1030 4380 unus
1048 4329 1110 4381 Ox.
1123 4327 1209 4381 habet
1225 4343 1281 4381 me·

124 4391 211 4446 licre.-
228 4393 302 4518 eatinis
319 4398 454 4485 retupro
472 4402 557 4450 cetat.
618 4396 644 4450 d.
664 4396 738 4472 Aug.
767 4409 828 4452 eum
851 4393 1018 4468 scripsimus
1041 4413 1096 4473 pro
1113 4396 1282 4474 mancipas

123 4478 192 4518 anua.
266 4483 288 4518 r.
1260 4484 1263 4489 ’
