2842 5070
379 316 382 323 ·
479 290 1007 373 .1.1ssun1v,t.2-·-1÷.
1151 294 1238 368 tot,

60 464 166 528 lentie
193 463 317 527 metans
349 459 438 523 melo
467 460 590 539 alieno,
619 458 810 538 delectatio,
838 458 986 557 iactatio,
1014 466 1048 524 et
1073 460 1214 528 similiat

61 651 208 706 Scribitur
223 650 388 718 ,Voluptatis
400 649 435 702 in
453 648 538 704 codd.
566 650 635 724 Meg.
664 646 738 702 Gud.
758 650 784 704 l.
802 649 830 704 λ.
859 646 950 706 Rebd.
973 647 1059 701 Marb.
1087 665 1146 702 uno
1165 649 1221 702 Ox:

60 725 96 778 ln
119 723 177 795 elio
199 723 338 791 οολιιριαι.
375 722 436 775 Me.
727 795 737 801 ῃ
764 768 769 783 ,
801 736 804 741 ·

132 811 267 880 oolaptati
289 809 483 864 malevolentia
510 808 654 861 luetone
676 811 750 862 malo
775 806 887 874 aliena]
925 807 1008 873 „Sic
1028 809 1059 860 in
1082 809 1218 866 ,omnibus

60 873 166 954 priscis
184 884 334 954 novisque,
361 899 432 951 quae
450 880 522 945 vidi,
547 879 767 949 exetnpieribus.
804 877 917 932 Nonius
938 888 1036 932 temen
1053 881 1217 946 Marcellus,

60 971 116 1024 pro
136 955 257 1018 laetans,
288 951 505 1027 lactnnelegit,
532 966 598 1003 cum
616 951 737 1004 verbum
756 953 873 1014 laetare,
910 950 991 1020 quod·
1010 958 1054 1004 est
1080 951 1219 1004 inducere

61 1025 111 1077 vel
132 1025 262 1077 mulcere
283 1025 333 1076 vel
356 1023 504 1093 decipere,
533 1024 697 1091 exponeret,
730 1021 812 1074 bunc
839 1022 935 1074 locum
961 1022 1112 1074 adducens.
1156 1024 1219 1077 Nec
1318 1055 1324 1062 ·

61 1103 160 1148 tamen
177 1094 383 1148 contemnenda
401 1103 444 1148 est
463 1101 580 1162 recepta
598 1092 702 1147 lectio:
728 1110 794 1145 nam
812 1109 881 1144 cum
900 1109 935 1145 ex
954 1093 1090 1164 opinione
1109 1092 1220 1148 Studea-

62 1182 128 1218 rum
144 1164 247 1219 'Cicero
264 1167 410 1235 loquatur,
442 1165 494 1235 qui
513 1171 638 1234 quatuor
654 1181 762 1239 genera
786 1163 1039 1234 perturbationum
1063 1181 1122 1218 esse
1142 1165 1220 1219 dice*

61 1236 202 1302 rent‚·bis
215 1236 379 1288 nominibus
395 1235 430 1288 ab
443 1237 512 1307 ipsis
522 1234 676 1305 appellata,
695 1230 793 1301 λύπην,
812 1233 915 1304 φόβον,
934 1232 1095 1304 ἐπιθυμίαν,
1114 1232 1221 1307 ἡδονήν

60 1307 133 1377 (ipse
153 1308 295 1378 quomodo
313 1306 444 1360 nominet
462 1308 583 1376 planum
601 1306 654 1372 est)
674 1307 852 1380 etvsingulis
870 1307 1023 1380 generibus
1040 1315 1137 1376 partes
1154 1309 1222 1380 plu-

61 1395 108 1431 res
127 1380 321 1432 subiicerentz·
336 1386 369 1429 ut
388 1377 457 1429 alias
475 1391 554 1430 nunc
572 1377 714 1441 omittam,
733 1376 834 1444 ἡδονῇ,
852 1378 884 1432 id
897 1385 939 1431 est
947 1379 1092 1449 voluptati
1110 1377 1222 1446 (quain-

60 1450 104 1502 vis
123 1449 293 1519 quandoque
311 1448 454 1503 laetitiam
471 1447 573 1502 Cicero
593 1447 816 1517 interpretetur)
834 1448 1002 1501 subiiciebat
1020 1444 1142 1517 κήλησιν,
1161 1448 1229 1504 leae·¹

60 1525 250 1590 χαιρεκακλαν,
269 1520 375 1589 τέρψιν,
394 1513 535 1586 διάχυσιν,
557 1525 592 1569 ut
610 1518 693 1571 docet
715 1519 846 1572 lia‘e'rtius
865 1520 896 1571 in
915 1519 982 1570 Vita
999 1520 1132 1574 Zenonis.
1169 1525 1222 1576 Pe-

55 1593 119 1645 tuit
137 1592 230 1665 igitur
248 1592 368 1645 reddere
392 1591 520 1645 verbum·
540 1607 556 1643 e
578 1588 667 1641 verbo
692 1587 799 1642 ducens
817 1585 1040 1658 ἐπιχαιρεκακίαν
1057 1593 1222 1646 malevolen-

59 1664 143 1725 tiam¹
158 1663 308 1715 laetantem
335 1663 410 1714 malo
435 1663 536 1715 aliena.
573 1661 635 1713 Neo
662 1668 761 1712 tamen
778 1660 933 1714 lectionem
950 1660 1082 1720 Marcelli
1100 1672 1222 1734 proptor

62 1733 124 1785 eius
141 1734 343 1787 auctoritatem
362 1730 508 1801 improbo:
536 1731 668 1800 quamvis
690 1748 794 1784 vereor
821 1748 859 1786 ne
877 1730 979 1789 multis
996 1731 1071 1784 locis
1085 1734 1224 1805 deprava·

61 1811 126 1855 tum
145 1800 183 1856 sit
202 1804 360 1874 exemplar,
395 1803 472 1871 qued
499 1803 531 1855 in
553 1801 682 1853 inanibus
707 1803 837 1855 onmium
857 1811 912 1854 est:
944 1802 985 1855 ita
1004 1803 1083 1857 enim
1099 1806 1174 1882 legit
1192 1815 1224 1858 et

63 1874 184 1944 exponit
202 1874 355 1927 nonnullos
372 1874 451 1926 locos
468 1872 624 1942 Ciceronis,
652 1880 687 1924 ut
712 1873 763 1924 vix
788 1872 946 1925 videantur
964 1873 1024 1925 illov
1035 1875 1118 1930 modo
1139 1892 1223 1945 posse

63 1944 203 2020 intelligi,
222 1945 280 1997 nisi
298 1945 394 1999 oannis
416 1945 587 1998 mendorum
606 1952 636 1998 et
657 1944 878 2014 perversionum
895 1943 984 2013 plena
1000 1945 1099 1999 sunt.“
1127 1946 1223 2002 Viola-

62 2015 133 2069 es‘ni.
170 2017 313 2082 „Versum
331 2015 537 2094 caprilianum:

230 2088 308 2143 Quod
323 2086 489 2155 proluvium,
508 2101 578 2156 qnae
595 2088 733 2154 voluptas,
753 2091 870 2156 quaele
887 2087 975 2140 lactat
993 2087 1141 2156 largitae?
1161 2116 1195 2129 -

61 2155 142 2209 hunc
165 2174 282 2210 versum
309 2159 381 2210 citat
398 2157 510 2211 Nonius
538 2172 691 2228 exponens,
721 2171 795 2227 quas
819 2156 858 2210 sit
881 2159 926 2211 vis
943 2158 1026 2211 verbi
1043 2159 1168 2214 lactaret
1189 2176 1223 2219 ὸ,

64 2226 120 2281 Sed
134 2246 225 2298 quem
243 2228 349 2290 ibidem
362 2228 510 2282 Ciceronis
528 2245 545 2282 e
563 2236 665 2297 quarta
675 2228 838 2281 Tusculana
856 2229 972 2283 adducit
989 2229 1096 2296 locum,
1115 2231 1222 2285 melius
1274 2251 1282 2265 .

63 2298 95 2351 in
112 2298 238 2373 vulgatis
256 2300 339 2352 libris
356 2301 430 2374 legi,
464 2318 551 2368 quam
574 2299 716 2368 quomodo
739 2299 801 2369 ipse
819 2299 894 2364 vult,
918 2300 1056 2354 arbitror.
1092 2303 1224 2356 Ostendit

62 2369 142 2422 enim
169 2381 201 2423 se
227 2371 269 2423 ita
292 2371 405 2446 legere:
439 2370 587 2438 Voluptati
610 2370 808 2425 malevolentia
833 2369 975 2426 lactans
998 2373 1072 2424 malo
1096 2373 1223 2430 aliene..‘⁴

61 2441 165 2494 Melius
191 2451 289 2494 autem
314 2442 403 2516 vulgo
426 2441 538 2514 legitur
561 2441 673 2494 laetans
694 2442 768 2493 mala
794 2441 896 2507 aliena,
923 2459 982 2495 non
1006 2444 1085 2495 enim
1103 2444 1223 2498 dubium

63 2520 115 2577 est,
151 2513 223 2582 quin
249 2513 351 2566 Cicero
382 2512 556 2583 expresserit
581 2512 724 2565 Graecum
753 2514 876 2564 verbum
905 2510 1121 2583 ἐπιχαιρεκακία.
1166 2515 1224 2570 sel

62 2583 156 2635 inulta
174 2600 207 2637 eo
222 2583 311 2637 -modo
338 2592 367 2636 et
390 2583 465 2655 apu‘d
482 2581 611 2637 Nonium
629 2591 659 2635 et
676 2582 751 2652 apud
768 2583 895 2636 eiusdem
913 2584 1011 2637 classis
1028 2585 1100 2639 alios
1116 2603 1222 2655 perum
1251 2645 1254 2649 ,

62 2653 211 2723 emendate
229 2655 400 2728 leguntur.“
422 2655 565 2709 Muretus.
591 2655 624 2707 V.
644 2655 677 2706 L.
697 2655 809 2710 1V..13.
846 2656 979 2720 „Nonius
1002 2656 1078 2730 legit
1100 2659 1223 2711 maleae·

63 2724 152 2778 tentia
170 2728 293 2779 lactans:
320 2726 369 2779 sed
387 2734 466 2785 errat
483 2726 609 2780 Nonius.
637 2724 816 2779 describitur.
837 2726 917 2779 enim
939 2743 981 2790 ea,
1009 2744 1096 2796 quam
1115 2727 1222 2782 Graeci

63 2795 288 2866 ἐπιχαιρεκακίαν
305 2797 460 2867 appellant.
478 2824 511 2835 —
537 2797 628 2866 Supra
641 2805 736 2856 autem
755 2812 813 2849 non
830 2796 927 2871 longe,
946 2812 1001 2868 pro
1018 2797 1222 2852 aad'metam

63 2874 156 2920 antem
172 2867 297 2922 subiecta
317 2875 390 2932 eunt,
409 2868 525 2920 videtur
542 2869 571 2920 le
594 2868 712 2927 endum:
739 2870 848 2921 melai
868 2874 961 2922 antem
984 2869 1056 2921 end.
1082 2877 1219 2933 eant-etc.

62 2944 106 3001 ut,
126 2955 198 3006 quae
215 2947 385 3008 sequuntur,
405 2939 445 2990 eis
464 2886 661 3008 respondeant,
694 2937 832 3006 voluptati
853 2940 1047 2993 malevolentia
1072 2949 1126 2994 etei
1155 2941 1221 2996 liti·

62 3006 127 3060 dini
145 3009 192 3061 ira
210 3018 273 3063 etc·
285 3009 395 3076 alioqui
412 3008 529 3060 videtur
546 3008 718 3082 subiungere
736 3010 863 3063 debuisse
881 3011 933 3071 aad
950 3010 1116 3079 voluptatem
1133 3013 1223 3066 male-

62 3078 195 3143 volentia,
222 3080 273 3132 end
298 3079 440 3132 libidinem
469 3077 596 3134 iraete.
624 3080 681 3132 nisi
706 3080 834 3133 dicamus
852 3081 1022 3134 Ciceronem
1045 3083 1221 3136 consuluisse

62 3148 177 3208 aurium
194 3149 339 3218 voluptati
361 3158 388 3201 et
408 3149 622 3219 perspicuitati.
646 3168 714 3203 narn
740 3149 796 3203 boc
813 3151 898 3204 melai
921 3160 1126 3222 praeterquam
1143 3154 1222 3223 quod

62 3217 230 3293 ambiguum
248 3229 293 3275 est
317 3219 423 3290 (potest
442 3219 520 3273 enim
532 3221 680 3273 ‘infinitivi
703 3220 782 3274 modi
801 3237 867 3274 esse·
882 3222 997 3290 passini,
1024 3223 1154 3276 aterbo.
1165 3237 1221 3282 nne-2·

38 3330 47 3346 .-
63 3290 151 3356 taor),
190 3300 319 3345 raeterea
336 3291 585 3346 facinorationem
601 3292 765 3364 κακόφωνον
781 3292 903 3362 propter
921 3294 933 3345 i
950 3290 1082 3346 litteram
1100 3294 1222 3354 inultis.

63 3379 111 3414 rna
128 3309 247 3431 syliaba.
285 3365 328 3415 lta
346 3380 431 3432 supra
458 3362 532 3415 dixit
557 3363 608 3416 aad
631 3369 732 3417 metam
749 3362 875 3417 subiecta
895 3370 961 3429 etc,
987 3363 1065 3415 infra
1082 3364 1222 3434 voluptati

15 3498 20 3503 Ι
63 3432 197 3499 subiecta,
218 3434 347 3504 quamvis
365 3433 488 3490 snbiecla
497 3433 741 3509 subintelligatur,
756 3449 814 3487 non
826 3433 1038 3502 exprimaturf‘
1056 3433 1220 3492 Lambinaes

62 3497 287 3568 „Maleoolent-ia
306 3506 416 3558 laetam
433 3504 509 3558 mala
527 3506 620 3560 aliena
636 3513 678 3558 est
696 3501 712 3572 ἤ
731 3502 944 3574 ἐπιχαιρεκακία,
964 3519 1036 3574 quae
1048 3506 1127 3578 'apud
1134 3509 1221 3564 lade·

63 3575 139 3633 tium
158 3575 296 3629 definitur
313 3572 399 3644 idom]
417 3574 459 3629 ἐπ’
480 3578 629 3645 ἀλλοτρίοις
646 3580 750 3635 κακοῖς.
777 3577 879 3630 Cicero
897 3576 997 3645 paullo
1014 3586 1078 3646 post
1096 3579 1139 3631 ait
1151 3580 1221 3641 May*

64 3645 241 3698 levolentiam
266 3663 326 3700 esee
350 3648 520 3715 voluptatem
546 3664 582 3701 ea
609 3651 684 3702 malo
712 3647 831 3700 allerias
859 3648 921 3705 eine
950 3647 1130 3703 emolumento
1158 3666 1222 3705 aaa.

65 3715 157 3787 Quare
176 3716 252 3786 quod
270 3716 380 3770 Nonius
397 3718 447 3773 hic
465 3719 539 3794 legit
556 3720 674 3784 laetans,
687 3719 729 3770 »id
746 3719 851 3771 merito
868 3735 885 3770 a
902 3717 1039 3773 Larnbiuo
1060 3728 1089 3774 et
1107 3723 1222 3777 Murota

65 3785 275 3854 improbatur.“
303 3790 349 3843 Fr.
369 3790 480 3844 aeaeae.
517 3791 648 3854 „Nescio
672 3790 745 3860 quid
767 3789 863 3845 veiint
884 3789 953 3842 Pale
968 3786 1063 3858 quart.
1082 3792 1223 3847 -Vatioanc

64 3858 216 3924 voluptatis
234 3858 455 3914 malivolentia.“
474 3859 556 3913 Geli.
593 3863 683 3927 „nou
712 3860 873 3932 Stephanus
892 3859 983 3913 edidit
1001 3863 1109 3917 lactant
1126 3864 1221 3920 aliena

64 3930 149 3980 malo.
185 3928 307 3998 Derepit
325 3947 391 3983 eum
408 3931 520 3984 Nonius
545 3933 707 3985 Marcellus.
731 3963 765 3974 -
801 3933 952 4002 Expressit
974 3931 1090 3993 Tullius
1112 3932 1222 4005 ἐπιχαι-

64 4003 386 4070 psnaniaa-potestatem,
411 4012 484 4070 quae
503 4009 545 4053 est
562 4002 649 4069 ἡδονὴ
670 4001 711 4056 ἐπ’
737 3999 886 4072 ἀλλοτρίοις
904 4005 1006 4065 κακοῖς.
1027 4018 1061 4049 -·-
1097 4007 1162 4062 Vid.
1182 4010 1220 4063 Μ.

65 4071 99 4124 Α.
120 4073 267 4124 Muretum
284 4073 350 4123 Var.
370 4073 449 4125 Lect.
468 4070 519 4123 lib.
538 4073 587 4125 lv,
606 4089 631 4126 c.
650 4062 715 4130 13ss
740 4073 843 4129 Deoia.
863 4074 895 4126 in
913 4073 966 4126 Ed.
988 4078 1012 4129 l.
1171 4074 1191 4091 ’“

136 4160 337 4214 Maleoolentia
362 4160 470 4212 laetans
495 4161 585 4214 alieno
607 4161 689 4226 mala,
716 4162 872 4228 delectatio,
906 4162 1024 4217 iactatio
1047 4164 1223 4235 el'eimilia]

66 4231 153 4296 Haec,
183 4232 223 4303 ιλχ
232 4232 316 4283 libris
339 4231 422 4284 editis
449 4230 602 4297 credimus,
631 4232 728 4284 laudab
752 4230 923 4284 Noniui‘in
947 4228 1063 4305 lactares,
1090 4240 1223 4315 legitque

66 4303 263 4357 malevolentia
282 4304 406 4357 laetans.-
436 4302 511 4355 unde
528 4302 577 4353 vir
596 4303 725 4354 eruditus
749 4303 783 4355 ad
800 4302 926 4356 Eliensis
944 4300 1056 4360 coticis
1080 4308 1160 4362 dram
1178 4315 1224 4362 te-

68 4374 181 4437 scribit,
211 4374 324 4428 iactans
348 4375 440 4428 alieno
467 4375 549 4427 malo.
587 4372 651 4439 Sed,
679 4373 756 4443 quod
778 4389 795 4425 ο
817 4374 889 4427 tima
906 4375 964 4428 tide
980 4385 1081 4444 testor,
1101 4380 1133 4432 in
1150 4381 1223 4432 Msto

55 4444 142 4500 -Golb
161 4444 245 4518 (iorp.
264 4447 371 4501 Christ.
391 4440 472 4502 Cant.
491 4440 567 4517 apud
584 4440 718 4520 Noniani
730 4443 797 4500 exhi
812 4450 815 4456 '
832 4453 884 4512 tur
904 4446 1099 4506 malevolentia
1116 4450 1224 4514 ltete'ns

862 4606 868 4631 ,
936 4554 999 4618 ιο*
