2842 5070
527 247 678 362 ¹ulma
699 296 761 376 111,
785 296 835 366 ιε.
947 249 950 252 ’
1216 304 1276 368 101
1376 363 1383 374 ,

128 462 324 545 praedicare
345 464 443 535 solita
464 463 500 523 in
523 465 598 526 viro
619 484 679 527 sno
709 465 811 526 fuisse
833 462 987 550 Socratae
1009 464 1127 527 eodem
1147 485 1277 550 semper

128 566 165 607 se
201 546 325 609 vidisse
372 554 547 608 exeuntem
574 546 671 606 illum
705 545 813 618 domo,
852 555 886 609 et
919 556 1154 611 revertentem.
1206 550 1278 612 Nec

129 648 212 692 vero
242 648 285 690 ea
308 632 403 689 frons
430 636 513 706 erat,
545 647 629 709 quae
659 628 706 692 Μ.
738 625 850 690 Crassi
883 629 974 691 illius
996 631 1141 709 veteris,
1181 651 1279 712 quem

128 811 299 866 θεάσασθαι·
321 813 443 880 ἥρμοστο
460 810 656 884 γὰρᾶδηλονότι
675 813 743 882 πρὸς
760 814 850 866 πάντα
875 810 1011 876 ἐπιεικῶς·
1034 813 1175 883 τοιγάρτοι
1199 811 1280 866 οὐδὲν
1344 814 1347 819 ’

129 885 244 936 πώποτε
261 879 498 950 itemquo-uitta.
536 884 616 936 Idem
634 893 753 936 narrant
770 885 835 948 alii‚·
861 901 1015 952 quoscum
1040 886 1166 937 laudarit
1184 884 1280 936 erudi-

131 954 257 1005 tissimus
277 954 433 1006 Gatakerus
452 954 486 1005 ad
503 953 644 1007 Antonini
662 955 686 1019 1,
705 958 731 1010 8.
751 964 848 1009 actum
865 972 925 1007 non
948 971 1039 1031 agam
1077 956 1155 1009 Adde
1182 963 1298 1009 tamen.

132 1024 299 1076 Ciceronem
319 1023 400 1077 Offic.
422 1026 444 1086 t,
463 1027 507 1078 26.
544 1025 580 1077 D.

199 1093 255 1149 Hic
272 1101 313 1146 est
330 1094 404 1147 enim
421 1094 472 1147 itte
490 1095 604 1160 vultum]
641 1095 802 1162 Ridiculam
821 1095 902 1155 adh.
921 1097 942 1147 1.
970 1096 1018 1149 sed
1037 1097 1197 1170 elegantem
1216 1113 1278 1150 cae·
1363 1156 1364 1161 η

129 1164 231 1214 libatus
249 1165 524 1218 commendationem
545 1165 652 1241 {legere
668 1175 769 1236 potest
795 1166 868 1236 apud
892 1168 1061 1219 Beroaldom
1086 1168 1216 1236 quisquis
1235 1175 1278 1220 est

128 1234 266 1286 eiusmodi
284 1234 454 1288 deliciarum
473 1245 590 1288 amator.
611 1269 644 1279 -
677 1232 994 1302 ‚,Paru1n‚ait‘Bouh.,
1024 1235 1096 1290 haec
1123 1239 1278 1290 cohaerent

126 1306 464 1445 tttcmtttts
481 1306 1277 1449 ainammaimmittitu,ct:

127 1446 203 1497 tinet
222 1447 256 1498 ad
275 1448 313 1512 id,
333 1446 408 1515 quod
425 1448 562 1499 omissum
581 1457 635 1519 est,⁸
651 1447 826 1500 constantiae
846 1449 918 1514 dico,
944 1457 973 1501 et
993 1466 1008 1500 e
1026 1450 1171 1518 prioribus
1190 1451 1276 1502 facile

128 1513 317 1592 intelligitur,
353 1519 424 1570 Eam
450 1519 512 1568 vim
535 1518 615 1570 vocis
645 1519 717 1570 enim
742 1518 813 1569 Buh.
843 1535 900 1570 non
925 1528 1066 1572 assecutus
1093 1520 1188 1572 deesse
1206 1537 1277 1572 non-

128 1587 204 1637 nihil
230 1588 375 1657 putavit.“
410 1587 455 1639 Ad
478 1589 651 1641 sententiam
674 1590 711 1639 cf.
738 1587 905 1640 Turnebum
927 1589 962 1641 ad
984 1588 1044 1641 Cic.
1074 1589 1107 1642 de
1127 1592 1222 1664 ‚Legp
1252 1592 1274 1643 1.

128 1660 154 1712 9.
173 1675 202 1726 p.
222 1660 274 1712 558
293 1676 334 1726 sq.
355 1659 397 1710 ed.
417 1667 508 1709 nostr.
529 1668 557 1711 et
575 1659 623 1710 Cr.
642 1658 713 1715 Add.
733 1659 825 1712 Beier.
845 1661 880 1713 ad
899 1660 958 1712 Cic.
979 1659 1013 1712 de
1032 1657 1086 1713 off.
1106 1662 1129 1713 1.
1144 1663 1188 1716 26.
1208 1659 1275 1713 eod.

130 1728 202 1779 Gud.
222 1731 247 1782 2.
268 1729 379 1780 omittit
396 1744 497 1778 vocem
515 1728 597 1780 idem.
634 1729 693 1789 Μν,
866 1784 869 1789 ,
1271 1752 1273 1757 ·

200 1813 278 1866 quem
297 1798 402 1850 dicitur
419 1795 576 1864 Xanthippe
591 1797 758 1864 praedicare
780 1798 879 1863 colito]
916 1799 1132 1871 DeXanthippe
1151 1794 1296 1855 Socratis*

128 1884 251 1922 uxorea
270 1868 414 1926 veteribus
439 1869 573 1919 certatim
594 1868 761 1936 vituperata
780 1877 810 1920 et
831 1876 940 1934 vexata,
966 1886 1025 1921 non
1049 1879 1091 1923 est
1116 1872 1191 1940 quod
1217 1888 1277 1926 mo-

87 1945 96 1954 ”
128 1957 220 1991 neam.
258 1940 351 1990 Minus
374 1940 492 1991 fortasse
514 1946 615 1990 notum
629 1946 682 1990 ,est
710 1946 821 1991 exstare
846 1938 907 1990 eius
920 1939 1057 1992 mulieris
1082 1940 1277 1994 defensionem

129 2009 544 2079 Socratisqueaccusationem
567 2009 743 2078 speciosam,'
758 2025 830 2078 quae
855 2009 1035 2062 inscribitur:
1067 2010 1197 2064 Socrates
1223 2029 1278 2065 nec

129 2079 282 2150 officiosus
299 2080 420 2130 inaritus
444 2096 498 2132 nec
521 2079 675 2130 laudandus
699 2079 920 2148 paterfamilias:
948 2081 979 2133 in
997 2081 1061 2132 diss.
1091 2081 1236 2134 exhibitus
1261 2100 1278 2135 a

128 2153 165 2203 Μ.
185 2151 217 2202 F.
236 2151 338 2204 Mertz.
367 2158 396 2201 et
418 2150 451 2201 F.
471 2150 522 2205 W.
558 2148 692 2202 Sommer.
718 2149 802 2201 Auct.
827 2152 853 2204 4.
870 2151 960 2220 luipo.
988 2155 1064 2207 1716.
1102 2154 1278 2222 Nuperrime

129 2231 225 2274 autem
244 2239 305 2274 eam
324 2219 452 2272 defendit
470 2221 500 2273 C.
520 2219 575 2272 Th.
596 2219 722 2283 schoah,
741 2221 788 2271 vir
803 2220 992 2287 doctissimus,
1011 2223 1060 2274 cui
1074 2230 1171 2275 nostra
1189 2222 1278 2275 editio
1333 2251 1335 2256 ·
1372 2264 1377 2272 .

128 2292 264 2352 nonnihil
282 2293 444 2344 ornamenti
463 2291 555 2357 debet,
583 2291 615 2341 in
633 2290 789 2342 Annalibus
812 2291 995 2344 Scholasticis
1019 2291 1129 2368 (Allg.
1151 2292 1279 2346 Schulss

102 2361 307 2437 ,Ze-itung)
333 2365 409 2416 1830.
429 2363 467 2413 11.
488 2365 547 2420 113.
576 2358 607 2411 in
626 2361 883 2426 Commentatiohe‚
909 2380 981 2432 quae
998 2362 1177 2416 inscribitur
1194 2365 1279 2427 Ilet-v

129 2443 219 2508 tung
237 2433 299 2485 der
316 2432 525 2502 Xanthippe.
563 2432 623 2484 Mr.
698 2487 706 2502 x
786 2456 788 2461 ·
1228 2476 1230 2482 .

115 2562 123 2572 ,
201 2505 295 2558 eodem
313 2518 421 2570 temper
439 2520 469 2555 ee
487 2502 595 2555 vidieee
613 2508 755 2554 exeuntem
772 2501 853 2555 illum
873 2501 965 2570 domo]
981 2559 984 2565 ,
1002 2506 1082 2557 Unus
1102 2505 1151 2558 Ox.
1172 2509 1278 2573 eoadem,⁴

129 2576 206 2646 quod
224 2585 266 2628 est
288 2575 458 2627 correctoris
483 2574 535 2643 qui
552 2591 609 2625 non
636 2573 817 2648 intelligeret
840 2575 1095 2640 constructionem,
1121 2592 1279 2646 vocemque

130 2665 192 2699 eam
216 2645 455 2698 accommodatam
477 2644 571 2696 vellet
595 2644 660 2696 voci
683 2644 776 2696 domo:
807 2662 880 2696 unus
906 2644 992 2698 habet
1025 2647 1120 2698 eodem
1148 2647 1277 2700 eodem.

72 2710 80 2721 “
130 2717 240 2770 Habent
263 2717 356 2769 eodem
383 2718 480 2768 cuttu
498 2730 606 2781 semper
623 2713 694 2766 Edd.
714 2714 747 2766 A.
774 2714 804 2764 B.
826 2714 854 2767 S.
880 2714 914 2767 E.
935 2715 965 2770 C.
984 2717 1021 2767 tl.
1041 2718 1074 2767 L.
1098 2719 1169 2769 Veu.
1189 2725 1278 2782 nos-tr.

129 2787 192 2839 Asc.
214 2792 237 2841 l·
257 2791 283 2842 2.
302 2789 383 2840 Junt.
404 2785 597 2838 Stur1n;,Ald.
616 2784 738 2840 HWolf.
760 2784 822 2836 Gar.
844 2785 942 2855 Steph.
963 2781 1076 2839 et'00d.
1097 2787 1291 2840 Rehd.G10s-'

123 2858 167 2910 'sis
185 2858 326 2911 refertus:
346 2868 403 2908 non
420 2856 527 2913 habent
544 2858 628 2914 culta,
642 2855 725 2908 Codd.
747 2863 776 2908 et
795 2855 916 2908 Gruteri
942 2866 971 2908 et
987 2856 1097 2908 Davisii
1125 2866 1154 2911 et
1178 2853 1279 2923 nostri,

130 2930 260 2997 itemque
278 2929 414 2995 reliquae,
424 2926 495 2977 Edd.
515 2927 617 2977 Mirum
635 2926 669 2977 ad
686 2925 715 2976 h.
726 2927 747 2977 l.
766 2927 877 2994 fecerat
895 2927 1171 2981 animadversionem
1186 2934 1280 3001 gram·v

129 2998 266 3051 maticam
286 2996 489 3050 Ramshornius
512 2996 568 3047 Gr.
593 2996 654 3046 Lat.
680 2994 702 3058 §.
729 2999 787 3051 159.
808 2997 833 3049 2.
862 2997 883 3046 f.
911 3006 970 3048 not.
998 2997 1056 3048 iam
1080 3001 1221 3050 refutatus
1246 2997 1279 3055 ab

130 3066 303 3121 Hoffmanno
325 3067 357 3117 in
379 3064 480 3116 Jahnii
502 3064 617 3116 Annall.
645 3068 722 3120 1828.
749 3068 787 3118 ll.
817 3069 840 3119 1.
867 3083 895 3134 p.
915 3069 964 3120 44:
1004 3085 1090 3135 quam
1118 3077 1219 3119 utrum
1249 3068 1280 3120 in

129 3138 183 3192 Ed.
203 3139 229 3192 2.
258 3135 420 3188 correxerit
443 3134 475 3185 R.
504 3135 606 3186 nescio.
644 3137 757 3205 Optime
782 3135 934 3205 Ktihnerus
961 3137 995 3188 ad
1011 3155 1039 3188 v.
1059 3138 1154 3189 eodem
1172 3152 1281 3204 semper

109 3224 160 3263 'ee
178 3207 284 3260 vidisse
317 3205 369 3272 „E
391 3205 478 3258 verbo
498 3204 674 3273 praedicare,
700 3205 750 3270 ait,
775 3205 949 3257 eliciendum
968 3215 1010 3257 est
1027 3207 1216 3277 participium
1235 3208 1282 3260 dt-

130 3278 225 3334 ceae.“
262 3278 396 3330 Ceterum
415 3276 553 3328 scribitur
571 3275 603 3325 in
621 3274 686 3327 (iod.
708 3275 781 3326 Gud.
804 3279 828 3329 1.
848 3275 932 3328 colito
951 3281 984 3328 et
1000 3279 1031 3329 in
1049 3279 1128 3330 ciro.-
1155 3277 1282 3330 sedete

129 3354 156 3405 2.
176 3368 212 3402 m.
233 3349 349 3417 punctis
368 3354 506 3399 notatum.
528 3346 602 3398 Gud.
622 3348 647 3399 2.
666 3348 728 3399 m'ro
747 3344 825 3397 eolo
843 3346 940 3410 (uitae.
962 3347 1035 3398 Gud.
1058 3352 1081 3401 l.
1102 3347 1280 3414 Socratem,

130 3438 214 3491 supra
231 3420 283 3471 lin.
304 3434 380 3470 -em
401 3418 473 3493 Aug.
493 3417 640 3471 Socratem
657 3431 767 3482 semper
791 3416 951 3469 eiusdem
979 3419 1082 3470 vultu
1106 3435 1136 3472 ae
1163 3418 1278 3472 uidisse.

129 3491 218 3545 Rehd.
240 3490 350 3543 omittit
368 3506 414 3555 εις
433 3506 506 3552 unus
525 3490 575 3548 ox,
595 3487 684 3541 illum.
721 3488 813 3540 hocus
832 3486 969 3540 Gatakeri
988 3489 1132 3542 aDavisio
1151 3491 1281 3542 laudatus

130 3571 174 3615 est
196 3579 224 3632 p.
245 3566 262 3617 9
281 3579 320 3630 sq.
350 3563 391 3614 ed.
416 3559 494 3625 Trai.
518 3559 554 3611 ad
577 3558 631 3609 Rh.
660 3560 736 3613 1697.
762 3558 782 3608 f.
811 3575 849 3609 m.
881 3558 915 3610 T.
935 3560 973 3611 11.
1016 3559 1058 3612 De
1086 3561 1198 3613 ratione
1221 3560 1282 3612 loci

130 3633 317 3708 grammatica
341 3633 399 3686 iam
419 3631 488 3685 vid„
503 3630 695 3699 disputantem
722 3627 927 3703 Stuerenburg.
955 3630 990 3682 ad
1007 3629 1066 3682 cic.
1093 3647 1146 3699 pro
1174 3629 1282 3693 Archia

152 3708 222 3760 .81.
259 3703 319 3755 Mr.
1271 3700 1273 3708 ’

129 3723 150 3776 P
201 3774 258 3828 Nec
275 3791 339 3827 uero
359 3791 397 3828 eo
416 3777 498 3842 frons
516 3779 589 3837 erat,
609 3787 678 3840 puae
697 3772 740 3824 M.
763 3769 865 3822 Crassi
882 3768 966 3822 illiue
989 3769 1113 3837 ceteris]
1152 3771 1282 3835 „Melius

109 3855 191 3899 tres
209 3845 278 3898 Pell.
298 3845 409 3914 priores
428 3844 544 3896 eode'm
562 3841 672 3908 from.“
691 3839 773 3894 cett.
810 3842 863 3893 Est
881 3840 956 3892 illud
974 3843 1071 3894 eodem
1096 3842 1127 3893 in
1153 3842 1283 3912 quinque
1392 3862 1395 3866 >

131 3918 201 3972 Oxx.
222 3915 296 3969 Gud.
316 3916 411 3967 Duisb.
432 3915 505 3967 Gud.
526 3917 551 3968 2.
572 3912 659 3964 Marb.
679 3915 754 3964 Mon.
766 3916 790 3965 1.
807 3915 832 3966 2.
854 3920 883 3964 et
900 3920 957 3963 vet.
978 3913 1045 3964 eod.
1065 3913 1162 3964 Caroli
1181 3912 1280 3982 Steph.
1374 3921 1392 3927 “

131 3988 203 4040 de.
223 3987 253 4038 P.
272 3986 304 4037 A.
324 3986 354 4036 B.
376 3986 403 4038 S.
425 3986 506 4036 Junt.
525 3987 597 4035 Ven.
619 3984 790 4034 nostr.‘Asc.
812 3986 836 4036 1.
856 3985 881 4036 2.
904 3982 1032 4038 HWolf.
1058 3982 1165 4035 Sturm.
1203 3981 1283 4048 Quod

130 4071 200 4112 vero
218 4058 259 4108 ait
278 4057 367 4109 Gebh.
389 4057 484 4107 eodem
505 4055 607 4106 melius
626 4070 693 4116 esse,
712 4054 817 4104 falsum
836 4061 886 4104 est.
923 4055 986 4105 Post
1011 4068 1080 4121 quoe
1103 4054 1170 4106 Cod.
1190 4052 1280 4104 Rehd.

131 4129 259 4182 additum
282 4127 367 4179 habet
394 4126 456 4190 fuit.
494 4125 548 4175 Pro
571 4123 614 4175 M.
641 4141 715 4173 unus
740 4124 789 4175 Ox.
818 4124 906 4176 modo.
943 4125 1118 4175 Praenomen
1142 4124 1283 4175 omittunt

130 4200 218 4253 Marb.
246 4207 274 4250 et
301 4197 374 4250 Gud.
411 4195 455 4247 Ad
477 4211 540 4245 rem
567 4212 595 4243 v.
621 4192 762 4244 Goerenz.
788 4191 824 4244 ad
847 4193 906 4246 cio.
935 4192 968 4246 de
995 4192 1081 4244 Finn.
1102 4196 1135 4244 V.
1161 4197 1205 4254 30.
1234 4194 1278 4247 92.

130 4289 159 4341 P·
179 4269 383 4409 Ghl'emniihet
399 4336 440 4389 ait
458 4333 488 4388 in
506 4331 583 4386 omni
600 4330 658 4384 vita
676 4331 779 4385 risiare
797 4330 947 4400 Lucilioe‚]
964 4377 966 4381 ,
985 4370 1004 4399 ‚,
1012 4333 1151 4396 Lucilius,
1179 4330 1282 4382 Hiero-

121 4423 237 4482 'nymus
256 4420 285 4465 et
302 4411 352 4462 alii
370 4407 560 4486 prodiderunt
578 4405 710 4458 crassum
726 4405 816 4458 sentel
835 4412 948 4458 tantum
967 4405 998 4455 in
1016 4411 1076 4459 tota
1093 4403 1153 4456 vita
1169 4400 1282 4477 risisset
