2842 5070
212 331 277 399 160
374 396 376 402 ,
415 324 1175 395 c1ctRONIS·'rusclJLAN.mSPUTAT.

337 496 458 579 Inpius
477 488 630 559 bortotdr
648 513 695 559 me
715 493 833 576 frater,
854 489 891 558 dt
910 514 993 558 meos
1012 490 1105 559 malis
1125 493 1229 559 miser

214 685 288 738 Gud.
310 689 334 741 l.
353 687 378 739 l.
399 683 486 751 [Gud.
506 687 558 755 qud
582 685 602 738 i.
623 703 648 738 e.
673 680 822 754 quomodo]
846 675 1026 758 AugsMarb.
1051 684 1128 735 Mon.
1148 685 1176 737 2.
1200 681 1257 736 Gr.
1278 683 1333 736 Ed
1351 686 1377 736 P.

215 754 284 808 cod.
302 755 398 811 Duisb.
417 755 502 808 habet
557 754 578 811 ί.
614 758 668 817 Rro
687 754 781 821 igitur
805 762 848 807 est
872 770 941 823 ergo
964 753 995 804 in
1014 752 1088 806 Gud.
1107 755 1144 818 23
1172 769 1233 823 pro
1252 750 1324 807 daec
1340 764 1379 808 est

215 821 267 878 bne
286 827 317 878 in
337 825 403 879 Cod.
423 827 507 878 Bern.
521 773 598 892 ibae]
617 824 685 879 bene
703 827 735 877 in
753 825 855 887 Marb.;
880 841 930 879 ene
954 823 985 875 in
1004 827 1078 879 Mon.
1097 826 1135 889 23
1160 821 1211 877 bic
1237 824 1271 876 in
1289 824 1377 891 Gud.;

214 896 272 950 erit
290 896 425 951 exhibent
452 894 538 949 Godd.
567 897 651 950 Vind.
676 900 700 950 1.
718 895 823 948 Duisb.
846 895 900 947 Ed.
928 896 998 948 Ven.
1024 893 1083 946 Alt.
1112 894 1215 969 (ergo)
1239 895 1328 948 Vind·
1351 903 1378 949 et

214 969 285 1020 Ven.
302 968 388 1038 plane
405 974 439 1018 ut
456 966 536 1033 nos);
555 969 588 1032 P3
609 973 687 1020 curet
705 967 766 1018 eius
784 966 849 1018 loco
865 965 950 1017 habet
967 964 1033 1018 Cod.
1045 964 1120 1038 Aug.
1145 965 1280 1034 Reliqui,
1292 973 1376 1019 mat.

215 1037 299 1099 Solus
317 1037 383 1093 God.
403 1038 478 1089 Mon.
500 1043 524 1093 l.
542 1037 628 1108 plane
645 1045 679 1089 ut
696 1037 822 1090 coniecit
838 1035 986 1089 Bentleius
1013 1033 1063 1105 qno
1080 1033 1176 1103 igitur
1195 1034 1269 1089 baec
1286 1037 1377 1106 erupit

213 1108 317 1160 moles?
353 1108 409 1162 Sed
431 1125 535 1162 vereor
560 1117 594 1160 ut
623 1108 741 1160 collatio
767 1108 805 1159 sit
831 1116 970 1159 accurata.
1015 1106 1085 1161 Sine
1109 1106 1200 1160 dubio
1230 1108 1265 1159 in
1283 1124 1319 1161 eo
1337 1115 1376 1162 est

169 1213 172 1217 -
214 1179 300 1244 eruit,
319 1179 376 1232 nisi
393 1178 479 1247 plane
498 1195 565 1231 cum
583 1178 705 1247 reliquie
722 1176 808 1231 habet
825 1183 915 1230 erunt.
950 1175 1012 1229 Mr.

284 1249 363 1301 Audi
384 1247 544 1318 Thyestem]
577 1248 658 1301 Alios
675 1247 780 1300 habere
802 1247 951 1316 Thyestem
967 1246 1093 1322 legimus
1116 1246 1150 1297 in
1167 1264 1267 1321 marg.
1289 1248 1372 1302 Gotb.
1397 1261 1402 1267 ·

213 1319 329 1371 Lambb.
348 1321 449 1385 Verb.;
468 1336 521 1393 ego
540 1319 572 1370 in
589 1319 671 1370 nullo
689 1319 804 1388 reperi3
825 1317 963 1372 Tbs'eatem
980 1317 1087 1370 habent
1104 1319 1183 1373 Mon.
1202 1323 1228 1373 1.
1244 1323 1271 1373 2.
1291 1320 1372 1376 Bern.

212 1390 301 1443 Marb.
324 1388 474 1460 Thyesten
500 1389 580 1443 dedit
603 1389 672 1441 Dav.
710 1389 790 1454 Quod
807 1408 844 1441 an
867 1389 1023 1459 scriptioni
1043 1385 1187 1457 ttyenem
1207 1393 1374 1459 praeferen-

214 1460 282 1513 dum
301 1461 340 1513 sit
358 1461 470 1513 dubitat
488 1460 519 1518 G.
539 1462 570 1513 L.
590 1458 757 1513 Schneider.
780 1461 852 1513 Lat.
873 1458 1045 1513 Formenl.
1066 1458 1090 1510 1.
1109 1476 1138 1528 p.
1159 1461 1207 1515 40.
1247 1459 1371 1527 Codices,

213 1532 239 1583 si
257 1531 327 1585 fides
345 1530 554 1598 collationibus,
581 1530 706 1600 quaein
723 1531 829 1585 talibus
846 1529 1106 1600 rebus-pleraeque
1125 1545 1186 1582 non
1205 1539 1278 1585 sunt
1295 1549 1372 1587 aecu-
1411 1574 1413 1581 .

211 1610 302 1668 ratae,
319 1601 426 1655 habent
443 1619 478 1655 m.
1200 1654 1203 1659 ,
1411 1618 1413 1625 ·

213 1672 534 1796 PhsdpdiGYssyestem
560 1671 669 1742 ipsum.-
695 1671 803 1742 Impius
828 1666 879 1744 -]
914 1669 1048 1740 „Impius
1075 1671 1215 1724 nesciunt
1245 1673 1370 1746 quinque
1411 1682 1413 1687 '

234 1761 249 1794 a
279 1751 300 1794 t.
385 1745 415 1795 eb
436 1783 442 1794 .

283 1812 362 1866 Audi
382 1812 532 1885 Thyesten:
551 1814 724 1884 Impius-me
742 1811 874 1867 hortatus
891 1811 994 1877 frater]
1021 1812 1126 1887 Vulgo,
1146 1815 1221 1868 audi
1241 1812 1370 1885 rtyesns

212 1882 319 1952 ipsum:
345 1885 453 1956 Impius
477 1884 613 1938 bortatur
634 1903 681 1938 me
705 1886 798 1937 freter
815 1892 875 1943 etc.x
907 1885 946 1934 At
964 1899 1030 1934 cum
1047 1884 1120 1957 Reg:
1137 1884 1290 1938 Pithoean.
1310 1887 1371 1939 alii.

118 2008 121 2013 ,
213 1971 270 2021 que
286 1957 524 2024 praestantissimi
542 1955 660 2009 Codices
683 1955 761 2019 dent,
788 1953 867 2006 Audi
887 1951 1151 2023 Thyestsn'e'peum:
1180 1954 1315 2013 donatur
1330 1974 1369 2011 me

212 2026 306 2089 {rater
324 2035 378 2082 etc.
396 2044 454 2080 vox
473 2026 578 2096 impius
597 2027 628 2078 in
646 2027 738 2094 ipsum
749 2024 931 2078 Clllentleio
942 2014 1060 2078 temere
1078 2033 1190 2078 mutata
1209 2027 1368 2081 videbatur.

211 2096 265 2148 Me
281 2093 410 2150 bortatur
427 2107 523 2152 autem
542 2098 576 2150 ob
600 2114 699 2150 versus
723 2095 950 2148 concinnitatem
974 2111 1030 2146 non
1057 2096 1153 2147 minus
1170 2098 1261 2150 acob
1280 2099 1372 2168 ipsam

211 2167 400 2221 Latinitatem
418 2169 451 2221 ab
470 2169 571 2221 eodem
592 2169 657 2222 viro
696 2166 922 2220 raestantissimo
944 2165 1109 2234 reponitur:
1139 2166 1277 2238 alioquin
1294 2170 1369 2222 enim

211 2238 345 2290 mundam
363 2238 411 2291 vel
429 2239 558 2304 mandem
577 2255 644 2290 cum
687 2237 797 2291 urnebo
815 2235 1010 2306 Lambinoque
1026 2236 1224 2290 scribendum.
1261 2239 1302 2292 D.

284 2326 365 2378 Audi
385 2324 544 2394 Thyestem:
564 2323 683 2393 Impius]
720 2325 852 2392 „Accedo
870 2324 996 2377 Bentleii
1015 2333 1044 2378 et
1058 2321 1169 2377 Davisii
1188 2326 1225 2379 de
1243 2326 1292 2380 bis
1308 2343 1371 2380 ver-

194 2394 257 2446 ·bis
281 2397 476 2466 versibusque·
492 2397 622 2472 legendis
650 2396 841 2450 sententiae.“
873 2393 963 2448 Βοιώ.
1009 2396 1134 2472 Legitur
1161 2395 1267 2464 ipsum,
1296 2397 1371 2468 quod

212 2473 310 2517 ortum
327 2466 444 2521 videtur
461 2485 496 2522 ex
514 2468 684 2538 compendio
702 2484 856 2537 perperam
873 2467 950 2518 lecto
976 2465 1024 2529 (in
1046 2465 1197 2519 nonnullis
1222 2469 1314 2520 etiam
1336 2485 1371 2521 ex

212 2533 404 2608 διττογραφίᾳ)
423 2539 503 2591 vocis
521 2540 633 2606 impius,
653 2539 685 2590 in
704 2537 790 2590 Godd.
811 2538 880 2590 Oxx.
901 2537 1040 2601 omnibus,
1060 2538 1129 2612 Reg.
1149 2537 1236 2590 Bern.
1257 2538 1335 2594 Gud.
1345 2542 1367 2594 1.

210 2605 302 2660 Rehd.
322 2608 396 2661 Gud.
415 2608 511 2660 Duisb.
532 2611 607 2661 Mon.
628 2613 652 2663 l.
672 2611 698 2663 2.
723 2608 808 2661 vind.
830 2613 853 2663 1.
874 2610 899 2662 2.
925 2607 996 2659 Edd.
1021 2607 1103 2671 (exce
1123 2607 1162 2659 tis
1179 2607 1251 2661 Dav.
1272 2609 1369 2667 Wolf.

213 2675 260 2729 Or.
279 2679 365 2743 Tbn.)
384 2678 523 2732 omuibus.
561 2678 715 2731 Omittitur
737 2687 833 2730 autem
859 2676 964 2746 impius
989 2678 1020 2729 in
1040 2625 1125 2731 eodd.
1149 2679 1190 2731 lle
1213 2715 1221 2729 .
1247 2679 1323 2733 (tud.
1344 2684 1367 2734 l.

211 2750 288 2804 Mon.
309 2755 333 2804 1.
351 2753 377 2805 2.
396 2749 480 2801 vind.
502 2753 525 2805 l.
545 2751 572 2803 l.
591 2750 681 2803 Rehd.
701 2748 774 2801 Gud.
800 2748 897 2804 Duisb.
924 2757 1033 2817 septem
1052 2747 1121 2803 Oxx.
1141 2748 1186 2832 Ed
1208 2787 1215 2800 .
1234 2751 1265 2807 Ρ.
1285 2750 1320 2803 Α.
1338 2751 1369 2804 Β.

211 2817 681 2964 ἓ..ῗ..ἵ““.·.ξῖ’ῖῧῖ;.ἰ,““ἐ.έῗᾞῑ
700 2817 1203 2961 {esttenete-tete
1223 2822 1371 2945 'stetit

212 2957 290 3012 idem
307 2961 388 3014 locus
407 2959 494 3013 etiam
512 2962 587 3030 apud
605 2961 665 3017 cic.
685 2960 720 3013 de
732 2959 778 3013 Or.
790 2959 843 3012 111.
856 2962 899 3016 58.
919 2977 981 3030 pro.
1001 2960 1060 3026 ubi,
1079 2961 1229 3015 referente
1246 2961 1372 3030 Orellio,

211 3030 322 3084 similes
340 3031 441 3084 turbae
460 3030 492 3081 in
509 3030 588 3088 MSS.
625 3033 686 3085 Mr.
894 3068 898 3072 «
964 3087 968 3091 ,
1038 3101 1046 3115 .

198 3099 1281 3257 ‚mlttf‘ttt‘lnttttt¹ntttdtttttnitate‘titt‘
1288 3107 1369 3228 itt

212 3242 297 3296 Solus
313 3245 431 3298 Billerb
451 3242 580 3312 scripsit:
609 3242 720 3311 'Impius
737 3241 860 3296 hortdtu'
877 3258 931 3308 me,
953 3242 1072 3296 Bothius
1099 3242 1131 3293 in
1149 3243 1245 3302 Poetis
1263 3244 1368 3299 Soenn.
1396 3264 1401 3271 ·

211 3331 241 3384 p·
261 3311 326 3372 leot
354 3314 518 3368 bortatnst
540 3330 589 3367 me
613 3315 713 3379 frater.
751 3315 812 3367 Mr.
1297 3371 1302 3375 ,

283 3392 314 3438 ut
331 3402 406 3438 meos
422 3385 508 3437 malis
524 3385 612 3437 miser
627 3385 789 3437 manderem
807 3388 889 3437 natos
908 3382 956 3448 -]
992 3383 1078 3457 „Ego
1100 3385 1230 3436 mandem
1254 3394 1369 3439 rectum

211 3463 296 3577 puto:
325 3460 391 3507 nani
410 3455 545 3508 mandare
563 3454 648 3508 malit
672 3462 715 3509 est
732 3453 817 3515 matta
839 3451 1012 3507 committere
1031 3462 1060 3506 et
1077 3469 1208 3521 comesse,
1237 3463 1271 3508 ut
1289 3456 1369 3528 ‚apud

204 3548 207 3559 ·
236 3525 393 3580 ueretium:
905 3536 908 3542 ’

377 3597 421 3651 Ne
439 3598 578 3653 Saturnus
602 3613 663 3651 eum
680 3595 768 3651 malis
790 3597 937 3650 mandaret
954 3595 1081 3663 adeptus.

210 3665 265 3719 Est
282 3668 376 3741 igitur
392 3679 475 3722 vetus
492 3668 630 3739 loquendi
649 3668 787 3734 formula,
806 3684 892 3735 quam
910 3674 939 3718 et
957 3682 1090 3718 mensura
1111 3681 1212 3719 versus
1230 3666 1369 3738 postulat.

211 3736 268 3790 Sed
291 3747 320 3791 et
343 3740 471 3814 collegae
494 3757 558 3792 meo
577 3738 714 3791 lambino
733 3739 775 3789 ita
791 3736 886 3789 videri
905 3736 1035 3792 ,mirifice
1052 3737 1154 3788 laetor.
1191 3738 1257 3813 Ego
1281 3740 1371 3793 etiam

211 3808 288 3875 quod
305 3824 373 3862 mox
390 3811 534 3875 sequitur:
566 3825 659 3861 eorum
676 3808 785 3860 uiscera
803 3805 917 3876 apponit
942 3825 977 3860 ex
996 3806 1095 3860 eodem
1112 3815 1196 3878 poeta
1215 3825 1276 3862 esse
1296 3810 1370 3862 arbi-

210 3883 284 3940 tror,
311 3886 341 3930 et
366 3880 504 3931 versiculi
522 3879 654 3931 inchoati*
676 3877 832 3930 clausulam
852 3894 910 3930 esse
928 3877 1070 3943 existimo,
1095 3878 1253 3931 verborum
1270 3887 1370 3934 tamen

210 3954 356 4000 structura
373 3958 490 4002 mutata.
520 3951 624 4003 Versus
637 3956 733 4001 autem
750 3949 916 4021 integratur
932 3947 1011 4000 bunc
1030 3948 1061 3998 in
1077 3948 1209 4003 moduine
1230 3950 1370 4006 Mandem

212 4023 305 4070 natos:
324 4035 418 4073 eoram
433 4021 550 4090 adponit
567 4018 712 4074 viscere.“
733 4018 883 4072 Turnebus.
920 4018 1038 4072 Advers.
1058 4019 1121 4072 v11.
1141 4021 1183 4075 18.
1202 4038 1233 4090 p.
1252 4021 1308 4077 228
1326 4040 1366 4092 sq.

213 4114 246 4128 -
265 4090 421 4153 „Mandem
440 4124 472 4134 -
492 4094 536 4146 lta
554 4093 612 4144 iam
629 4089 742 4163 pridem
761 4088 982 4144 emendavimus.
1018 4086 1067 4141 Sic
1093 4088 1170 4141 dixit
1193 4099 1298 4144 autem,
1317 4091 1369 4148 ‚hio

211 4160 296 4229 po'e'ta
312 4162 398 4214 matis
415 4164 551 4216 mandare
568 4179 621 4234 pro
639 4161 725 4215 malis
738 4177 788 4213 seu
806 4160 934 4214 maritus
952 4160 1122 4213 committere
1140 4168 1170 4212 et
1185 4161 1368 4228 premitteres

211 4230 289 4300 quod
305 4227 384 4283 ralet
402 4232 564 4288 devoratum
590 4236 632 4289 a‘rs
656 4250 705 4286 seu
722 4231 850 4284 maxillis
873 4229 1142 4294 comminatoriam,
1160 4237 1194 4283 ut
1212 4234 1368 4285 Lucretius

210 4301 287 4354 libro
304 4303 443 4372 secundo:
470 4304 555 4358 melia
572 4301 749 4373 mundaret.“
772 4298 931 4354 anbs'aus.
959 4301 1041 4355 Oonf.
1061 4300 1190 4353 Lambin.
1211 4302 1248 4355 ad
1265 4302 1365 4357 Horat.

210 4372 234 4423 1.
258 4374 362 4429 1617.
385 4391 413 4445 p·
433 4377 476 4430 61.
505 4376 549 4428 ed·
567 4373 702 4430 Wecbel.
724 4375 801 4429 1596.
827 4379 856 4425 et
883 4369 1004 4424 eundem
1031 4370 1365 4427 adhaerentem.

208 4440 247 4496 11.
265 4443 326 4500 637.
353 4460 383 4518 p·
402 4445 464 4517 tet.
488 4444 532 4500 ed
549 4442 688 4504 Wecbel.
712 4444 814 4513 petto
835 4458 880 4510 sq.
893 4440 947 4496 ed.
966 4441 1053 4510 Paria.
1074 4442 1151 4499 1663.
1189 4436 1368 4512 „Torrebia
