2842 5070
488 276 628 340 ‚nmen
648 273 708 356 nr,
730 280 760 344 s
783 279 813 343 ο.
837 315 845 328 .-
868 324 871 329 .
1185 277 1227 342 ar

69 443 280 509 diocritetem
311 442 515 514 officiorum,
543 449 578 502 et
607 443 696 502 vitae
730 460 939 505 communem
971 443 1100 503 cultum
1128 450 1226 525 etque

68 530 248 592 usitatum:
282 529 435 587 furorem
464 534 574 587 autem
601 543 671 585 esse
700 529 767 590 rati
788 532 867 585 sunt
896 527 1017 584 mentis
1046 524 1087 585 ad
1115 526 1226 586 omnia

69 614 274 673 eaecitatem.
317 606 413 671 Quod
435 626 535 688 quum
555 607 661 667 maius
683 627 752 668 esse
772 604 940 683 videatur,
963 625 1061 686 quam
1081 608 1226 680 insania3

67 701 179 754 tamen
209 689 373 753 eiusmodi
399 697 459 768 est,
495 695 534 749 ut
561 691 659 748 furor
679 689 716 748 in
747 689 931 769 sapientem
959 686 1079 769 cadere
1110 691 1226 768 possit,

70 794 136 837 non
159 776 265 856 possit
286 773 423 835 insania.
467 768 532 849 Sed
552 769 634 832 haec
655 772 720 832 alia
741 772 891 852 quaestio
914 779 981 836 est:
1004 786 1065 831 nos
1086 768 1129 830 ad
1150 789 1226 852 pro·

71 859 217 937 positum
240 862 459 916 revertamur.
530 924 533 930 ι

159 954 294 1032 Cadere,
320 955 452 1036 opinor,
481 955 517 1014 in
539 916 722 1035 eapientem
751 951 1000 1040 aegritudinem
1028 950 1092 1012 tibi
1114 918 1271 1013 dixisti⁶

1251 1003 1290 1056 12.

1212 1082 1227 1089 .-

68 1118 317 1195 euca‘mem‘codd.
336 1143 406 1217 Reg.
426 1139 500 1216 Aug.
521 1142 609 1193 Marb.
630 1140 719 1193 Rehd.
740 1139 809 1192 Oxx.
829 1147 954 1208 quatuor
971 1140 1055 1192 vind.
1068 1145 1092 1195 l.
1107 1143 1132 1195 2.
1151 1139 1225 1194 Gud.

68 1212 166 1264 Duisb.
192 1213 278 1264 Bern.
302 1212 376 1280 Edd
403 1213 485 1265 Junt.
514 1213 542 1263 P.
568 1211 601 1264 A.
620 1212 651 1263 B.
672 1211 700 1266 S.
726 1212 761 1263 E.
789 1209 853 1262 Asc.
875 1214 898 1264 1.
928 1210 1030 1276 Gebh.,
1055 1212 1126 1264 Ern.
1164 1212 1228 1264 Duo

68 1283 139 1345 Ou-
159 1286 233 1336 Mon.
255 1287 279 1336 1.
296 1279 325 1337 ’2.
347 1283 419 1335 Gud.
442 1286 468 1338 2.
489 1282 630 1335 omittunt
645 1282 729 1347 enim,
748 1282 803 1333 duo
822 1282 891 1335 Oxx.
920 1281 1027 1334 habent
1043 1290 1227 1347 consueram

68 1353 143 1407 oud.
165 1357 188 1408 1.
208 1352 334 1407 stultitia
352 1385 386 1395 —
404 1352 606 1420 inconstantia3
635 1354 721 1405 verba
746 1351 780 1404 id
794 1359 840 1404 eet
864 1359 930 1404 ante
947 1352 1167 1406 imonetantiam
1183 1353 1228 1405 vi-

68 1425 175 1478 dentur
198 1425 304 1477 habere
329 1433 389 1477 tres
414 1426 484 1477 Oxx.
512 1424 620 1477 habent
646 1423 718 1476 Edd.
742 1426 779 1474 M.
806 1422 837 1475 G.
861 1421 926 1474 Asc.
945 1426 971 1478 2.
997 1425 1084 1476 Leod.
1111 1426 1225 1476 Lambb.

69 1495 156 1548 Goth.
182 1495 264 1548 Boul.
292 1495 372 1565 sylb.
398 1495 521 1551 HWolf.
545 1496 625 1547 Brut.
657 1494 721 1545 Ald.
748 1494 811 1546 Car.
838 1492 937 1562 Steph.
980 1496 1014 1546 ln
1041 1497 1111 1547 Ven.
1136 1504 1225 1547 nostr.

68 1566 197 1640 legitur:
216 1565 376 1618 stultitiam
394 1566 483 1620 enim
502 1570 666 1619 censuerunt
686 1564 815 1617 mentis
833 1564 1052 1617 inconstantiam
1069 1564 1090 1617 i.
1106 1582 1129 1617 e.
1150 1565 1226 1618 sani·

69 1643 127 1692 tote
150 1642 304 1690 vacantem.
340 1638 387 1688 Ex
413 1637 508 1709 Nonio
531 1636 607 1688 Vict.
632 1636 701 1688 Rob.
729 1634 827 1704 Steph.
855 1634 1056 1690 Stunn.01iv.
1083 1635 1228 1688 insoniam

69 1709 143 1762 em'm
165 1713 328 1760 censuerunt
346 1705 395 1772 (id
414 1713 466 1772 eet,
484 1705 700 1759 inconstantiam
718 1707 839 1758 sanitate
856 1707 1017 1773 vacantem)
1034 1723 1119 1774 posce
1137 1715 1228 1761 tamen

70 1787 126 1832 etc.
145 1776 291 1832 FAWolf.
312 1777 392 1828 Koel.
411 1776 554 1843 insaniam
572 1774 648 1828 enim
666 1781 831 1828 censuerunt
850 1776 1009 1830 constantia
1026 1778 1047 1830 i.
1064 1794 1087 1830 e.
1107 1779 1228 1833 sanitate
1248 1811 1250 1815 -

71 1854 220 1909 vacantem.
258 1846 390 1916 Denique
417 1848 470 1899 Ed.
498 1847 570 1898 Tbn.
599 1845 747 1905 Insaniam
773 1845 845 1897 enim
869 1855 1028 1899 censuerunt
1052 1864 1113 1901 esse
1130 1850 1226 1902 incon·

69 1919 208 1974 stantiam
230 1918 356 1972 sanitate
383 1922 537 1971 vocantem.
580 1916 662 1970 Solus
687 1917 761 1970 Gud.
781 1919 807 1971 2.
832 1933 886 1987 pro
913 1916 946 1969 id
968 1922 1011 1969 eet
1035 1917 1120 1970 habet
1145 1920 1227 1985 idem,

68 2001 129 2044 tres
148 1991 218 2044 Oxx.
238 1990 413 2048 sanitatem.
452 1989 512 2041 Mr.
643 2026 649 2040 .

140 2061 364 2114 mediocritatem
383 2059 549 2126 officiorum]
569 2060 588 2111 i.
610 2077 634 2112 e.
654 2058 760 2113 Officia
777 2057 885 2111 media:
916 2059 955 2110 cf.
980 2057 1087 2110 deors.
1108 2061 1130 2111 1.
1150 2063 1176 2114 3.
1196 2063 1226 2116 8:

69 2132 232 2185 officiorum
260 2131 401 2184 videlicet
429 2131 486 2184 alia
510 2129 642 2199 ‘perfecta
674 2139 755 2194 eunt,
793 2146 865 2199 quae
895 2133 1098 2198 κατορθώματα
1124 2140 1229 2184 vocant

70 2203 188 2257 Graeci:
209 2200 386 2266 aliamdia,
405 2201 440 2254 ad
458 2203 618 2255 'communis
636 2202 713 2254 vitae
725 2199 937 2253 institutionem
949 2200 1136 2269 pertinentia,
1155 2219 1228 2271 quae

70 2277 231 2342 καθήκοντα.
271 2273 346 2338 Quae
365 2273 453 2325 etiam
471 2273 504 2324 ab
523 2273 678 2342 insipiente
697 2271 764 2324 fieri
781 2288 873 2340 posse,
897 2271 929 2322 in
947 2272 1036 2323 tertio
1054 2272 1089 2323 de
1107 2273 1228 2324 Finibus

70 2349 105 2400 17
124 2363 187 2414 sqq.
208 2344 348 2397 similiter
365 2344 476 2414 probat.
496 2342 560 2399 Vid.
582 2343 668 2397 ctiam
687 2341 815 2395 Kiihner.
836 2343 870 2394 de
885 2341 944 2394 cic.
965 2343 997 2393 in
1014 2342 1120 2412 philos.
1140 2343 1229 2397 meri·

69 2416 108 2468 tis
130 2433 159 2486 p.
179 2417 241 2470 234.
262 2446 296 2456 -
332 2416 367 2467 ln
396 2413 538 2484 proximis
560 2414 626 2468 Cod
650 2413 739 2466 Rehd.
767 2412 852 2464 habet
873 2429 1043 2466 communem
1066 2414 1144 2467 vitae
1168 2417 1229 2469 cni·

70 2493 140 2539 tum.
178 2486 239 2539 Mr.
1138 2500 1148 2516 ’

141 2552 275 2611 Furorem
299 2561 393 2622 autem
415 2572 477 2610 em
504 2554 566 2608 rati
586 2553 669 2621 suot]
699 2552 802 2608 Autem
833 2554 973 2608 omittunt
1007 2565 1129 2624 quatuor
1156 2559 1225 2611 Oxx.

70 2628 159 2681 Rehd.
179 2631 255 2682 Mon.
276 2629 302 2682 2.
340 2629 439 2696 Pergit
455 2627 545 2691 Rehd.
574 2626 716 2680 rattruut
735 2625 964 2680 eeseadomnia
990 2625 1092 2679 mentis
1107 2629 1229 2680 caecita-

73 2704 136 2752 tem.
158 2716 218 2752 εσσε
237 2708 268 2752 et
284 2698 357 2752 eunt
372 2700 482 2752 omittit
501 2698 575 2751 Gud.
594 2700 620 2753 2.
650 2697 726 2749 illud
744 2697 830 2749 etiam
848 2715 921 2748 unus
941 2699 991 2752 Ox.
1029 2699 1179 2762 „Iudicavi
1198 2700 1229 2751 in

72 2769 243 2845 ‚crepundiis
262 2769 329 2834 [111.
358 2773 399 2826 13.
427 2789 456 2840 p.
478 2772 543 2825 136.
568 2787 596 2838 p.
616 2770 677 2824 503.
704 2767 746 2820 ed.
773 2766 944 2834 Schmink.]
967 2768 1028 2842 legi
1054 2769 1085 2820 in
1104 2770 1161 2821 Pal.
1181 2788 1226 2840 pr.

70 2839 257 2894 caritatem.“
287 2838 369 2893 Geel.
411 2840 561 2893 Nimirum
589 2839 630 2890 ibi
655 2839 779 2891 ridicule
807 2839 967 2892 addiderat:
1004 2839 1114 2904 „Quod
1144 2841 1228 2894 valde

72 2911 178 2964 titillat
195 2928 277 2963 aures
295 2929 385 2963 meas:
404 2929 472 2962 nam
490 2911 593 2964 caritas
612 2927 648 2962 ex
665 2910 786 2962 raritate
803 2919 890 2977 atque
909 2909 1015 2979 inopia.
1050 2911 1135 2964 Timo
1152 2911 1229 2965 hanc

60 2982 230 3048 ,lectionem
248 2982 359 3033 stabilit·
372 2981 591 3055 sillographus:
622 2980 731 3049 πτωχὸς
751 2982 805 3050 μὲν
823 2980 928 3053 φρένας
946 2982 1012 3046 εἰμὶ,
1039 2981 1107 3036 νόου
1127 2981 1161 3035 de‘
1177 3002 1229 3049 μοι
1297 3044 1304 3051 ᾖ

72 3049 123 3105 οὒκ
142 3053 183 3105 ἔνι
201 3051 328 3110 κόκκος.“
363 3050 407 3102 Ad
425 3051 670 3105 constructionem
689 3052 764 3104 coni.
776 3053 943 3105 'Forcellin
962 3053 1015 3104 Ed.
1029 3053 1128 3106 Germ.
1146 3057 1189 3109 49.
1200 3054 1226 3106 b.

73 3123 145 3175 Noli
162 3137 233 3175 vero
252 3119 360 3173 offendi
377 3121 589 3192 praepositione
608 3121 645 3174 ad
661 3122 727 3173 voci
744 3120 909 3175 caecitatem
928 3122 1067 3175 adiectae:
1099 3125 1229 3195 utxenim

72 3193 194 3256 dicimus
213 3198 308 3262 aptum
332 3209 390 3244 esse
412 3193 461 3245 vel
487 3190 612 3259 ineptum
637 3190 764 3260 aliquem
789 3193 827 3245 ad
845 3192 966 3260 aliquid,
1000 3193 1040 3243 ita
1058 3210 1115 3246 non
1134 3196 1229 3247 minus

71 3267 144 3319 bene
167 3279 229 3318 eece
254 3277 364 3316 coecum
386 3263 425 3315 nd
448 3263 575 3330 ntiquom
592 3278 659 3328 rem.
698 3260 843 3315 scribitur
860 3263 992 3327 videatur
1009 3265 1122 3316 eesein
1141 3264 1227 3319 Codd.

72 3336 161 3391 Rehd.
180 3335 278 3387 Duisb.
296 3334 381 3385 vind.
401 3337 427 3390 2.
464 3336 546 3387 Unus
565 3334 614 3387 Ox.
635 3331 792 3386 videantur.
829 3334 890 3388 Mr.

143 3407 238 3460 Furor
255 3405 287 3459 in
303 3406 457 3474 eapientem
473 3405 576 3458 cadere
592 3403 694 3472 poscit,
710 3407 776 3458 ⁴non
797 3405 889 3472 poscit
907 3403 1037 3471 insanie]
1075 3405 1165 3460 Stoici
1188 3427 1230 3461 sa·

72 3479 202 3549 pientem
230 3486 392 3530 statuerunt
419 3475 451 3531 οὗ
484 3480 672 3547 μανήσεσθαι·
700 3481 915 3545 προςπεσεῖσθαι
938 3479 1033 3544 μέντοι
1061 3479 1128 3530 ποτὲ
1155 3477 1230 3547 αὐτῷ

72 3552 225 3618 φαντασίας
247 3547 409 3608 ἀλλοκότους
435 3547 482 3602 διὰ
499 3549 687 3617 μελαγχολίαν
709 3547 726 3615 ἢ
754 3551 871 3619 λήρησιν.
908 3549 979 3602 Vide
997 3551 1147 3601 Laertiuin
1165 3552 1230 3616 Vll,

21 3739 24 3744 .
144 3695 175 3743 at
197 3692 279 3758 furor
303 3689 335 3742 in
358 3688 511 3758 eapientem
533 3689 634 3742 cadere
654 3688 765 3756 possit]
794 3688 860 3754 „Sc
886 3689 956 3760 quia
980 3691 1042 3742 fore
1062 3698 1105 3742 est
1121 3709 1138 3742 a
1155 3690 1229 3744 vitio

72 3761 213 3832 corporis,
234 3761 309 3831 quod
327 3760 459 3831 sapienti,
478 3760 539 3812 sine
559 3760 643 3829 culpa
663 3760 732 3826 eius,
751 3759 880 3814 accidere
899 3761 1024 3829 potest.“
1042 3762 1112 3814 Ero.
1151 3761 1230 3814 Sori-

72 3841 143 3902 ptor
161 3832 274 3903 Codicis
289 3831 388 3884 Duisb.
408 3833 578 3885 Ciceronem
597 3830 709 3883 scilicet
729 3831 888 3904 corrigens,
912 3832 953 3884 ita
970 3832 1100 3902 scripsit:
1133 3832 1232 3886 cadere

74 3920 141 3956 non
164 3906 266 3971 poerit,
303 3918 364 3955 nec
386 3901 479 3970 poerit
502 3901 624 3955 insania.
661 3904 726 3954 Post
756 3901 884 3969 quaestio
912 3902 1050 3955 omittunt
1079 3910 1119 3956 eet
1143 3904 1229 3957 Codd.

73 3977 149 4029 Mon.
171 3979 195 4029 1.
215 3978 241 4030 2.
263 3983 292 4026 et
310 3972 365 4025 duo
384 3974 454 4025 Oxx.
475 3973 541 4026 Cod.
563 3972 637 4026 Gud.
656 3977 680 4027 1.
700 3973 1149 4041 apr.1n.habetproepositum.
1169 3975 1229 4028 Mr.

71 4098 75 4109 .
145 4079 170 4114 c.
189 4066 216 4117 6.
254 4061 372 4125 (indere,
403 4060 512 4142 opinor,
542 4062 575 4114 in
598 4061 751 4129 eapientem
769 4061 818 4127 -]
855 4063 936 4114 Unus
964 4062 1014 4115 θα.
1049 4063 1083 4114 Β.
1110 4062 1229 4116 Cadere.

74 4133 148 4207 Aug.
169 4131 234 4186 dixi
250 4149 304 4204 pro
323 4130 377 4186 tibi
395 4131 504 4183 dixisti.
524 4131 620 4184 Duisb.
640 4149 754 4202 quoque
767 4132 879 4184 omittit
897 4130 957 4185 tibi.
984 4135 1065 4186 Unus
1075 4133 1125 4185 Ox.
1144 4133 1234 4200 habet·

73 4213 106 4257 ut
123 4204 185 4269 tibi,
203 4204 276 4256 alius
299 4205 330 4257 T.
349 4200 411 4256 tibi.
431 4204 506 4254 Mon.
528 4207 552 4256 l.
572 4201 682 4254 omittit
721 4219 887 4255 ersonarum
905 4204 1090 4256 notationem.
1107 4206 1186 4255 non.
1203 4206 1228 4258 2.

74 4275 161 4328 habet
179 4281 207 4327 et
224 4291 304 4328 nere
323 4291 389 4327 cum
406 4273 514 4325 duobus
533 4272 602 4323 Oxx.
624 4280 654 4323 et
666 4272 692 4323 E
713 4311 720 4323 .
740 4276 768 4325 P.
799 4271 919 4349 lnAug.
940 4283 994 4327 est:
1014 4275 1051 4326 Et
1071 4274 1125 4327 ita
1142 4289 1228 4326 vere.

75 4348 152 4399 Mon.
174 4348 198 4407 Ι.
219 4345 279 4399 ieta
296 4362 349 4416 pro
367 4345 419 4398 ita.
457 4344 502 4396 Ad
519 4341 674 4394 lectionem
697 4345 726 4394 P.
744 4343 901 4395 Manutius:
929 4344 1005 4409 „Qui
1024 4345 1232 4428 proprietatem

77 4417 197 4472 listinae
214 4417 337 4490 glinguao
365 4416 483 4482 callent,
507 4411 539 4480 ii,
570 4427 628 4465 non
646 4411 754 4484 dubito,
782 4413 853 4483 quin
875 4415 965 4500 magis
983 4415 1021 4468 Et
1037 4429 1112 4479 cero,
1146 4428 1231 4481 quam
