2842 5070
207 329 211 340 ·
363 322 367 331 ·
427 317 767 404 ,1111111111
982 364 985 371 -
1148 271 1243 389 ans

59 504 167 565 oram,
188 483 356 572 quamdiu
371 487 470 568 vixit,
491 486 577 550 vixit
596 448 751 564 inlecto,
780 481 960 569 codemque
979 485 1080 550 etiam
1101 490 1212 551 caule·
1251 504 1254 509 ·

26 594 30 600 ·
59 576 114 637 ola
135 574 319 636 contabuit.
361 571 453 633 Huic
473 578 548 632 erat
572 571 630 632 illa
655 570 771 652 opinio
793 568 943 653 qnotidie
964 588 1098 634 moene:
1127 589 1213 652 quae

59 665 131 719 tora
152 655 298 738 deniquo
318 673 387 741 non
406 653 599 736 appellator
618 670 747 730 recens,
769 671 870 733 quum
880 658 1048 716 vetustate
1067 650 1212 717 ex'eruit.

1392 388 1400 417 l

59 842 186 911 gratiam
212 839 352 896 cautioris
378 854 469 892 meae:
507 836 574 905 coll.
599 839 687 893 Goer.
717 837 755 890 ad
781 822 843 906 cii.
869 838 905 892 de
929 838 1015 892 Finn.
1034 839 1067 891 V.
1093 840 1138 895 32.
1164 841 1210 896 95.

59 932 90 984 p.
109 916 172 977 ool,
203 912 253 966 ubi
279 918 337 964 est:
373 916 466 962 tamer
493 909 573 962 labar
592 909 700 979 potuit,
729 909 823 977 posset
843 909 981 963 molestia.
1017 907 1061 962 Ad
1083 926 1147 964 rem
1171 912 1210 962 cf.

61 985 123 1037 Ptlu
145 985 175 1036 k.
195 983 231 1035 de
247 980 436 1052 Theopompo
456 979 530 1032 chio
547 997 576 1050 p.
596 982 639 1037 24.
660 979 731 1049 ibiq.
752 979 845 1049 laudd.
882 983 943 1036 Mr.
1107 1021 1110 1032 .

158 1070 174 1106 o
199 1051 323 1121 denique
347 1052 432 1105 etiam
456 1051 600 1118 conlecta]
635 1050 732 1127 Vulgo
757 1051 915 1122 eodemque.
951 1047 1009 1106 Sed
1034 1050 1150 1105 Balliol.
1177 1065 1213 1104 eo

61 1125 190 1194 deniquo
215 1124 292 1193 quod
308 1140 421 1177 verum.
457 1122 494 1174 D.
517 1184 529 1194 Ι,

130 1195 315 1263 eaderapue
333 1195 419 1246 eliam
436 1195 560 1258 confecta
578 1191 731 1260 contabuit]
767 1191 1009 1257 „Emendabatur
1034 1209 1065 1246 eo
1083 1191 1209 1261 denique.

59 1281 114 1318 our
139 1265 273 1319 tandem?
310 1265 389 1317 Idem
413 1279 496 1334 saepe
511 1264 556 1324 ¹ita
583 1282 650 1318 cum
668 1264 833 1335 copulativa
853 1265 1059 1318 coniunctione
1076 1264 1211 1317 iunctum

59 1338 87 1390 ie
105 1336 231 1390 denotat.
251 1337 287 1387 N.
307 1336 393 1392 Deor.
412 1336 434 1387 1.
453 1337 502 1392 ³7:
522 1352 570 1389 aec
588 1351 646 1389 eree
663 1337 695 1389 iu
714 1353 748 1389 ea
766 1335 874 1406 (specie
892 1334 952 1400 dei)
976 1334 1063 1389 ullam
1080 1335 1213 1388 solidita·

58 1414 122 1472 tem,
146 1424 228 1476 reque
252 1408 368 1459 eandem
392 1407 431 1459 ad
452 1422 592 1459 numerum
615 1422 784 1475 permanere.
822 1404 872 1458 Sic
888 1405 1026 1475 passim.“
1043 1405 1210 1474 Wopkens.
1279 1453 1280 1456 ,

58 1478 80 1530 1.
101 1495 123 1531 c.
151 1495 180 1548 p.
201 1480 244 1534 87.
274 1475 313 1548 [p.
337 1480 395 1534 119.
414 1477 458 1530 ed.
479 1476 585 1543 Hand]
622 1480 727 1532 Merito
750 1476 882 1530 defendit
905 1474 1015 1546 Wopk.
1042 1475 1209 1550 vulgatam:

61 1557 140 1602 recte
159 1565 217 1602 noo
236 1545 374 1601 defendit.
413 1549 516 1616 Neque
535 1549 613 1601 enim
633 1556 735 1602 nostro
760 1548 825 1601 loco
844 1548 987 1613 eademque
1011 1547 1133 1616 ponitur
1154 1561 1211 1616 pro

60 1637 158 1744 llll
173 1637 268 1742 ”55⁰⁰
286 1617 688 1760 lllltlilulltfll
705 1617 910 1760 'diffiniit
923 1616 1009 1742 llll
1027 1617 1212 1754 {ltili}

161 1729 166 1741 .
206 1729 229 1745 ..
260 1726 281 1754 ‚,
690 1732 697 1746 .
796 1730 803 1743 ·
924 1723 926 1729 ·
1245 1724 1262 1750 1

58 1760 210 1814 contabuit.
247 1759 295 1812 Sic
320 1762 352 1814 in
375 1761 440 1814 loco
469 1759 504 1813 de
529 1759 565 1811 N.
590 1760 625 1812 D.
650 1775 813 1830 pronomen
840 1758 976 1813 cohaeret
1000 1766 1067 1812 cum
1093 1759 1214 1812 notione

37 1831 143 1895 ‚vobi
167 1846 343 1897 permanere.
379 1831 567 1885 decentiores
593 1831 752 1902 scriptores
779 1831 854 1883 idem
877 1829 1054 1899 simpliciter
1075 1828 1215 1883 dixerunt

101 1918 119 1954 o
136 1904 172 1955 e‘e.
191 1899 250 1957 vid.
270 1903 385 1972 Lipsius
403 1902 438 1955 ad
456 1901 558 1966 Vellei.
577 1901 689 1955 Patere.
709 1901 748 1953 11.
766 1900 834 1958 lt.“
852 1896 937 1953 codd.
957 1898 1025 1954 Gud
1050 1903 1077 1956 2.
1097 1898 1215 1953 etGad.

10 1985 13 1989 ·
61 1920 172 2025 libent
196 1973 309 2025 eodem
332 1973 426 2036 eliani,
450 1971 598 2025 1111111011.
622 1971 710 2026 habet
733 1973 878 2040 redempte
907 1976 958 2036 et,
988 1969 1045 2026 duo
1070 1971 1248 2023 omittunt*
1320 2019 1322 2022 ,

61 2045 158 2107 etiam,
176 2060 261 2108 unus,
282 2048 407 2098 fortasse
426 2044 511 2107 idem,
531 2051 619 2112 quem
638 2043 754 2096 Balliol.
774 2042 847 2094 dicit
856 2041 941 2106 Dan,
958 2038 1046 2095 habet
1063 2057 1096 2094 eo
1113 2041 1216 2094 eleni·

61 2129 124 2181 que
141 2114 243 2176 etiam;
274 2133 349 2167 unus
368 2114 510 2168 concubuit
531 2129 586 2184 pro
603 2115 759 2177 mutulam
785 2112 861 2165 alius
885 2109 951 2164 linc
967 2127 1023 2181 pro
1040 2109 1113 2176 buit,
1136 2127 1214 2164 uuus

61 2183 118 2237 erit
141 2199 197 2254 pro
224 2191 288 2237 erat
315 2202 381 2239 cum
408 2188 483 2237 Mon.
508 2185 534 2240 2.
572 2183 676 2238 Nescio
694 2185 766 2255 quid
789 2183 946 2236 somniavit
962 2183 1046 2236 Verb.
1067 2182 1099 2235 in
1116 2198 1212 2256 marg.

62 2255 161 2308 dicens
180 2271 278 2308 vocem
297 2255 350 2309 illa
368 2259 437 2326 post'
452 2253 517 2309 buic
535 2269 596 2308 esse
615 2255 646 2307 in
666 2254 734 2309 (lod.
755 2254 837 2329 Reg„
856 2253 888 2304 in
906 2252 974 2306 aliis
992 2269 1052 2308 oon
1069 2269 1140 2306 esee.
1159 2251 1216 2304 Est

62 2327 143 2379 enim
170 2326 202 2377 in
224 2327 358 2378 omnibus
385 2327 502 2396 scriptis
530 2333 559 2379 et
583 2325 677 2379 editis.
715 2328 771 2379 l’ro
794 2323 917 2394 parate
935 2323 990 2376 duo
1009 2324 1080 2380 Oxx.
1105 2319 1215 2376 habent

60 2396 200 2461 continuo,
220 2397 299 2464 quod
317 2405 415 2450 ortum
434 2404 478 2450 est
497 2412 532 2449 ex
551 2396 711 2465 scriptione
728 2395 832 2448 cotidie
849 2395 977 2462 antiqua,
1002 2410 1089 2465 quam
1106 2389 1215 2448 liabent

62 2466 137 2519 Gud.
159 2470 183 2521 l.
203 2469 229 2522 2.
248 2466 348 2519 Duisb.
369 2475 398 2520 et
417 2484 490 2537 quae
509 2474 554 2520 est
572 2467 634 2518 sine
652 2466 738 2519 dubio
758 2465 846 2520 etiam
864 2465 896 2518 iu
913 2463 984 2540 Reg·
999 2463 1115 2535 Gryph.
1126 2465 1212 2520 nun.

61 2537 186 2606 aliisque
204 2537 304 2608 paullo
323 2539 541 2593 vetustioribus.
578 2537 636 2591 Mr.
805 2586 806 2591 ,
997 2583 1006 2592 .

134 2609 210 2663 Quae
228 2613 284 2660 tum
303 2609 419 2672 deuictae
437 2626 490 2662 aaa
508 2608 759 2675 appellabatur
774 2606 881 2675 receae]
916 2605 1149 2677 „deponendam
1168 2611 1215 2661 eet

61 2678 283 2746 appellatur.“
302 2679 384 2732 Leod.
405 2697 423 2732 o
443 2682 491 2751 Qu.
528 2678 735 2752 „leodegario
762 2679 912 2744 aQuercu
929 2677 1027 2747 placet
1050 2677 1215 2746 appellu-

63 2757 121 2802 tur
139 2766 249 2804 recent:
268 2749 345 2802 mihi
364 2750 560 2821 reponendum
579 2749 697 2803 videtur
715 2749 930 2818 appellabitur=
958 2747 1108 2824 vulgatam
1133 2748 1214 2801 enim

63 2819 222 2873 lectionem
241 2830 318 2874 stare
335 2836 393 2874 non
434 2838 497 2874 osse
519 2820 658 2886 drbitror,
684 2820 759 2873 licet
776 2837 838 2874 eain
856 2834 955 2872 oannes
982 2818 1078 2879 nostri
1096 2834 1215 2891 reprae-

62 2891 209 2943 sentent.“
238 2892 310 2944 Dar.
330 2891 362 2943 in
380 2840 434 2942 El.
456 2896 480 2946 Ι.
1030 2895 1032 2899 ”

133 2960 342 3032 Appellabatur
359 2961 467 3027 recena]
502 2959 552 3015 Sic
568 2961 669 3046 vulgo.
698 2957 767 3013 Bak.
784 2963 817 3012 'et
834 2958 905 3012 Med.
925 2960 1095 3029 appellatum
1145 2969 1214 3012 uam

62 3039 163 3085 tamen
187 3030 343 3084 lectionem
370 3038 485 3100 tempus
516 3039 717 3100 praeteritum,
740 3031 818 3100 quod
842 3030 941 3084 statim
969 3031 1111 3102 sequitur,
1175 3029 1217 3084 ud

62 3101 202 3155 admittit.
238 3100 406 3174 Lugendum
425 3101 621 3168 appellabitur,
639 3109 673 3173 ut
691 3101 841 3155 edidimus.
879 3100 915 3152 D.
1211 3120 1216 3137 ·

135 3170 352 3238 appellabatur
369 3171 475 3238 recena]
512 3172 605 3236 „Non
624 3171 763 3225 convenit
781 3170 988 3239 appellabatur
1005 3186 1072 3223 cum
1090 3167 1213 3228 exaruit.

62 3243 230 3318 Lugendum
249 3242 419 3311 appellatur,
436 3249 471 3295 ut
489 3249 531 3295 est
549 3241 581 3294 ia
598 3255 657 3293 uno
675 3240 754 3292 Leid.
775 3249 803 3294 et
821 3240 933 3310 aliquot
956 3240 1036 3304 aliis,
1061 3254 1132 3310 quos
1151 3239 1216 3292 lau·

62 3314 113 3366 dat
130 3312 201 3365 Dav.
229 3312 284 3379 Qui
303 3329 358 3365 cur
373 3313 549 3382 praetulerit
566 3311 766 3382 appellabitur
781 3310 913 3365 nescio.“
948 3308 1035 3364 Boub.

135 3382 327 3451 appellatur]
364 3385 456 3448 „Non
475 3384 571 3454 placet
590 3381 803 3452 appellabatur.
841 3379 964 3435 Deberet
982 3381 1064 3450 sequi
1087 3381 1216 3434 eramia-

63 3459 115 3509 eet.
152 3453 321 3529 Legendum
347 3453 560 3522 appellabitur,
589 3452 649 3517 vel,
673 3460 707 3504 ut
729 3461 772 3507 est
795 3453 826 3504 in
844 3453 901 3506 MS.
921 3451 989 3505 Bak.
1018 3450 1109 3518 [hunc
1136 3453 1216 3506 enim

63 3524 157 3578 solam
175 3524 311 3579 codicem
330 3525 434 3578 attulit
450 3526 519 3581 Dav.
540 3525 572 3577 in
589 3523 644 3576 tto.
663 3522 704 3591 2.]
723 3541 767 3594 ap.
786 3523 882 3576 Daris.
912 3530 941 3577 et
964 3523 1044 3575 Leid.
1069 3540 1114 3593 ap.
1139 3521 1214 3575 Β1111.

64 3597 254 3663 appellatur:
280 3594 928 3671 111111111εῶ111αάςε111111111111111111.
966 3593 1108 3646 Buherius
1131 3609 1216 3663 prae·

63 3668 125 3719 lert
151 3664 215 3718 hoc.
253 3666 307 3717 Nil
330 3666 463 3730 interest,
492 3667 550 3719 nisi
569 3666 645 3737 quod
665 3667 697 3719 in
722 3665 775 3719 illo
803 3663 960 3743 legendum
984 3664 1073 3717 etiam
1097 3664 1218 3716 videtur

64 3736 219 3789 exaruerit.
256 3734 358 3804 ltaque
376 3738 439 3807 ipse
456 3736 513 3790 hoc
529 3735 666 3808 praetuli.
698 3736 825 3790 Librarii
841 3734 981 3808 putabant
998 3752 1062 3788 rem
1080 3731 1115 3787 ad
1133 3734 1217 3788 illam
1253 3747 1260 3755 “

63 3807 263 3928 ῗεπεξξοηὲω
290 3802 325 3858 de
349 3805 509 3861 Artemisia
533 3808 697 3879 pertinere:
734 3808 834 3878 itaque
856 3823 894 3861 ex
918 3821 954 3863 eo
978 3807 1076 3860 fecere
1094 3806 1220 3874 appella·

81 3882 153 3928 atur.
238 3892 282 3926 ra.

127 3959 205 4014 puae
224 3951 283 3997 tum
300 3943 416 4015 denique
434 3963 487 4001 uon
506 3949 719 4018 appellatur
735 3947 841 4014 reeens]
877 3947 947 4001 (lod.
966 3947 1054 4002 111111.
1079 3955 1144 4001 tuac
1160 3961 1217 4018 pro

65 4023 134 4079 tum,
153 4034 228 4068 unus
247 4016 298 4068 01.
318 4021 417 4068 tamea.
453 4017 527 4070 Dedi
546 4027 643 4072 autem
661 4021 821 4088 appellatur
838 4036 905 4073 cum
922 4019 994 4072 nm.
1023 4025 1053 4071 et
1076 4036 1155 4090 seqq.
1180 4034 1217 4071 ax

60 4087 153 4141 codd.
174 4087 308 4152 laudatio,
333 4086 437 4155 quibus
455 4087 596 4142 accedunt
614 4088 688 4143 Gud.
718 4098 748 4144 et
766 4089 979 4160 quodammodo·
993 4085 1077 4139 Viud.
1099 4094 1140 4154 1.,
1164 4087 1217 4158 qui
1309 4074 1321 4093 ’

28 4208 32 4217 ,
67 4160 130 4212 eius
161 4157 298 4211 lectionis
324 4154 411 4209 habet
439 4157 489 4209 vel
519 4155 643 4233 glossam
674 4160 724 4214 vel
752 4162 964 4213 correctionem
991 4163 1140 4226 reputatur.
1180 4159 1217 4211 la

64 4230 187 4285 1111112.
217 4235 261 4281 est
287 4227 494 4296 appellabunt.
540 4229 606 4281 Mox
629 4229 704 4282 Gud.
722 4232 749 4285 2.
776 4228 894 4283 exhibet
922 4245 1003 4294 ouum
1030 4234 1218 4282 venustare

67 4302 187 4354 exaruit.
224 4299 252 4351 N
257 4315 294 4351 ec
320 4299 413 4366 igitur
437 4329 470 4340 -
498 4296 579 4350 Unus
597 4298 647 4351 Ox.
666 4298 752 4351 vind.
772 4302 798 4355 2.
817 4308 848 4354 et
866 4298 940 4352 Gud.
960 4297 1067 4353 habeut
1091 4298 1218 4350 consola-

64 4373 203 4424 tionum.
224 4369 294 4423 Dav.
314 4370 346 4422 in
364 4369 417 4421 Ed.
437 4372 463 4424 2.
483 4367 626 4433 Bentleio‚
644 4369 708 4422 sine
726 4368 823 4436 dubio,
851 4369 968 4423 iubente
985 4370 1065 4424 dedit
1090 4373 1147 4420 aut
1164 4366 1218 4419 lol-

60 4442 134 4495 lere.
171 4442 239 4496 Non
256 4441 342 4508 male,
361 4440 387 4495 si
405 4439 478 4497 libri
493 4438 671 4494 addicerent.
689 4439 766 4511 quod
784 4457 865 4496 mous
883 4448 936 4496 est.
952 4497 955 4506 ,
974 4437 1102 4494 11161111.
1123 4442 1148 4494 1.
1172 4441 1218 4497 ,est
