2842 5070
200 314 271 384 tes
403 311 633 376 monnonrs
654 308 902 379 nuscomn.
925 306 1157 375 ntsrornr.
1215 397 1219 402 .
1262 319 1266 323 >

202 478 318 561 opinio
348 497 464 541 recens
491 475 572 541 boni
600 480 795 560 praesentis,
828 479 864 539 in
892 494 957 559 quo
986 474 1102 536 efferri
1123 480 1256 535 rectum
1284 489 1358 533 esse

202 559 376 637 videatur3
398 568 507 639 metus,
528 562 645 643 opinio
665 560 887 642 impendentis
909 558 999 629 mali,-
1012 574 1014 579 ·
1029 553 1116 638 quod
1145 553 1359 617 intolerabile

201 659 273 704 esse
294 640 466 717 videatur,
496 642 609 719 libido,
639 645 752 724 opinio
773 642 911 706 venturi
931 640 1021 719 boni,
1042 634 1137 721 quod·
1158 639 1208 698 sit
1231 656 1271 698 ex
1293 655 1359 699 usn

141 725 182 782 15.
202 725 267 786 iam
289 721 449 808 praesens
476 744 547 787 esse
578 733 676 806 atque
697 724 821 787 adesse.
866 721 931 785 Sed
959 741 1042 804 quae
1063 718 1188 782 indicia
1210 737 1359 801 quasque

202 808 376 889 opiniones
396 807 689 890 perturbationum
711 827 781 869 esse
802 803 882 877 dixi,
914 823 982 866 non
1002 805 1037 865 in
1060 804 1108 865 eis
1127 803 1358 884 perturbatio-
1388 830 1391 843 v

202 908 262 953 nes
281 891 536 970 solum-positas
563 888 782 968 mendicant,
813 907 932 954 rerum
952 887 1011 948 illa
1031 886 1145 963 etiam,
1173 900 1257 965 quae
1284 885 1358 946 effi-

1278 1012 1358 1023 ——b—

274 1067 385 1127 demitti
401 1071 577 1143 contrahique
594 1073 726 1140 animo]
765 1074 890 1141 „Malim
908 1063 1087 1126 animosius
1110 1072 1142 1123 in
1164 1071 1356 1141 praecedente

203 1160 265 1214 cap.
284 1143 431 1210 habemus,
450 1144 608 1214 animosque
625 1145 775 1199 demittunt
793 1152 819 1198 et
836 1141 1007 1199 connotent.
1026 1138 1068 1196 De
1086 1141 1152 1194 Fin.
1163 1143 1196 1193 V.
1217 1144 1276 1197 15(
1285 1139 1357 1194 vicet

204 1213 391 1269 debilitantur·
403 1217 563 1283 animosque
581 1215 736 1274 dernittunt.
755 1217 849 1286 Epist.
870 1215 905 1268 ad
922 1214 953 1280 Q.
973 1215 1022 1266 Fr.
1042 1215 1065 1267 1.
1087 1217 1116 1267 l:
1136 1229 1220 1282 rogo,
1245 1228 1280 1265 ne
1293 1218 1358 1264 cott-

203 1283 305 1339 'traltas
322 1291 372 1338 out
396 1285 527 1340 demittas
551 1287 704 1340 animum.“
728 1286 873 1340 Peorcs'ue.
912 1284 1069 1350 „Pearcius
1091 1282 1212 1338 voleret·
1230 1282 1358 1337 animose

204 1357 253 1410 sed
270 1357 467 1432 nillinterest.
495 1356 553 1409 dici
570 1365 665 1428 potest
683 1355 811 1412 contrabi
829 1355 922 1410 altimo
941 1363 970 1408 et
993 1355 1118 1410 animos:
1150 1362 1246 1424 potest
1271 1354 1367 1407 etiam

204 1428 288 1498 plene
318 1426 423 1480 omitti.
460 1427 577 1481 Arsinoes
600 1435 697 1481 tamen
724 1426 829 1482 melius
852 1426 989 1480 convenit
1020 1425 1109 1480 verbo
1135 1424 1255 1479 demitti.
1303 1422 1359 1477 Sed

161 1547 166 1553 .
205 1498 273 1556 satis
296 1505 340 1551 est
365 1497 460 1550 animo
484 1496 619 1551 verbnm*
631 1498 768 1554 ultimum
804 1495 933 1552 contrahi
962 1496 1125 1550 convenire.
1134 1495 1153 1524 “
1182 1495 1252 1548 Erre.
1290 1493 1357 1556 (lod.

204 1568 291 1620 Vind.
312 1572 337 1624 1.
365 1575 393 1620 et
416 1569 469 1624 Ed.
490 1571 520 1620 P.
547 1567 657 1623 dernittt'
675 1597 708 1607 -
727 1569 886 1624 animum.
923 1566 1224 1621 Rehd.·bisinverso
1256 1565 1357 1618 ordine

204 1637 334 1693 oideobtr
358 1653 426 1691 esee.
462 1638 507 1691 An
529 1677 536 1690 .
561 1649 591 1692 et
616 1639 689 1693 Gud.
709 1643 735 1696 2.
764 1640 887 1695 dintitti.
925 1638 988 1691 Duo
1013 1641 1083 1692 (lxx.
1109 1637 1249 1689 omittunt
1272 1635 1359 1689 verba

205 1709 320 1763 taetitia
339 1736 372 1748 -
392 1724 453 1762 esse
474 1656 614 1763 videatur.
644 1711 717 1763 Gud.
738 1711 849 1764 omittit
871 1725 969 1763 recens
993 1706 1059 1762 an‘te
1086 1707 1161 1771 boni.
1199 1708 1279 1760 Idem
1295 1713 1359 1778 post

202 1777 363 1848 praesentis
380 1779 459 1833 addit
481 1780 556 1833 elata
580 1786 607 1833 et
628 1780 754 1849 gestiens
781 1789 810 1834 et
833 1781 946 1834 omittit
968 1780 1056 1853 verba
1080 1778 1113 1832 in
1137 1780 1306 1848 pio-efferri
1326 1800 1358 1820 ·-

204 1849 353 1903 tolerabile
379 1866 441 1904 esse
464 1849 605 1904 videatur.
639 1852 713 1904 Gud.
734 1854 760 1908 2.
784 1856 813 1905 et
835 1853 917 1918 ferri,
945 1858 1043 1903 ortum
1067 1848 1218 1903 videlieet
1231 1867 1267 1902 ex
1290 1848 1360 1901 scri·

204 1922 305 1992 ptione
324 1922 443 1990 antiqua
459 1921 574 1988 ecferri,
595 1938 680 1992 quam
696 1921 783 1976 habet
800 1922 867 1976 (lod.
889 1920 963 1974 Gud.
984 1927 1009 1976 1.
1029 1920 1174 1990 deditque,
1194 1921 1256 1974 sine
1274 1919 1359 1972 dubio

204 2004 242 2045 ex
265 1993 352 2066 Reg„
377 1990 519 2046 Davisius.
557 1992 702 2045 scribitur
724 1993 812 2045 etism
837 1991 967 2045 videatur
998 2007 1058 2045 ense
1085 1991 1117 2042 in
1139 1991 1206 2045 eoo.
1223 1990 1306 2044 Gud.
1332 1992 1359 2044 2.

180 2107 184 2110 .
205 2064 305 2136 Pergit
322 2063 397 2115 blon.
417 2066 443 2120 2.
462 2064 560 2117 Metus
579 2068 640 2115 est.
677 2064 759 2116 Unus
777 2065 828 2116 Ox.
842 2063 960 2115 omittit
977 2077 1048 2127 esse,
1067 2061 1139 2113 alius
1156 2061 1243 2120 verba
1268 2066 1359 2112 taetus

206 2162 240 2178 ·-
260 2133 402 2198 videatur,
413 2151 492 2202 quae
511 2133 659 2186 recentior
675 2151 774 2185 manus
792 2133 910 2187 addidit.
948 2132 1031 2184 Alius
1050 2133 1100 2188 Ox.
1125 2147 1181 2184 non
1198 2130 1285 2182 babet
1302 2129 1359 2180 t'm-

204 2203 361 2272 pendentis.
398 2206 452 2257 Pro
471 2203 561 2257 libido
580 2204 653 2256 Gud.
676 2207 699 2257 l.
719 2212 748 2256 et
764 2207 792 2258 2.
817 2202 929 2256 lubido:
959 2203 1008 2255 sed
1031 2203 1063 2253 in
1087 2201 1183 2272 priore
1207 2200 1360 2252 abeodem
1375 2193 1390 2221 χ

106 2279 111 2286 ’
206 2291 293 2328 manu
310 2283 473 2327 correctum
491 2283 543 2326 est.
578 2276 633 2326 Pro
651 2273 762 2327 venturi
779 2274 835 2327 duo
854 2275 923 2328 Oxx.
943 2274 1051 2345 peioris
1068 2281 1151 2327 notae
1170 2288 1237 2329 cum
1253 2270 1307 2324 Ed.
1327 2272 1358 2322 P.

207 2346 290 2410 (Ven.
309 2345 383 2408 Alt.)
401 2343 503 2408 futuri.
534 2346 609 2397 Mon.
628 2346 654 2398 2.
673 2344 813 2410 foturis.
851 2345 913 2398 Mr.
1011 2386 1019 2396 .

209 2448 211 2454 ·
271 2432 352 2501 prod
369 2430 408 2484 eit
426 2446 461 2485 ex
477 2446 530 2484 osu
547 2431 607 2484 iam
621 2441 758 2499 praesent
776 2449 836 2487 esse
855 2438 939 2502 atque
958 2430 1065 2497 adesse]
1098 2467 1117 2498 „
1125 2431 1144 2483 i.
1165 2447 1188 2484 e.
1209 2429 1285 2500 quod
1303 2429 1361 2482 iam

206 2501 302 2556 edesse
320 2502 400 2555 nobis
416 2502 599 2573 'expediretfl
618 2502 755 2572 Hotting,
777 2504 968 2570 „Schellerus
986 2505 1017 2555 in
1036 2503 1111 2557 Obss.
1131 2503 1162 2553 in
1179 2499 1232 2571 pr.¹
1245 2500 1359 2569 scripit.

206 2590 236 2644 p.
256 2576 316 2630 226.
345 2573 379 2626 ad
401 2573 499 2626 locum
520 2572 560 2625 da
580 2572 634 2626 off.
654 2575 676 2627 l.
696 2577 722 2630 4.
749 2578 791 2630 ll.
811 2603 825 2616 -
842 2576 915 2642 quod
939 2572 1008 2626 boec
1031 2573 1137 2640 (belua)
1160 2573 1199 2624 nd
1223 2571 1257 2625 iet
1273 2570 1361 2623 solum

208 2644 283 2715 qood
299 2644 379 2698 adest
396 2644 518 2713 quodque
533 2659 667 2711 praesens
685 2652 734 2710 est,
752 2660 783 2696 ee
801 2645 1004 2698 accornmodot:
1024 2644 1095 2696 baec
1114 2651 1244 2695 annotat:
1264 2656 1362 2710 „ouo-

207 2715 291 2769 modo
314 2714 453 2768 differunt
477 2715 548 2782 quod
570 2714 649 2767 adest
673 2724 702 2767 et
720 2715 795 2786 quod
809 2731 946 2785 praesens
963 2715 1024 2768 est?
1060 2715 1244 2767 Alterutrum
1268 2713 1361 2765 abesse

207 2785 328 2869 possit.“
361 2787 454 2838 Locus
471 2802 553 2838 sanus
579 2794 630 2838 est.
666 2786 706 2838 Et
720 2784 860 2839 differunt
880 2787 953 2839 haec
979 2783 1066 2838 verba
1093 2785 1279 2854 (quamquam
1306 2782 1363 2834 hoe

202 2874 304 2925 ·spsum
326 2864 413 2930 negat
436 2857 523 2909 etiam
544 2856 689 2921 Beierus),
721 2873 815 2926 neque
838 2857 1011 2910 alterutrum
1040 2855 1192 2908 delendum
1212 2863 1263 2910 est.
1301 2853 1362 2908 Gfr.

134 2937 135 2940 ’
208 2926 292 2981 [ruso.
312 2927 360 2979 IV.
380 2931 406 2981 7.
424 2930 474 2982 tt:
495 2927 616 2996 quod-
633 2942 770 2996 praesens
788 2942 848 2981 eese
867 2935 950 2998 atque
970 2927 1083 2980 'adesse
1108 2926 1150 2979 D'e
1169 2927 1255 2980 Finn.
1276 2925 1298 2976 1.
1319 2927 1361 2978 17.

176 3035 179 3038 >
209 2998 259 3053 ⁵⁵2
288 3012 403 3076 corpore
425 2994 507 3064 nibil,
531 2996 590 3052 nist
609 3013 741 3067 poaeaeos
766 3005 793 3050 et
811 2999 882 3068 qnod
900 2999 988 3062 adest,
1016 2997 1125 3050 sentire
1147 3011 1295 3065 possumus
1314 3010 1366 3056 -3

209 3066 259 3119 ubi
271 3067 399 3136 pulchre
417 3068 491 3120 vidit
508 3069 640 3122 Bremius
655 3083 791 3137 praesens
808 3069 844 3121 ad
860 3078 983 3139 tempus,
1006 3069 1088 3120 adest
1106 3067 1141 3120 ad
1163 3068 1261 3118 locum
1288 3066 1365 3117 refe-

210 3137 331 3191 rendum
350 3138 439 3192 esse.“
460 3138 559 3209 lsogel.
588 3140 620 3190 in
638 3140 713 3194 obss.
740 3140 775 3193 ad
793 3139 852 3193 Cio.
878 3139 1000 3206 (Prolus.
1021 3139 1137 3209 Bipont.
1160 3136 1248 3201 1830.)
1270 3153 1299 3204 p.
1318 3135 1364 3191 25.

209 3226 262 3278 sqc
277 3236 310 3247 -
342 3211 396 3263 Pro
415 3209 457 3263 sit
473 3228 547 3262 unus
566 3209 615 3264 Ox.
639 3209 704 3277 ecit,
732 3213 808 3264 lton.
829 3213 855 3268 2.
879 3209 979 3264 scitur.
1008 3209 1082 3264 Gud.
1103 3211 1128 3264 2.
1157 3207 1268 3259 omittit
1294 3205 1364 3259 eoin.

209 3281 290 3334 Unus
309 3281 358 3334 Ox.
376 3279 462 3335 habet
480 3282 584 3335 abesse.
621 3282 682 3336 Mr.

216 3414 219 3419 .
281 3367 337 3422 Sed
354 3385 424 3439 quae
446 3368 558 3424 iudicia
576 3365 790 3436 -'effics'uotur
813 3363 1086 3436 perturbationibus]
1121 3363 1209 3415 Recte
1237 3363 1372 3430 explicat·

126 3471 128 3476 -
210 3437 320 3491 iithn:
348 3439 448 3507 Stoici,
467 3442 505 3493 in
518 3441 555 3492 iis
572 3439 689 3497 iudiciis
707 3437 955 3509 opinionibusque,
975 3454 990 3490 e
1009 3434 1110 3506 quibus
1169 3430 1367 3487 rturbationes

205 3511 288 3567 ,nasci
306 3510 378 3577 dixi,
397 3527 455 3564 non
472 3510 656 3579 solumipsas
673 3508 902 3579 perturbationes
919 3507 1024 3578 positas
1043 3520 1111 3568 esse,
1150 3502 1240 3565 icunt,
1259 3520 1366 3557 verum

211 3579 263 3633 illa
282 3581 376 3648 etiam,
405 3599 477 3651 quae
496 3579 666 3645 efficiuntur
683 3577 954 3650 perturbationibus.
993 3574 1109 3628 Similes
1136 3573 1365 3629 constructiones

211 3649 366 3705 ¹verborum
386 3650 617 3705 ·laudat'Ochsn.
646 3667 681 3702 ex
714 3651 749 3702 de
772 3648 868 3701 Divin.
893 3647 931 3703 ll.
958 3648 1002 3702 26.
1037 3644 1096 3710 [ubi
1121 3644 1179 3699 vid.
1208 3661 1253 3695 an.
1273 3654 1364 3698 nostr.

211 3718 836 3794 p.389.].0ffic.111.nt.ds1.egg.11.5.
862 3717 922 3783 [ubi
938 3716 997 3773 vid.
1016 3715 1171 3787 Wyttenb.
1201 3715 1243 3766 ed.
1272 3723 1362 3768 nostr.

106 3826 110 3832 -
211 3795 308 3846 etCr.
327 3811 355 3863 p.
378 3790 450 3856 182]
473 3791 594 3843 Confert
612 3790 699 3842 etiem
717 3789 751 3841 de
769 3789 806 3840 N.
825 3787 860 3840 D.
880 3788 932 3842 111.
954 3791 995 3844 16.
1015 3791 1058 3845 41.
1084 3787 1146 3839 Duo
1166 3785 1235 3838 Oxx.
1254 3787 1365 3856 peioris

212 3864 340 3916 familiae
367 3869 396 3914 et
414 3865 488 3913 lllon.
510 3864 534 3915 1.
561 3859 667 3912 babent
691 3857 943 3927 perturbationem
968 3874 1028 3913 esse
1046 3857 1124 3912 dixi:
1150 3865 1179 3911 et
1204 3857 1246 3908 sic
1274 3856 1365 3910 edidit

213 3933 362 3989 rAwolf.
379 3931 411 3981 in
428 3931 481 3982 Ed.
501 3933 530 3985 2ε
555 3930 603 3982 sed
621 3945 774 4000 operarum
793 3946 900 3983 errore.
937 3931 998 3985 Mr.
1259 3937 1260 3941 ’

210 4031 213 4037 .
283 4000 338 4054 illa
357 4030 391 4042 -
409 3999 668 4071 qnoeeffieiuntur]
705 4000 749 4068 „i.
769 4016 793 4053 e.
815 3999 943 4067 effectus.
979 4000 1085 4054 Amant
1103 3998 1200 4052 Latini
1224 3997 1365 4050 eiusmodi
1409 4041 1414 4058 ,

213 4065 394 4196 {iiiiii}
420 4088 549 4198 titt
562 4068 1366 4199 ti.t*.t¹²³i.⁰l¹'³t²²¹sttttt.⁸⁵¹t⁰tt⁰l³ttlttt

110 4201 115 4206 ¹
211 4224 259 4268 rat
277 4224 371 4266 rerum
397 4216 428 4268 in
446 4213 509 4269 illie
526 4214 627 4268 etiam:
658 4214 775 4268 addens:
799 4213 865 4267 nem
890 4231 957 4268 cum
975 4213 1154 4297 Chrysippus
1180 4210 1240 4264 sole
1258 4209 1366 4262 iudicia

213 4285 442 4357 perturbationes
458 4302 526 4341 ,esse
548 4286 692 4351 statuerit,
716 4288 816 4340 Zenon
832 4286 941 4356 aliique
960 4285 1047 4336 multi
1071 4299 1129 4335 non
1152 4300 1184 4335 ea
1202 4280 1294 4346 modo,
1316 4279 1366 4334 sed
1403 4320 1406 4330 .

215 4366 250 4411 et·
267 4373 378 4415 eorum,
390 4355 510 4411 effectus
534 4357 591 4411 hoc
616 4357 734 4410 nomine
767 4356 915 4410 donabant.
956 4356 1037 4409 Idem
1052 4353 1170 4406 ibidem
1188 4352 1366 4405 Ciceronem

209 4434 315 4483 'contra
339 4427 509 4484 salmasium
532 4436 561 4482 et
584 4429 749 4503 ltlenagium
772 4427 949 4496 detenderet,
977 4424 1128 4492 Graviter,
1153 4423 1261 4491 dicens,
1294 4422 1365 4492 lspsi
