2842 5070
495 310 731 400 ‘n1nun1v‚
753 325 804 387 ae.
828 326 878 387 ar.
916 352 933 383 ,ι
1218 326 1281 390 soa

122 485 226 549 nimia
255 487 401 549 resecari
433 496 612 569 oportere,
637 488 803 550 naturalia
837 483 995 570 relinqui:
1017 486 1119 570 *quid
1146 485 1280 551 tandem

123 572 325 651 potestesse
347 569 512 648 naturale,
543 568 744 650 quodidem
765 571 904 630 nimium
933 589 1004 632 esse
1032 567 1168 652 possiti?
1186 569 1283 634 Sunt

123 653 213 713 enim
235 653 346 712 omnia
367 654 433 713 ista
454 672 495 715 ex
516 667 673 714 errorum
695 660 769 713 orta
791 650 983 733 radicibus:
1007 672 1092 733 quae
1113 652 1283 716 evellenda

124 741 158 794 et
186 733 388 796 extrahenda
418 735 562 814 penitus,
596 753 663 796 non
691 733 959 797 circumcidenda
987 754 1049 798 neo
1079 734 1282 817 amputanda

125 823 211 876 sunt.
341 845 344 847 Α
938 854 940 859 -

206 896 272 958 Sed
293 901 449 980 quoniam
470 901 623 981 suspicor
646 910 678 961 te
693 920 767 979 ¹non
780 909 863 978 ‚tam
878 900 919 963 de
941 902 1099 981 sapiente,
1120 919 1218 980 quam
1240 898 1282 961 de
1304 903 1346 966 27

123 989 157 1043 te
180 984 252 1064 ipso
274 1001 452 1064 quaereret
476 983 569 1044 illum
591 984 679 1045 enim
702 991 797 1064 putas
821 985 910 1044 omni
937 984 1200 1066 perturbatione
1214 1001 1284 1047 esse
1302 987 1345 1042 58.

1289 1058 1368 1121 pm.

1318 1129 1342 1164 a.

135 1107 184 1114 uu.-

123 1169 207 1222 vind.
235 1174 260 1224 1.
284 1169 310 1221 2.
338 1168 363 1220 A
405 1208 411 1220 .
437 1163 527 1222 Rehd.
555 1169 628 1222 Gud.
656 1169 753 1220 Duisb.
780 1178 811 1222 et
833 1171 975 1237 omnibus,
1002 1175 1036 1224 ul
1058 1172 1184 1234 videtur,
1213 1168 1282 1224 (lxx.

124 1240 253 1309 itemque
279 1241 310 1291 in
332 1240 376 1291 Ed
397 1277 403 1290 .
425 1239 457 1292 C.
475 1242 508 1292 V.
533 1239 601 1293 Rob.
632 1236 732 1310 steph.
761 1241 859 1296 Herw.
886 1242 972 1294 heod.
998 1241 1088 1297 Gebb.
1118 1242 1191 1295 Lali.
1212 1243 1284 1294 Ern.

123 1328 183 1380 sqq.
221 1310 257 1362 In
283 1310 404 1379 reliquis
423 1310 494 1362 Edd.
523 1313 593 1363 vett'.
621 1314 672 1363 est'
692 1317 783 1379 atque.
821 1312 894 1364 Male
920 1312 1113 1388 aVerburgio
1142 1313 1173 1363 in
1191 1330 1283 1385 marg-z

124 1382 221 1445 scribi,
245 1382 409 1433 Bentleium
438 1381 555 1435 eiecisse
573 1380 692 1449 aliquid,
718 1382 798 1434 vides
817 1399 852 1434 ex
871 1383 932 1434 eius
960 1391 1055 1435 annot.
1093 1385 1210 1435 Praeter
1229 1382 1302 1444 eos,

125 1469 195 1520 quos
215 1451 285 1516 dixi,
305 1451 392 1504 Codd.
419 1467 516 1504 omnes
540 1467 595 1520 pro
614 1453 641 1504 ei
657 1451 764 1508 babent
793 1457 830 1514 et,
856 1451 985 1520 itemque
1008 1453 1079 1505 Edd.
1097 1455 1128 1508 P.
1148 1453 1183 1510 A.
1202 1454 1234 1509 B.
1255 1453 1284 1507 S.

124 1524 158 1578 E.
185 1523 215 1576 G.
235 1523 268 1573 V.
292 1522 360 1576 Rob.
387 1522 486 1590 steph.
508 1523 606 1574 Herw.
632 1522 714 1573 Juut.
739 1521 802 1576 Asc.
823 1527 847 1575 l.
868 1524 893 1576 2.
932 1522 967 1572 ln
991 1523 1063 1576 Eddl
1089 1523 1174 1576 Leod.
1201 1524 1285 1576 Boul.
1392 1584 1396 1588 p

124 1593 189 1646 Ald.
216 1594 297 1648 Brut.
326 1593 390 1647 Car.
417 1592 518 1662 Stepb.
540 1591 658 1644 Larnbb.
688 1591 775 1643 Goth.
796 1595 832 1644 Μ.
851 1592 924 1644 Lali.
945 1592 981 1658 ei,
1011 1592 1058 1644 cui
1074 1591 1149 1646 nibil
1167 1595 1286 1647 subitum

125 1671 175 1728 eat,
203 1665 276 1730 quod
295 1663 475 1730 -itemque
500 1663 585 1730 Bipp.
612 1669 641 1713 et
652 1661 798 1725 -ymannhq
835 1663 866 1713 in
890 1663 960 1715 Dav.
991 1664 1075 1716 Grut.
1101 1664 1185 1715 Verb.
1212 1663 1284 1716 Em.

125 1734 215 1786 Nbbb.
239 1734 312 1786 Tbn.
339 1741 382 1785 est
401 1736 468 1798 tale,
494 1740 518 1785 et
538 1731 586 1784 cui
605 1730 685 1796 nibil,
713 1733 785 1799 qaod
804 1765 836 1776 --
854 1737 957 1799 possin
985 1733 1135 1788 FAWolfi
1157 1737 1204 1786 Or.
1231 1733 1303 1807 tale!

126 1806 162 1870 ee',
182 1806 238 1861 cui,
254 1803 327 1858 nibil
345 1836 375 1845 -
398 1803 462 1867 [non
478 1803 714 1870 praemeditatum
737 1802 798 1867 etrJ.
837 1804 917 1855 Idem
941 1803 1026 1857 habet
1044 1805 1096 1858 Ed.
1118 1803 1202 1859 Scbz.
1223 1813 1287 1858 'nec

124 1892 195 1929 vern
212 1875 298 1926 verba
316 1875 431 1936 ultima,
451 1881 522 1940 quae
541 1873 701 1926 certissime
720 1881 787 1925 sunt
805 1873 983 1947 glossatoris,
1002 1874 1115 1926 uncinis
1135 1875 1288 1928 inoludun-
1400 1885 1402 1890 '

126 1954 183 1997 tur.
219 1945 345 1999 Bentleii
368 1944 598 1997 emendationem
624 1944 736 2012 recepit
753 1944 821 1994 Dav.
851 1945 882 1995 in
900 1945 952 1997 Ed.
973 1947 999 1999 2.
1036 1945 1130 1998 Verba
1154 1945 1216 2010 illa,
1243 1947 1288 1998 in-

125 2018 204 2069 clusa
223 2015 297 2085 apud
314 2016 469 2077 Wolfium,
489 2023 556 2066 sunt
583 2013 673 2082 etiam
695 2015 727 2066 in
746 2031 837 2088 marg.
859 2014 926 2067 eod.
945 2015 1029 2069 Bern.
1058 2025 1086 2069 et
1110 2032 1202 2090 marg.
1227 2016 1284 2070 MS.
1343 2038 1347 2043 ·

125 2088 169 2140 ed.
188 2095 283 2139 nostr.
310 2086 373 2147 Aac.
394 2089 420 2141 2.
449 2085 517 2138 Cod.
544 2088 619 2137 Mon.
640 2087 665 2139 2.
692 2085 804 2137 omittit
831 2083 915 2148 nibil,
939 2086 971 2135 in
999 2086 1128 2155 quinque
1148 2087 1217 2139 Oxx.
1244 2095 1288 2140 est

125 2156 199 2212 nibil
216 2173 335 2210 novum
351 2156 386 2208 si
393 2163 404 2208 t
423 2156 504 2225 prend,
524 2156 555 2206 in
573 2171 631 2208 uno
651 2163 679 2206 et
698 2158 773 2207 Mon.
796 2160 835 2220 l·.;
856 2154 928 2208 nibil
945 2156 1067 2209 subitam
1082 2162 1133 2222 est,
1153 2157 1227 2225 quod
1238 2171 1285 2225 -3

126 2229 158 2280 in
176 2229 232 2281 alio
252 2230 304 2283 Ox.
323 2228 473 2280 omittitur
490 2224 611 2290 boneini;
636 2226 713 2290 alius·
729 2226 789 2277 eius
807 2226 872 2278 loco
889 2226 975 2278 babet
1001 2227 1113 2280 denum.-
1138 2245 1212 2279 unus
1236 2229 1286 2282 Ox.
1368 2268 1372 2280 s

126 2308 190 2422 ppst
206 2301 296 2367 possit
312 2299 413 2422 pprgit
431 2313 486 2349 non
502 2295 744 2364 praemeditatum,
773 2296 846 2351 alius
865 2313 898 2350 ne
913 2311 1020 2364 praem.
1041 2314 1108 2350 oum
1122 2299 1215 2351 liehd.
1236 2299 1288 2368 qui

126 2388 142 2421 a
164 2372 208 2423 dit
226 2372 271 2422 eit.
348 2386 372 2420 r.
810 2395 812 2401 ·
963 2416 964 2420 ,
1222 2396 1223 2400 =
1256 2409 1259 2415 .

195 2438 269 2494 Nam
287 2440 360 2508 quod
378 2439 466 2501 aiunt,
487 2437 576 2492 nimia
587 2438 713 2493 resecari
722 2439 870 2507 oportere]
896 2439 940 2492 Ad
957 2441 1114 2492 formulam
1132 2440 1288 2509 Namquod
1362 2465 1366 2471 ¹

127 2512 207 2566 aient
234 2511 291 2562 vid.
318 2516 414 2561 annot.
435 2508 470 2560 ad
488 2509 548 2573 1113
574 2512 682 2568 anta.
700 2510 749 2563 ubi
768 2511 867 2563 eadem
884 2511 970 2579 plane
995 2519 1045 2564 est.
1060 2543 1064 2549 -
1077 2511 1144 2564 God.
1165 2514 1239 2564 Mon.
1261 2515 1285 2568 1.

127 2581 243 2636 exhibet
260 2580 335 2634 Nam
360 2579 471 2649 pridem
494 2580 583 2645 aiunt,
612 2580 644 2630 in
666 2593 722 2633 uno
742 2581 794 2634 Ox.
813 2589 856 2633 est
873 2596 1021 2635 resecare.
1047 2581 1100 2634 Ed.
1120 2583 1155 2634 Ε.
1184 2589 1287 2634 viatere

126 2652 212 2705 alia.
234 2651 301 2720 cod.
321 2652 409 2705 liehd.
430 2651 523 2719 linqui
538 2666 592 2719 pro
611 2650 741 2720 relinqui.
779 2653 859 2705 Unus
879 2652 929 2705 01.
951 2661 980 2704 et
998 2652 1050 2705 Ed.
1077 2653 1110 2704 E.
1140 2651 1199 2719 qni
1225 2658 1288 2705 ten·
1334 2707 1337 2714 ,

128 2726 197 2777 dem.
235 2722 327 2776 Verba
355 2722 423 2790 quid
449 2749 481 2760 -
506 2723 635 2775 naturale
665 2721 768 2774 desunt
798 2722 835 2785 in⁴
855 2722 924 2776 eod:
954 2723 1030 2776 Gud.
1055 2725 1081 2787 2.
1127 2720 1208 2776 Unus
1236 2723 1286 2778 Ox·

127 2794 238 2848 omittit
259 2809 324 2846 esse.
362 2793 398 2844 In
416 2792 484 2845 (lod.
505 2792 579 2846 Gud.
599 2793 710 2866 legitur
725 2791 817 2862 possit
831 2802 904 2845 'ease
941 2794 1002 2846 Mr.
1295 2785 1299 2805 ’

198 2864 269 2919 Sunt
287 2862 362 2918 enim
381 2863 475 2917 omnia
494 2863 604 2915 istaes
623 2879 754 2915 errorum
772 2871 835 2916 orta
862 2861 1043 2928 radicabunt]
1081 2866 1188 2929 „Unus
1205 2864 1285 2918 Leid.

128 2944 158 2988 et
176 2935 219 2987 ed.
239 2952 303 2986 mea
320 2942 379 2985 vet.
399 2933 509 3001 aliquot
527 2932 577 2985 all.
595 2949 764 3002 perperam,
783 2936 965 2987 estanores
983 2935 1158 2988 naturalibus
1182 2934 1288 3001 caeeis,

126 3006 177 3060 aed
196 3021 230 3057 ex
248 3021 377 3057 errorum
395 3003 472 3056 cet.“
489 3000 580 3058 Boub.
600 3004 751 3068 „,Eodem
770 3003 962 3058 additamento
992 3005 1178 3058 balbutientis
1197 3006 1289 3058 libra-

127 3077 168 3128 rii
187 3083 337 3127 oneratum
355 3074 440 3126 hebet
458 3074 629 3127 Ciceronem
646 3074 700 3126 Ed.
719 3074 855 3141 Froben,
884 3077 960 3144 quod
977 3075 1197 3128 etiamMSStos
1208 3075 1286 3128 ,Pall.

127 3163 182 3200 sec.
204 3145 297 3214 quint.
318 3143 498 3200 infestavit.“
518 3144 589 3197 Dav.
608 3142 640 3194 in
658 3144 710 3196 Ed·
734 3149 757 3199 l.
787 3145 939 3209 „Vatican
961 3160 1031 3213 quae
1048 3145 1189 3197 euellenda
1206 3146 1288 3213 peni-

129 3224 187 3270 tas.
208 3216 264 3268 duo
282 3215 352 3266 Pall.
372 3232 426 3267 sec.
448 3215 542 3283 quint.
562 3214 728 3266 luxuriant:
748 3221 811 3268 sunt
830 3214 906 3267 enim
924 3215 1019 3268 omnia
1037 3215 1096 3266 ieta
1113 3233 1168 3268 non
1186 3231 1221 3268 es
1239 3232 1290 3269 na.-
1399 3266 1406 3272 .

128 3286 269 3340 toralibus
288 3284 394 3352 causis,
414 3316 447 3326 -
466 3286 517 3337 aed
536 3300 569 3337 ex
588 3283 660 3334 -.“
679 3284 815 3338 Gebhard.
832 3285 923 3347 ,idem
942 3286 973 3336 in
992 3285 1166 3353 crepundiis
1184 3303 1212 3356 p.
1224 3287 1277 3349 504
1308 3300 1311 3305 ·

127 3360 220 3411 refert
238 3358 269 3408 in
287 3357 379 3425 tribus
397 3354 475 3410 MSS.
494 3355 565 3427 Pail-
585 3371 644 3407 esse
662 3356 795 3409 bellende.
833 3355 946 3409 Habent
964 3356 1046 3407 istam
1064 3355 1187 3429 glossam
1205 3353 1290 3427 quin-

148 3446 184 3481 ue
202 3445 306 3482 vocum
318 3427 413 3480 etiam
426 3435 490 3480 xtres
510 3426 578 3478 Oxx.
599 3424 672 3498 Aug.
691 3444 782 3501 marg.
809 3425 869 3480 MS.-
893 3426 947 3480 Ed.
967 3424 1030 3478 Asc.
1056 3428 1194 3481 nostr-2.
1213 3425 1287 3492 Edd,
1357 3455 1358 3458 ¹
1403 3459 1404 3462 =

128 3447 156 3554 g.
176 3500 211 3551 E.
245 3498 386 3552 'Vellendu
403 3513 458 3568 pro
477 3497 617 3550 evellenda
636 3496 723 3551 habet
741 3497 828 3550 etiam
845 3515 925 3565 unus
937 3497 987 3550 Ox.
1008 3514 1074 3549 oum
1090 3497 1161 3553 cod.
1171 3498 1287 3564 Momm

127 3569 191 3623 sunt
208 3569 316 3625 omittit
334 3568 402 3621 God.
422 3568 506 3625 Vind.
525 3573 561 3634 1.,
581 3569 612 3621 in
629 3584 687 3621 uno
707 3568 757 3621 Ox.
785 3577 827 3620 est
851 3568 1012 3620 exuenda
1036 3570 1159 3634 peritum
1181 3568 1214 3619 in
1231 3568 1289 3621 alio

129 3636 301 3694 extrahenda
324 3636 527 3702 radicitue3
565 3638 597 3689 in
621 3638 694 3694 Gud.
722 3642 748 3694 2.
777 3639 997 3692 evellendam
1025 3654 1102 3691 eoae
1129 3639 1199 3690 escle.
1225 3654 1287 3705 pen.

127 3710 222 3765 Marb,
236 3724 300 3762 non
324 3709 496 3778 amputanda
519 3727 586 3762 cum
604 3711 680 3763 Mon.
701 3714 732 3776 13
757 3710 844 3763 Marb.
864 3723 907 3762 ae
933 3709 1121 3777 amputarem
1145 3726 1218 3760 unus
1238 3710 1287 3763 Ox.
1392 3736 1396 3748 ‹

129 3798 180 3836 nec
197 3796 286 3834 nunc
303 3778 491 3848 amputandae
521 3781 582 3832 Me.
1246 3802 1248 3806 >
1305 3776 1313 3784 '

201 3887 224 3922 c.
244 3869 289 3924 27.
327 3867 383 3921 Sed
406 3867 537 3935 qnoniam
560 3867 687 3937 auspicor
711 3875 738 3922 te
760 3885 821 3923 non
844 3870 918 3935 tam]
954 3872 1036 3924 Unus
1061 3871 1111 3924 Ox.
1143 3886 1197 3924 non
1223 3872 1289 3924 ite·

129 3941 211 3996 Male.
233 3940 370 3991 ‘Locutio
389 3955 442 3992 non
460 3946 516 3992 tem
535 3939 670 3992 Ciceroni
687 3940 841 3993 admodum
860 3941 1022 3994 familiaris
1046 3941 1110 3997 tid.
1130 3941 1288 3994 Tursellin.

129 4015 164 4066 cle
182 4010 339 4134 Partich.
357 4013 409 4066 983
429 4027 470 4078 sq.
500 4009 542 4062 ed.
570 4009 643 4061 Ern.
664 4012 742 4066 1751.
779 4013 814 4063 ln
839 4027 896 4064 uno
916 4012 966 4065 Ox.
987 4012 1066 4065 deest
1083 4028 1152 4068 >ease
1169 4021 1235 4065 ante
1254 4014 1290 4067 b·-

129 4084 331 4138 berum.'r.
929 4091 977 4110 ’·

106 4178 111 4183 ·
200 4152 283 4206 ittam
301 4149 374 4214 enim
390 4155 476 4218 patae
494 4177 528 4188 -
547 4165 607 4203 esse
626 4148 754 4215 liberum,
774 4156 801 4204 te
818 4150 883 4216 eia]
920 4151 1015 4216 „Ant
1041 4152 1219 4228 Augustinus
1232 4155 1294 4206 >de-

129 4227 174 4278 let
191 4228 335 4294 postrema
352 4223 449 4286 verba,
468 4226 495 4274 te
513 4220 572 4274 oie.
592 4220 625 4277 in
642 4239 730 4273 manu
749 4222 864 4292 seriptis
882 4230 941 4274 est:
967 4221 1097 4290 liberum,
1125 4228 1170 4279 oia
1193 4223 1292 4276 videa·
1317 4252 1325 4258 -
1373 4256 1375 4260 »

130 4294 224 4348 mue.“
241 4294 344 4348 'Ursim
382 4293 449 4358 „Te
472 4293 526 4358 via,
554 4308 593 4344 sc.
618 4308 678 4346 esse
697 4292 828 4345 liberum
856 4293 934 4347 omni
960 4295 1189 4363 perturbatione,
1213 4294 1290 4345 sieut

131 4374 213 4437 putas
233 4383 292 4419 esse
310 4363 500 4436 sapientem.“
518 4364 601 4416 Bere.
639 4363 794 4417 Neminem
812 4364 918 4434 opinor
934 4366 1120 4434 probaturum
1133 4365 1178 4417 Au
1220 4363 1290 4415 stini

107 4446 112 4450 '
130 4438 335 4496 coniecturam.
360 4434 562 4490 Existimabat
585 4435 718 4502 fortasse,
737 4435 854 4506 requiri
880 4433 915 4489 ad
936 4452 1008 4504 eam,
1037 4443 1124 4506 quam·
1146 4451 1182 4490 vo
1195 4450 1288 4499 umus,
