2842 5070
212 298 277 366 446
420 294 653 361 CICERONIS
665 283 1172 363 *roselinumotsruffi

215 471 267 524 est
286 463 460 524 amatoria
510 460 659 525 Maximo
672 481 765 525 ¹vero
792 464 940 526 omnium
961 466 1119 550 flagrasse
1136 482 1263 527 amore
1285 462 1374 528 nus.

213 547 329 630 girum
351 544 500 625 Ibycum,
516 555 661 627 apparet
681 564 721 606 cx
741 547 887 624 scriptis.
1372 582 1375 589 =

296 625 404 709 Atque
424 627 545 687 horum
567 628 715 688 omnium
736 627 934 690 libidinosos
955 648 1025 690 esse
1045 647 1175 691 amores
1202 628 1374 692 videmus.

213 707 409 790 Philosophi
429 729 543 770 sumus
563 712 686 786 exorti,
708 707 758 786 (ct
775 717 914 772 auctore
934 711 1068 792 quidem
1091 719 1209 774 nostro
1221 712 1374 791 Platone,-

285 878 402 947 scripsit
425 876 566 945 Alcaeus]
603 878 681 943 „Pro
704 877 806 932 scribit
832 897 847 932 e
871 880 929 935 M&
957 880 1097 940 Corradus
1121 881 1234 948 Quaest.
1261 898 1291 952 p.
1311 883 1372 937 349.

214 951 257 1002 sic
283 958 313 1002 et
333 949 403 1001 Dar.
428 949 537 1001 dedit.“
564 949 632 1002 Eris.
668 947 776 1002 Scribit
802 950 867 1003 dedi
891 968 959 1003 cum
987 953 1020 1002 V.
1048 952 1116 1005 Rob.
1145 948 1247 1020 steph.
1286 951 1371 1004 Leod.

215 1019 307 1072 Gebh.
336 1017 481 1072 FAWolf.
505 1017 593 1072 Sthzs
621 1020 668 1073 Or.
695 1018 768 1071 Lall.
796 1020 864 1072 Dav.
890 1021 981 1073 Nobb.
1008 1021 1081 1074 Tbn.
1117 1039 1153 1074 ex
1184 1021 1274 1074 Godd.
1301 1022 1369 1074 Re.

217 1089 291 1142 Gud.
314 1094 337 1144 l.
356 1088 444 1142 Rehd.
464 1084 566 1142 Duish'
579 1088 653 1164 Aug.
673 1088 764 1140 tribus
783 1090 853 1143 Oxx.
874 1090 941 1154 (nisi
960 1093 1036 1161 quod
1054 1093 1085 1144 in
1102 1109 1159 1144 uno
1182 1100 1224 1144 est
1244 1040 1371 1157 scriholh.

217 1159 300 1213 (loni.
321 1159 422 1212 Alcaei
438 1160 588 1230 Reliquiae
608 1159 675 1214 coll.
696 1159 729 1211 A.
751 1160 887 1213 Matthiae
906 1162 993 1232 (lips.
1015 1162 1105 1226 1827.)
1115 1180 1152 1233 ·p.
1162 1161 1198 1218 42
1216 1180 1261 1231 sq.
1282 1163 1372 1216 Verba

214 1247 279 1284 nom
296 1232 482 1285 Anacreontis
501 1239 554 1284 etc.
582 1231 622 1282 ita
649 1228 793 1303 intellige,
818 1233 898 1300 quasi
918 1233 1058 1302 scriptum
1085 1234 1137 1285 sit:
1163 1232 1370 1296 Anacreontem

213 1307 381 1369 praetereo}
402 1314 468 1353 nom
485 1307 542 1354 loto
568 1301 627 1354 eius
649 1303 743 1368 poisis
769 1310 823 1354 etc.
860 1301 976 1355 Amavit
1000 1303 1153 1374 praecipue
1177 1321 1305 1374 puerum
1321 1305 1372 1356 Ba·

215 1371 357 1440 thyllum,
377 1369 454 1442 quod
471 1381 501 1424 et
518 1387 554 1424 ex
571 1371 661 1442 ipsius
674 1371 852 1424 canninibus
869 1382 949 1443 patet
968 1381 996 1426 et
1015 1391 1050 1426 ex
1068 1371 1184 1426 Horatii
1201 1374 1368 1445 locolipod.

115 1512 120 1521 Ι
217 1440 331 1507 illlis

267 1579 269 1583 .
382 1507 453 1566 Non.
466 1512 552 1568 aliter
569 1511 665 1566 Scinio
684 1511 781 1572 dieunt,
797 1514 901 1568 arsisse
918 1513 1048 1585 Bathyllo

267 1590 270 1595 “
382 1583 561 1639 Anacreonta
582 1584 686 1637 Telum.
706 1585 767 1638 lam
784 1585 842 1638 vid.
860 1585 1144 1708 Anacreontkcarm.
1162 1586 1241 1641 Roll.
1262 1587 1369 1642 ed‘l'h.

407 1686 408 1692 ¹
956 1656 1012 1709 ΒΕΓ
1056 1695 1061 1708 ι
1103 1695 1110 1708 0
1131 1659 1156 1712 5·
1295 1679 1297 1682 ’

131 1744 136 1754 ’
216 1725 395 1778 Proximum
410 1741 476 1779 ocro
496 1725 574 1778 abest
600 1726 634 1777 ab
656 1741 719 1778 uno
739 1727 805 1792 ΟΜ
835 1734 894 1779 tres
916 1674 1032 1779 hahentg
1045 1674 1174 1795 Regium,
1205 1746 1283 1782 unus
1306 1747 1371 1782 cum

217 1795 292 1848 (iud.
312 1801 336 1850 1.
365 1798 440 1848 Mon.
460 1799 485 1852 2.
512 1795 598 1848 lllarls.
625 1800 765 1864 reginum,
790 1799 865 1854 Mon.
891 1802 915 1852 l.
946 1795 1095 1865 Rhegium,
1122 1799 1198 1874 Aug.
1227 1788 1371 1868 reguiam

216 1864 269 1921 ihi
286 1883 356 1920 cum
375 1872 502 1936 apparel.
530 1865 595 1918 Duo'
612 1866 680 1920 Oxx.
700 1866 807 1920 habent
830 1867 873 1920 ihi
890 1884 959 1931 cam,
977 1885 1050 1919 unus
1068 1869 1116 1921 uhi
1133 1885 1203 1922 cum.
1233 1871 1324 1923 Marb.
1343 1877 1371 1924 et

216 1937 345 2006 scriptis,
361 1955 435 1990 unns
454 1937 504 1992 Ox.
525 1952 564 2004 car¹
577 1937 699 2006 scriptis
714 1937 773 1989 essi
779 1953 801 1998 s,
830 1938 872 1990 De
890 1938 977 2008 Ibyco
995 1940 1088 2007 po'e'ta,
1106 1939 1218 2015 Rhegio
1238 1941 1370 2007 oriundo,

217 2011 269 2078 qui
286 2010 346 2061 tuit
362 2007 395 2059 in
412 2023 517 2061 novem
535 2007 648 2077 lyricis,
666 2009 828 2077 floruitque·
842 2009 918 2061 circa
937 2009 981 2061 01.
1001 2011 1044 2072 56,
1063 2009 1122 2064 vid.
1142 2011 1169 2062 J.
1182 2011 1217 2064 G.
1238 2010 1370 2065 Vossium

216 2079 252 2132 de
270 2079 369 2133 Poetis·
382 2079 500 2132 Graecis
526 2095 554 2148 p·
573 2080 668 2148 hl'sq.
706 2079 817 2130 Litium
834 2078 993 2148 cyraldum
1016 2078 1050 2130 de
1068 2081 1223 2132 Poetarum
1242 2082 1370 2135 Historia

215 2161 245 2220 P·
264 2151 430 2207 472-474.
449 2149 500 2202 ubi
517 2157 650 2201 accurate
674 2166 711 2202 ex
732 2148 878 2201 veteribus
897 2149 957 2201 eius
979 2149 1070 2200 vitam
1091 2150 1177 2204 habes
1196 2162 1368 2205 enarratam.

122 2250 124 2258 ·
216 2219 273 2276 ssd
291 2221 348 2273 iam
366 2217 413 2273 adi
430 2219 624 2273 doctissimum
642 2220 674 2271 1².
696 2220 731 2274 G.
751 2218 978 2281 Schneidewini,
1003 2219 1079 2272 Phil.
1098 2220 1181 2272 Iloct.
1205 2223 1256 2274 cui
1280 2224 1371 2275 trium

216 2292 356 2346 Codicum
374 2289 522 2345 Guelferb.
542 2289 727 2342 collationem
745 2289 832 2342 debeo
847 2288 1100 2355 accuratissimam,
1119 2291 1238 2357 librum,
1258 2294 1310 2362 qui
1328 2294 1371 2346 in·

216 2363 372 2414 scribitur:
402 2360 485 2431 Ibyci
508 2359 633 2434 Rhegini
656 2360 823 2412 Ciminum
845 2361 997 2430 Reliquiae
1024 2360 1192 2436 (Gottingae
1219 2366 1302 2423 1833.
1322 2366 1371 2430 8.),

209 2432 266 2488 ,ubi
281 2440 413 2495 nostrum
431 2437 587 2484 tractatum
604 2430 689 2482 habes
706 2430 805 2483 Iocum
843 2434 913 2486 ‚ao
951 2431 1012 2486 Mc.

287 2502 353 2574 cap.
373 2505 416 2558 31.
454 2501 544 2571 Atque
570 2499 669 2553 hosam
693 2449 842 2567 ramensi
870 2501 936 2554 (lod.
965 2503 1040 2553 Mon.
1060 2503 1086 2558 2.
1114 2503 1238 2557 omnium
1265 2502 1372 2571 horam,

215 2573 299 2626 vind.
320 2576 344 2628 l.
373 2588 481 2626 amores
506 2587 577 2625 esse.
614 2573 737 2624 Ponitur
760 2573 790 2624 h.
809 2573 830 2623 l.
856 2572 982 2626 uidemus
1006 2571 1041 2624 de
1060 2589 1101 2635 re,
1128 2592 1216 2643 quam
1233 2575 1372 2630 historiae

214 2645 264 2704 vel
281 2644 428 2697 historicis
448 2643 600 2708 credimus,
621 2643 705 2710 quale
724 2650 766 2694 est
785 2643 958 2709 exemplum,
984 2642 1061 2710 quod
1082 2645 1232 2726 posuimus
1257 2647 1291 2698 in
1309 2664 1371 2698 ann.

117 2720 121 2725 ’
216 2712 824 2782 adcic.deniv.11.2o.to.p.atta
861 2713 921 2765 Mc.

286 2782 448 2854 Philosophi
464 2782 580 2836 somus
598 2782 700 2847 exorti,
708 2783 728 2849 ]‹
757 2783 850 2848 „Veri
869 2783 988 2836 minime
1007 2792 1050 2836 cst
1067 2785 1173 2850 simile,
1199 2787 1373 2842 Ciceronem

215 2855 311 2926 ipsum
329 2872 358 2908 se
377 2856 408 2906 in
427 2855 462 2906 iis
479 2854 616 2924 posuisse,
627 2852 666 2903 ¹in
684 2868 754 2922 quos
772 2854 852 2905 cadat
869 2853 1039 2906 Dicaearchi
1064 2855 1269 2925 reprehensio:
1294 2871 1373 2912 acce*

216 2924 269 2992 dit,
295 2926 381 2997 quod,
409 2924 434 2976 si
460 2923 516 2976 hoc
542 2924 692 2986 voluisset,
720 2924 881 2994 scripturus
900 2933 975 2977 erat:
1005 2923 1078 2979 Quin
1097 2926 1186 2989 etiam
1201 2926 1371 2998 philosophi.

216 2994 307 3062 Quare
324 3013 392 3049 cum
410 2995 448 3047 sit
466 2994 497 3045 in
515 2994 662 3047 nonnullis
679 2993 752 3046 Edd.
770 3002 843 3047 vett.
872 3003 900 3047 et
928 2995 959 3046 in
985 3012 1052 3048 mea·
1068 3013 1189 3066 *quoque
1208 2997 1373 3068 Philosophi

215 3067 354 3122 cummis
378 3067 494 3120 exorti.
517 3103 524 3116 .
544 3103 550 3116 .
572 3108 579 3122 .
599 3064 650 3135 qai
674 3065 793 3117 amori.
815 3101 822 3115 .
844 3104 851 3121 .
871 3065 1001 3125 tribuerit
1008 3083 1022 3128 ςΔ
1044 3066 1176 3135 suspicor
1201 3069 1372 3124 Ciceronem

216 3140 377 3208 scripsisse:
411 3132 576 3204 Philosophi
600 3142 682 3189 sunt
705 3151 785 3189 neoc
806 3135 900 3188 exorti
924 3166 958 3178 -
983 3134 1030 3206 qui
1055 3137 1148 3190 amori
1174 3142 1373 3195 auctoritatem

217 3206 580 3267 lr·ihuerintnimis.“
613 3205 746 3261 Bouhier.
1060 3243 1062 3246 ψ
1328 3231 1331 3240 ·

286 3277 451 3350 Philosophi·
467 3278 562 3332 cuntur
579 3278 681 3343 exorti]
717 3278 809 3343 „Pars
827 3276 898 3330 haec
921 3286 962 3329 est
981 3277 1144 3341 Socraticae
1168 3279 1374 3338 dissimulatio·

215 3353 271 3418 nis,
290 3348 371 3405 cuius
388 3367 481 3420 neque
500 3358 591 3402 artem
610 3365 703 3417 neque
720 3366 804 3400 usum
823 3348 969 3433 ignoravit
987 3349 1097 3404 Cicero.
1125 3351 1204 3404 Hinc
1225 3361 1278 3419 est,
1300 3355 1374 3423 quod

216 3424 382 3501 graviorem
399 3429 496 3474 notam
515 3420 663 3471 inusturus
680 3417 868 3490 philosophis,
888 3420 919 3469 in
938 3435 1038 3471 eorum
1056 3435 1090 3471 se·
1102 3422 1218 3474 turbam
1242 3425 1372 3491 coniicit,

216 3495 302 3548 velut
317 3493 368 3561 qui
386 3491 484 3544 vineta
503 3490 563 3560 ipse
582 3507 630 3542 sua
648 3491 788 3556 caederet,
810 3499 847 3542 ut
863 3490 910 3541 ait⁴
923 3490 953 3541 in
973 3505 1062 3541 cause
1080 3506 1138 3542 non
1161 3493 1300 3546 dissimili
1319 3497 1374 3548 Ho-

217 3565 365 3618 ratius-ll.
385 3565 477 3634 Epist.
496 3561 519 3613 I.
540 3563 602 3619 22⁰.
623 3579 709 3628 quem
728 3561 837 3614 satirici
856 3558 1075 3612 dissi'snulatoris
1101 3561 1199 3614 locum
1224 3567 1277 3632 qui
1297 3567 1373 3640 lege-

217 3637 268 3702 rit,
295 3636 393 3704 facile,
422 3630 517 3697 credo,
543 3629 701 3705 intelliget,
732 3648 789 3701 quo
815 3648 898 3683 sensu
926 3631 1033 3683 dixerit
1051 3631 1171 3685 Cicero:
1209 3634 1373 3708 Philosophi

216 3723 310 3760 comos
328 3707 429 3761 extorti.
466 3704 520 3756 Est
537 3703 677 3754 niunirum
694 3702 767 3756 haec
784 3703 858 3754 ratio
877 3702 978 3754 idonea
998 3698 1149 3755 leniendae
1167 3706 1374 3776 reprehensio-

217 3791 288 3830 num
307 3774 466 3838 acerbitati,
485 3773 513 3824 si
528 3771 721 3842 reprehensor
738 3790 827 3825 mum
845 3789 874 3824 se
893 3772 981 3825 faciat
999 3788 1108 3837 eorum,
1127 3790 1198 3844 quos
1213 3777 1374 3848 repr-eheu.

217 3848 269 3899 dit.
307 3847 413 3898 Elucet
430 3843 534 3913 passim
554 3859 585 3894 ea
604 3841 731 3894 civilitas
755 3842 786 3894 in
811 3843 987 3896 orationibus
1003 3842 1214 3914 Demosthenis,
1242 3867 1374 3919 praeser-

217 3919 273 3970 tim
293 3917 364 3981 illis,
390 3930 462 3985 quae
487 3919 558 3964 sunt·
571 3913 608 3964 ad
622 3913 768 3983 populum·
781 3912 816 3969 os·
832 3913 963 3998 publicis·
981 3912 1064 3967 rebus
1082 3913 1196 3980 habitae
1221 3927 1252 3971 et
1278 3922 1374 3975 obium

218 3988 349 4062 gationes
365 3983 549 4039 continent.“
566 3984 700 4053 Anonym.
727 4003 770 4055 ap.
797 3985 952 4038 olivetum.
988 3985 1152 4050 „Buherius
1175 3989 1289 4044 frustra
1314 4008 1375 4047 cor·

218 4059 278 4134 rigi
294 4047 360 4109 iuli
378 4063 457 4111 siant
477 4082 508 4094 -
528 4054 577 4124 qui
596 4088 628 4098 -
655 4055 812 4111 cribrari
818 4063 859 4112 rot.
905 4056 975 4121 Quia
1003 4057 1064 4125 ipss
1086 4056 1280 4115 Academicus
1304 4066 1374 4126 erat,

218 4147 249 4184 se
275 4130 371 4199 primo
397 4127 468 4180 huic
516 4127 594 4179 oneri
617 4127 762 4192 admiscet,
795 4136 824 4179 et
848 4128 919 4179 dicit
945 4143 1046 4181 amoc.
1085 4128 1117 4182 si
1143 4137 1241 4184 tamen
1259 4133 1375 4204 placeat

218 4208 280 4255 sont
299 4199 398 4265 exorti,
416 4206 480 4268 post
494 4145 652 4284 hogendorp
671 4199 729 4251 erit
745 4197 931 4253 trihumnt.“
947 4198 1015 4251 Era.
1052 4199 1138 4253 Vides
1162 4218 1222 4255 non
1240 4213 1376 4260 accurate

218 4269 376 4325 Ernestum
393 4270 543 4323 Bouhierir
562 4270 788 4342 emendationem
811 4270 963 4324 retulisse:
996 4280 1168 4340 quoinquam
1195 4292 1252 4328 noc
1271 4278 1318 4332 sic
1336 4282 1376 4330 est

199 4343 383 4413 probabilis.
420 4343 548 4401 Wolfius
568 4342 723 4396 in'scholia
741 4342 780 4394 ad‘
792 4343 821 4394 h.
841 4342 862 4393 1.
884 4341 1062 4402 Graviorom’
1079 4344 1119 4395 ait
1138 4361 1200 4397 esse
1217 4350 1377 4418 oppositio.

219 4431 303 4482 uem,x
324 4415 457 4486 quamsi
480 4415 624 4486 coepisset
641 4413 793 4484 periodum
819 4431 835 4467 a
859 4412 953 4491 opta?
982 4415 1064 4484 qood,
1090 4413 1140 4468 vel
1158 4416 1304 4490 Attamen,
1332 4417 1378 4477 vel
