2842 5070
472 262 476 267 “
555 304 685 367 mauu
704 303 764 386 111,
787 300 837 371 n.

296 474 352 552 Ut,
381 470 412 536 ei
433 490 497 553 qua
518 441 644 534 invecta
664 467 784 533 diritas
805 465 882 530 cassi
901 467 1002 547 foret,

291 558 343 619 Ne
363 573 410 618 aaa
429 558 616 635 imparatam
637 552 716 614 arira
737 551 896 615 laceraret
917 569 1039 631 repens.

124 750 218 794 tracta
236 757 318 810 saepe
337 738 419 792 debet
445 739 572 814 intelligi
591 739 660 803 (vid.
678 739 813 792 Addenda
830 738 865 789 ad
888 737 1039 790 Timaeum
1057 736 1128 808 Opp.
1148 737 1206 790 cic.
1226 740 1274 791 lV.

126 815 152 869 2.
171 832 200 883 Ρ.
220 812 305 876 607τ)
331 811 469 880 quidquid
484 811 657 880 obloquatur
674 810 802 863 Ellendt.
823 808 857 861 ad
882 809 962 860 Brut.
982 826 1010 878 Ρ.
1031 810 1092 879 899.
1129 808 1182 859 Est
1197 808 1277 861 'haec

125 893 223 937 autem
249 884 309 937 eius
332 883 409 933 vocis
430 881 525 950 prima
550 882 741 954 significatio:
770 880 859 933 alteri
887 880 1012 944 demum,
1036 879 1168 952 neglecta
1191 881 1278 950 plane

124 954 262 1006 adiectivi
281 952 486 1023 pronominalis
509 951 607 1016 (aliae)
625 953 779 1016 sententia,
795 951 839 1011 >nt
862 953 1023 1003 Pronomen
1049 950 1245 1002 Indefinitum.
1258 951 1278 980 “

126 1025 190 1076 Vid.
211 1042 261 1078 nos
277 1024 311 1074 ad
329 1024 388 1076 cic.
408 1023 442 1074 de
460 1024 529 1092 Rep.
549 1024 601 1075 111.
625 1026 665 1078 14.
685 1041 713 1093 Ρ.
732 1026 793 1077 369.
822 1020 893 1073 Add.
912 1022 1044 1096 Borgers.
1064 1021 1097 1072 ad
1116 1021 1175 1074 cic.
1195 1024 1278 1074 Para-

126 1095 188 1148 dox.
208 1115 235 1166 Ρ.
255 1097 297 1150 48.
317 1095 386 1162 ibiq.
406 1093 500 1146 laudd.
518 1093 659 1146 Goerenz.
672 1094 706 1146 ad
723 1092 827 1144 Acadd.
843 1093 880 1144 11.
901 1095 943 1147 1⁰.
963 1110 990 1161 Ρ.
1008 1095 1052 1146 61.
1066 1101 1095 1144 et
1111 1093 1150 1144 11.
1168 1095 1209 1148 13.
1230 1097 1274 1148 41.

125 1184 152 1235 Ρ.
173 1169 213 1220 78.
233 1167 265 1218 O.
276 1167 313 1216 M.
323 1165 437 1217 Miiller.
459 1165 525 1216 Cur.
547 1164 608 1216 Sec.
619 1182 647 1234 p.
661 1167 721 1219 125.
741 1162 796 1216 Sed
814 1164 851 1214 cf.
870 1163 957 1216 etiam
975 1159 1138 1215 Hoffmann.
1159 1164 1190 1215 in
1207 1163 1277 1216 Jah-

125 1237 168 1288 nii
185 1236 301 1289 Annall.
322 1237 398 1291 1818.
418 1235 458 1288 11.
479 1240 502 1289 l.
522 1253 550 1304 Ρ.
570 1237 619 1289 46:
641 1236 692 1304 qui
711 1234 745 1286 ad
766 1233 909 1286 Ellendtii
929 1242 1024 1304 partes
1043 1233 1221 1302 aliquantum
1248 1252 1277 1286 se

123 1307 256 1376 applicat.
279 1334 312 1343 -
346 1308 427 1358 Unus
446 1305 495 1357 Ox.
515 1305 601 1358 habet
619 1307 729 1358 mollem
746 1320 800 1375 pro
818 1304 926 1357 molem.
964 1303 1061 1380 Pergit
1085 1303 1183 1362 Duisb.
1208 1305 1278 1358 maii

123 1378 288 1431 meditabar.
326 1377 388 1428 Mr.

197 1449 244 1515 Ut,
263 1447 292 1501 ai
309 1463 362 1513 qua
381 1479 413 1490 -
433 1464 467 1500 ae
488 1475 520 1486 —
547 1446 696 1513 laceraret]
722 1446 764 1498 De
783 1446 1068 1498 constructionevid.
1084 1447 1227 1530 Wagner.
1243 1448 1277 1499 de

123 1519 226 1572 Partis.
245 1526 275 1570 ut
292 1535 326 1571 ne
344 1519 375 1569 in
394 1518 511 1570 Seebod.
531 1521 567 1573 N.
588 1517 707 1571 Archiv.
728 1519 779 1570 111.
800 1520 826 1572 4.
851 1535 879 1586 p·
899 1520 943 1571 79.
974 1516 1036 1568 Duo
1055 1519 1124 1571 Oxx.
1145 1525 1276 1571 auocata

123 1587 244 1643 duritas
262 1590 370 1643 invecta
389 1589 514 1642 duritas
542 1590 617 1655 (sic).
653 1587 737 1640 vind.
762 1590 787 1642 1.
813 1587 948 1640 inventa
966 1586 1095 1639 duritas
1117 1588 1150 1653 (a
1172 1607 1217 1659 pr.
1236 1607 1275 1640 m.

125 1670 187 1712 erat
206 1659 333 1723 diriter)
352 1659 451 1712 eodem
474 1661 559 1712 modo
577 1664 651 1734 Aug.
676 1660 730 1711 duo
758 1658 838 1714 Leid.
857 1660 939 1710 Mon.
968 1663 991 1712 1.
1029 1659 1064 1710 In
1089 1656 1162 1711 Gud
1183 1661 1208 1714 1.
1235 1668 1278 1711 est

124 1736 152 1783 et
169 1747 224 1800 pro
242 1737 284 1787 at.
306 1728 397 1781 Bouh.
419 1731 450 1780 in
467 1731 611 1796 lemmate,
631 1730 726 1782 nescio
744 1736 843 1780 utrum
861 1729 1000 1792 consulto,
1019 1747 1054 1780 au
1073 1747 1148 1796 casu,
1167 1732 1195 1783 si
1213 1747 1277 1798 qao

125 1828 159 1838 -
179 1799 255 1853 oasa.
294 1801 374 1853 Idem
396 1808 493 1851 tamen
519 1800 638 1851 coniicit
664 1802 691 1853 si
709 1813 762 1866 qua
781 1830 814 1841 -
834 1797 942 1850 diritas
963 1814 1087 1860 cassia,
1112 1802 1179 1869 quia
1202 1800 1277 1853 diri-

125 1876 171 1926 taa
189 1872 292 1940 absque
311 1870 415 1922 obiecti
434 1870 636 1922 illoGenitivo
654 1869 754 1922 nansi
797 1868 884 1934 ilicet,
904 1869 979 1937 quod
996 1869 1061 1919 vult
1077 1870 1187 1924 Cicero.
1217 1873 1276 1928 Mr.
1374 1868 1376 1873 ’

196 1941 232 1995 Ss‘
250 1956 304 2010 qua
322 1941 429 1994 invecta
456 1940 561 1993 diritaa
585 1956 654 1993 casu
678 1886 910 2008 toreafnnecepit
932 1938 1111 1997 FAWolfius
1128 1941 1277 1993 Bouhierii

122 2012 320 2065 coniecturam
338 2027 431 2076 casus,
460 2028 582 2081 eumque
607 2013 698 2066 secuti
724 2010 809 2063 Saba.
829 2009 898 2062 Bill.
926 2009 1150 2079 improbantibus
1174 2013 1220 2064 Or.
1249 2021 1278 2064 et

124 2083 271 2137 Kiihnero.
308 2083 370 2134 Ima
397 2083 515 2152 optime,
545 2083 586 2133 ait
604 2083 666 2147 ille,
689 2097 760 2136 ,casu
787 2081 897 2134 invecta
911 2080 1038 2133 ,dirim
1073 2080 1146 2133 Mihi
1165 2098 1279 2150 quoque

124 2154 212 2276 pimis
231 2153 333 2275 cupige
350 2153 485 2276 Wolsn‘ris.
499 2153 581 2277 iilam
598 2151 967 2274 coniectpramllampfflus
985 2169 1044 2204 esse
1066 2152 1189 2277 sidegur.
1227 2154 1279 2237 Ge·

140 2242 221 2276 erum
247 2243 276 2276 v.
315 2242 330 2276 e
355 2240 425 2276 voce
473 2240 558 2277 arear
582 2241 684 2276 novam
729 2239 794 2275 arce
823 2240 865 2273 ini
929 2259 946 2285 .‚
1016 2240 1048 2275 ae
1073 2240 1104 2273 m
1152 2241 1278 2276 ermama

122 2296 243 2364 prodiit.
264 2328 296 2338 -
334 2294 391 2346 Fra
410 2296 484 2359 soret
500 2313 574 2346 unus
592 2296 642 2347 Ox.
661 2293 747 2345 habet
763 2295 885 2368 glossam
903 2241 1014 2359 solsadii
1048 2295 1147 2368 Pergit
1164 2297 1276 2351 Mani.

123 2366 344 2434 inopinatum
366 2380 436 2416 cura
460 2381 495 2416 ae
518 2381 570 2430 me,
600 2365 649 2416 ubi
673 2382 772 2416 rursus
795 2364 888 2438 glossa
914 2365 945 2415 in
969 2373 1136 2416 contextum
1158 2366 1277 2436 irrepsit

125 2453 300 2489 sermonem.
337 2437 417 2488 Unus
437 2437 485 2487 Ox.
510 2451 563 2505 pro
589 2452 622 2488 ae
639 2434 724 2486 habet
741 2450 799 2486 aec.
836 2435 916 2486 ldem
935 2451 1001 2486 oum
1020 2436 1093 2490 Gud.
1113 2439 1138 2490 2.
1165 2438 1278 2489 omittit

124 2509 203 2559 euro.
241 2506 341 2559 Edidit
358 2506 443 2557 hosce
463 2523 560 2559 versus
580 2507 614 2559 G.
623 2505 754 2557 Dindorf.
774 2505 805 2556 in
824 2505 971 2578 Fragmm.
991 2506 1093 2579 Eurip.
1113 2523 1149 2558 ex
1165 2507 1278 2560 Theseo

124 2595 152 2642 n.
176 2580 209 2629 V.
235 2597 263 2648 p.
292 2580 335 2634 93.
362 2577 491 2662 laudans.
505 2577 647 2630 Galerium
675 2574 786 2629 lliihnii
813 2576 878 2629 Vol.
896 2578 929 2627 V.
955 2593 984 2645 Ρ.
1009 2579 1071 2632 418.
1117 2579 1151 2630 ln
1173 2578 1278 2630 ultimo

123 2665 246 2771 versuNp
248 2648 481 2787 rdevisigdaiaidiri
483 2647 730 2772 dui-bumasti&
737 2717 852 2787 repens]
884 2718 975 2770 Henr.
995 2716 1154 2788 Stephanus
1173 2719 1278 2792 castig.

124 2789 157 2840 in
176 2789 268 2843 Cicer.
288 2809 352 2874 pag.
370 2793 412 2845 81.
432 2792 557 2859 reponit,
583 2807 617 2842 ne
641 2805 684 2840 me
701 2788 873 2855 imparatum
896 2789 1123 2842 carricaverat
1144 2806 1278 2842 recena.

123 2859 241 2926 „Quam
267 2862 494 2934 castrgationem,
514 2862 619 2930 inquit,
638 2859 752 2910 homini
770 2859 886 2932 linguae
906 2858 1031 2912 Graecae
1056 2862 1157 2935 ignaro
1182 2862 1279 2914 nescio

124 2966 145 2996 „
157 2948 244 3000 quam
262 2930 348 2980 facile
365 2931 567 3000 probaverim
587 2940 616 2982 at
636 2930 746 2982 Graece
765 2929 849 2981 docto
868 2929 908 2981 ita
931 2930 1085 3015 legendum
1104 2949 1162 2984 esse
1180 2933 1279 2984 statim

124 3000 355 3069 „persuaserim
375 3017 507 3072 magnam
526 3001 603 3052 inter
621 3000 707 3069 ἕρπον
725 3009 754 3052 et
771 3000 871 3068 νεαρὸν
894 3017 952 3052 non
970 3003 1116 3085 ignoranti
1142 3020 1200 3055 esse
1224 3004 1281 3054 dif-

124 3069 341 3136 ,‚ferentia1n.“
377 3071 453 3121 Haeo
477 3071 539 3134 ille,
564 3086 651 3138 quem
677 3070 867 3139 sequitur-D.
892 3072 1054 3124 Lambinus.
1092 3072 1131 3124 At
1153 3073 1208 3124 hoc
1235 3074 1280 3122 in-

123 3141 149 3191 si
172 3157 208 3192 ne
234 3147 277 3191 est
306 3140 467 3210 παρόραμα,
496 3155 596 3208 repens
623 3141 701 3192 enim
751 3140 891 3191 enultima
916 3141 1008 3204 brevi,
1038 3157 1095 3193 non
1120 3140 1207 3210 ἕρπον
1231 3143 1280 3194 sed

124 3158 282 3280 ιὶζονίδιον,
301 3218 334 3260 ut
351 3210 407 3262 hoo
426 3211 457 3261 in
475 3210 548 3275 loco,
568 3210 692 3262 denotat.
728 3158 777 3262 dic
796 3210 873 3261 infra
896 3226 957 3279 cap.
981 3213 1069 3264 XXII.
1108 3213 1281 3280 Quamquam

125 3281 247 3334 bostiam
265 3298 368 3350 repens
393 3282 527 3334 ademtae
552 3281 649 3348 magis
672 3279 814 3350 aliquanto
831 3281 974 3332 conturbat
993 3297 1074 3350 quam
1097 3288 1279 3350 exspectatus.

123 3353 171 3420 [In
189 3351 243 3404 Ed.
263 3354 289 3405 2
309 3351 415 3417 laudat,
440 3353 505 3404 loco
523 3351 656 3415 Senecae,
684 3352 891 3404 Terentianum
910 3355 1041 3403 Maurum
1059 3354 1152 3405 Praef.
1180 3373 1207 3406 v.
1230 3356 1278 3408 lo:
1310 3353 1313 3358 ’

292 3421 349 3476 Sed
366 3439 400 3475 ne
417 3432 582 3490 corpoream
605 3439 734 3491 repens
751 3421 853 3474 naam
871 3430 1027 3477 aconaeret
1045 3423 1154 3492 atium]

125 3495 234 3550 Seneca
251 3495 352 3548 Troad.
371 3513 412 3546 vs.
433 3496 494 3549 496.
997 3553 999 3557 ,

292 3564 363 3621 onia
381 3572 409 3618 te
427 3583 530 3636 repens
547 3562 693 3618 canmavs‘e
710 3562 853 3626 adflictam
869 3565 978 3618 mnas?
1009 3615 1011 3627 ,

125 3637 237 3690 lterum
260 3637 374 3689 Medeae
396 3655 437 3688 vs.
457 3639 518 3692 971.

275 3720 326 3750 ¹-
346 3706 421 3761 Quid
442 3724 545 3777 repens
563 3708 659 3771 adfert
681 3705 785 3759 mous?

126 3779 244 3831 Tacitus
261 3778 335 3830 Ana.
353 3779 403 3842 Vl,
424 3781 448 3832 7.
481 3779 556 3833 Quid
573 3795 675 3848 repens
694 3783 743 3829 aut
760 3783 895 3830 vetustate
914 3778 1065 3834 obscurum.
1094 3779 1150 3833 Ubi
1188 3781 1279 3835 ariter

127 3850 161 3901 ab
178 3851 284 3902 Ursino
303 3852 472 3918 Muretaque
490 3867 643 3919 perperam
662 3849 831 3902 emendatur
847 3866 952 3902 recens.
990 3851 1034 3902 Ita
1056 3868 1138 3920 saepe
1165 3797 1280 3905 iboutus
1316 3910 1319 3914 ,

126 3929 170 3972 est
195 3921 304 3984 Livius,
332 3927 361 3970 at
408 3920 492 3970 assim
514 3922 625 3984 Poetae,
678 3936 782 3972 uorum
807 3921 948 3973 nonnulla
969 3921 1134 3975 testimonia
1159 3924 1279 3998 collegit

127 3990 193 4044 Nic.
213 3991 347 4043 Heinsius
366 3936 407 4040 ad
419 3990 515 4042 Ovidii
533 3938 730 4055 Metamfitss,
749 3994 792 4046 61.
829 3991 865 4044 D.

199 4093 269 4130 caro
281 4104 313 4117 -
325 4077 447 4144 repens]
478 4079 524 4130 Or.
545 4079 579 4130 ad
589 4079 695 4134 Wolfii
715 4079 823 4131 scholas
840 4089 874 4131 ut
893 4081 1057 4148 exemplum
1074 4082 1153 4133 vocis
1171 4098 1279 4150 repens,

128 4166 217 4218 quum
236 4156 279 4200 est
302 4149 491 4217 perticipium
513 4150 689 4269 paenultima
714 4150 863 4218 producta,
887 4150 984 4202 laudat
1007 4153 1106 4203 Horat.
1126 4153 1219 4221 Epist.
1241 4153 1278 4204 ll.

128 4224 152 4274 1.
165 4221 235 4274 256:
256 4225 426 4286 repentes
443 4235 496 4287 per
531 4235 631 4270 amana.
659 4220 740 4271 Haud
755 4238 853 4272 rarum
870 4221 946 4273 idem
959 4231 1087 4272 nostrum
1106 4223 1279 4274 adiectivum

127 4290 202 4360 apud
219 4290 352 4341 Tacitum
373 4307 431 4342 esse
450 4291 491 4341 ait
509 4307 563 4341 nec
582 4305 646 4342 raro
673 4290 704 4340 in
728 4307 824 4343 recens
842 4300 1026 4361 corruptum:
1048 4302 1075 4344 et
1095 4301 1191 4343 nostro
1210 4307 1279 4359 quo·
1311 4294 1315 4296 ’

128 4377 183 4430 que
201 4360 299 4412 locoa
325 4378 370 4431 pr.
396 4379 434 4412 m.
459 4361 490 4410 in
518 4359 584 4413 God.
613 4359 702 4413 Rehd.
731 4362 781 4435 qui
805 4362 876 4416 item
896 4363 962 4416 voci
987 4365 1157 4431 imparatum
1181 4375 1279 4428 super·
1292 4374 1319 4410 ν.

127 4431 268 4500 scriptum
286 4430 371 4485 habet
385 4430 580 4500 insperatam:
605 4431 665 4486 Mr.
715 4488 719 4495 ⁵
