2842 5070
479 273 610 338 nmen
625 272 691 368 111,
711 274 793 337 cs.
1089 325 1095 334 ,
1170 214 1252 343 w.

64 452 181 526 pterea
202 442 292 526 qnod
315 445 351 503 in
381 440 576 523 perturbato
598 441 721 516 animo,
744 441 832 501 sicut
852 439 888 499 in
909 455 1063 520 corpore,
1089 443 1212 509 sanitae

63 547 81 588 e
117 547 176 588 en
200 548 223 588 n
267 532 366 588 essm.

83 549 114 591 ss
146 547 219 671 Ngo
240 547 351 669 ibinus
372 604 455 669 illud
475 613 582 682 acute,
605 602 692 687 qnod
714 605 817 666 animi
838 604 1058 675 affectionem,
1086 604 1254 676 lumiueb

63 695 183 752 mentis
206 698 385 761 carentem,
408 690 665 751 nominaverunt
686 691 850 750 amentiam
870 685 1073 768 eandemque
1094 687 1213 750 dernen-
1232 695 1273 748 lo.

65 777 152 836 tiam.
175 773 224 832 Ex
241 791 310 854 quo
321 770 573 857 intelligendum
596 779 656 848 est,
680 791 745 848 eos,
767 771 824 851 qui
845 769 928 830 haec
957 769 1056 833 rebus
1076 772 1213 833 nomina

63 941 141 1010 quod
165 939 298 992 sanitatis
324 955 429 993 nomen
457 955 472 990 o
494 938 578 1008 ponit
609 936 749 991 insamae.
794 936 934 1007 Sequitur
962 935 1039 990 enim
1066 937 1211 1008 deinceps,

60 1017 210 1080 propterea
227 1011 298 1079 qnod
321 1011 351 1063 in
368 1016 466 1078 pertnr
482 1015 528 1063 cto
547 1007 642 1062 animo
661 1036 693 1046 -
712 1010 822 1062 sanitas
844 1024 903 1060 esse
925 1025 978 1061 non
993 1007 1093 1076 ponit.
1130 1009 1211 1062 Alte-

62 1101 127 1133 rum
146 1091 196 1145 est,
216 1081 366 1133 simillima
376 1081 485 1134 locutio
497 1081 574 1132 infra
585 1079 731 1150 proxime:
750 1077 808 1132 Nec
826 1079 919 1132 minna
937 1078 1011 1132 illud
1029 1084 1117 1145 acute,
1137 1081 1212 1151 quod

60 1151 151 1205 animi
169 1153 341 1219 affectionem
360 1152 463 1205 lumine
480 1151 579 1204 mentis
597 1157 736 1204 carentem
753 1149 963 1203 nominaverunt
981 1151 1138 1207 amentiam.
1165 1153 1211 1205 En

59 1222 123 1287 tibi,
147 1233 180 1274 ut
198 1240 274 1276 mene
299 1238 386 1274 onena
405 1221 605 1290 tranquillitate
627 1227 655 1274 et
673 1220 831 1275 constantin
857 1221 934 1274 dicta
953 1229 995 1272 est
1013 1221 1143 1275 insanin.-
1170 1224 1211 1276 ita
1278 1238 1281 1243 ’

59 1294 162 1346 inille
181 1295 254 1358 loco,
280 1293 379 1346 mentis
398 1293 510 1360 effectio
536 1293 639 1346 tannae
657 1291 758 1346 meritis
780 1307 889 1356 cerens,
917 1292 1041 1347 amentia
1060 1302 1102 1345 est
1119 1295 1212 1346 nomi-

58 1364 156 1417 nata.“
175 1363 331 1417 Lambinus.
369 1364 516 1418 scribitur
532 1362 591 1435 '¹5²³
608 1363 740 1436 in‘Codd.
761 1361 833 1420 Gud.
853 1363 949 1415 Duisb.
988 1365 1021 1416 ln
1040 1366 1115 1417 Mon.
1136 1367 1160 1420 2.
1183 1374 1211 1418 et

57 1435 111 1488 Ed.
132 1435 159 1488 S.
180 1437 227 1488 iia.
264 1437 323 1488 Mr.
1178 1480 1180 1484 ,

129 1506 318 1575 Appellarnnt
356 1506 499 1573 insanam]
546 1507 641 1580 Vulgo
669 1504 837 1569 insaniam,
878 1521 932 1558 nec
967 1503 1054 1558 aliter
1083 1506 1209 1560 Codices.

58 1577 297 1630 Emendationem
315 1586 412 1630 tamen
431 1579 517 1630 Hadr.
537 1577 675 1641 Turnebi,
696 1594 781 1646 quam
798 1576 948 1648 proposuit
964 1575 1081 1629 Advere.
1102 1576 1152 1629 lib.
1171 1578 1209 1630 11.

59 1665 121 1718 cap.
141 1652 166 1703 6.
186 1649 287 1700 lubens
307 1648 440 1716 equidem
465 1666 527 1699 sum
551 1649 706 1718 amplexus.
743 1648 915 1720 Refragatur
940 1647 1057 1716 quidem
1073 1648 1108 1701 D.
1128 1649 1212 1700 lam-

59 1718 155 1787 binus,
174 1727 202 1770 et
220 1718 362 1770 insaniam
380 1718 455 1770 male
473 1726 580 1770 tuetur.
609 1719 694 1771 Certe
707 1726 834 1769 mentem
851 1718 1064 1788 tranquillitate
1083 1728 1212 1773 constan-

59 1789 159 1858 tiaque
176 1806 305 1852 vacuam,
324 1803 382 1839 non
400 1788 551 1852 insaniam,
571 1789 620 1840 sed
636 1788 983 1871 insanemnnominamus.
1017 1789 1056 1842 D.

59 1858 1212 1993 ...attentent1..rteent”ztt²⁰t.¹tan¹t²ttntn.

60 2001 147 2053 etiam
174 2001 205 2052 in
228 2001 285 2055 MS.
311 2000 431 2054 Guelf.“
456 2002 521 2053 Ern.
562 2002 616 2052 Pro
646 2001 772 2054 lectione
798 2000 926 2054 insanam
958 2008 1034 2052 stant
1059 2000 1114 2054 duo
1141 2001 1210 2055 Oxx.

57 2069 103 2122 Au
126 2111 131 2122 .
152 2075 226 2125 Mon.
240 2075 266 2128 2.
295 2074 357 2124 Nec
375 2090 445 2126 vero
463 2073 496 2124 hi
514 2080 581 2124 sunt
599 2073 725 2141 optimae
744 2077 827 2124 notae
847 2070 926 2123 libri.
956 2072 1014 2123 Nos
1033 2071 1212 2128 locutionem

79 2091 156 2196 adllo
183 2143 426 2219 negligentiorem
454 2143 602 2196 ferendam
625 2143 758 2195 duximus
782 2159 847 2193 cum
873 2144 920 2196 Or.
949 2141 1038 2194 Nobb.
1064 2142 1211 2199 FAWolf.

58 2159 141 2265 bchz.
167 2213 238 2265 Tbn.
264 2215 330 2268 rell.
367 2214 465 2267 Paullo
489 2214 620 2284 superius
651 2230 705 2284 pro
729 2214 909 2281 appellarunt
932 2212 1113 2267 insaniam
1140 2214 1212 2267 stem

59 2293 121 2337 erat
139 2284 299 2350 insanam,
320 2287 396 2354 quod
413 2301 482 2337 vero
500 2285 533 2336 ab
552 2284 650 2338 eadem
669 2302 755 2336 manu
773 2293 936 2337 correctum
955 2293 1006 2336 est.
1042 2285 1103 2338 Mr.

126 2363 276 2424 propterea
295 2356 367 2422 qnod
385 2355 597 2422 inperturbata
616 2354 708 2409 animo
728 2354 802 2420 etc]
838 2354 1015 2419 „Diversum
1042 2356 1100 2409 abit
1126 2357 1210 2410 Fabr.

58 2427 132 2492 qnod
150 2425 181 2478 in
197 2426 464 2495 perturbatione
482 2426 605 2491 animi,
624 2425 740 2479 aictrtt‘n
754 2441 871 2492 corpore
885 2427 1113 2494 perturbato.
1135 2429 1211 2497 qnod

236 2498 254 2525 ‘6
661 2497 667 2508 ¹

57 2495 450 2624 {tenibilisltt
465 2496 1062 2642 ltlttt‘fflttabitt-..ttett?
1083 2501 1163 2640 ibi·
1178 2501 1211 2623 ἕ..
1226 2610 1232 2616 ,,

61 2653 175 2705 corpore
191 2641 416 2707 perturbato,
439 2639 525 2709 plane
544 2648 577 2691 ut
596 2657 610 2693 e
628 2640 711 2692 Fabr.
733 2639 861 2692 enotavit
876 2639 966 2692 Gebh.
1004 2640 1039 2692 In
1056 2639 1114 2694 fine
1133 2641 1211 2709 capi-

58 2709 96 2760 tis
116 2709 204 2763 Rehd.
232 2719 261 2764 et
278 2712 362 2763 vind.
384 2716 408 2766 l.
434 2710 541 2763 habent
564 2710 679 2778 poterit.
706 2726 773 2764 oum
797 2708 849 2762 Ed.
870 2711 899 2762 P.
936 2710 1000 2785 Ego
1028 2709 1095 2762 dedi·
1113 2717 1210 2779 postet

57 2794 123 2831 cum
141 2781 212 2833 Ern.
232 2782 295 2850 Bip.
315 2781 460 2835 FAWolf.
480 2781 559 2834 Koel.
581 2781 665 2834 Schz.
685 2781 773 2835 Nobb.
794 2781 981 2865 grammatica
999 2781 1111 2834 ratione
1128 2782 1210 2856 flagi·
1261 2788 1262 2791 ’

56 2857 144 2914 tante,
163 2852 347 2921 probantibus
369 2850 465 2905 Kiihn.
487 2860 515 2905 et
533 2869 610 2903 nunc
629 2851 716 2905 etiam
728 2852 775 2905 Or.
794 2852 886 2913 med.
906 2853 1057 2923 peculiari,
1076 2852 1111 2905 ad
1128 2853 1210 2907 seho-

55 2920 98 2973 las
116 2922 239 2986 Wolfii;
258 2922 397 2974 accedunt
416 2940 493 2974 nunc
512 2922 597 2974 Codd.
617 2925 691 2975 Mon.
713 2928 737 2979 l.
757 2926 783 2979 2.
803 2923 898 2974 111111).-
927 2922 988 2976 Mr.

128 3007 153 3042 c.
174 2994 200 3045 5.
237 2992 295 3045 Nec
317 2993 407 3044 minas
429 2993 501 3045 illud
519 2992 614 3058 acute]
645 2994 714 3046 Ood.
735 2994 808 3046 Gud.
829 2999 853 3048 l.
873 3011 951 3064 apr.
971 3012 1009 3046 m.
1036 2993 1094 3060 ille,
1122 3014 1156 3048 su
1176 3015 1210 3050 ra

55 3060 109 3111 lin.
132 3087 164 3098 -
184 3063 230 3113 nd.
251 3062 325 3114 Gud.
348 3066 373 3117 2.
398 3061 483 3115 istud.
508 3062 599 3114 Gebh.
619 3063 653 3114 ad
671 3081 763 3134 seqep:
791 3064 912 3128 „Melius
934 3082 998 3118 meo
1025 3066 1121 3119 animo
1163 3067 1207 3121 od

54 3130 139 3184 Fabr.
160 3129 201 3196 [et
219 3131 286 3184 Cod.
305 3132 415 3199 Duisb.]
440 3132 648 3185 nominaverant
668 3135 842 3197 dementiam,
868 3135 976 3188 omissis
994 3135 1127 3188 1nediis.“
1151 3131 1211 3190 Mess

54 3202 114 3254 rito
141 3203 286 3257 neminem
310 3203 402 3258 Gebh.
431 3203 635 3273 obsequentem
661 3203 770 3258 habuit.
816 3204 857 3256 De
887 3205 919 3256 vi
942 3222 1044 3257 vocum
1075 3222 1154 3260 ment
1177 3216 1207 3262 et

54 3271 166 3327 animm
183 3274 241 3326 vid.
262 3275 398 3328 Ochsner.
418 3275 453 3326 ad
471 3275 532 3328 Cic.
550 3274 622 3327 Eclo
643 3293 671 3351 g.
691 3293 718 3345 p.
740 3278 800 3331 113.
822 3277 882 3331 114.
903 3275 946 3328 ed.
965 3279 990 3331 3.
1013 3304 1044 3316 -
1081 3279 1117 3330 ln
1136 3277 1203 3333 cot.

54 3344 128 3419 Aug.
148 3346 350 3415 scriptumest
373 3345 590 3399 nominaverant.
643 3346 688 3399 ud.
710 3351 733 3401 l.
761 3345 847 3399 habet
871 3347 996 3412 eandem,
1023 3349 1203 3418 omissoque.

53 3419 175 3470 oton.1.
200 3423 293 3486 atque.
338 3419 419 3472 Unus
444 3417 493 3470 Ox.
523 3416 695 3469 clementiam
716 3435 769 3488 pro
793 3419 965 3473 dementiam.
992 3419 1066 3478 Gud.
1095 3421 1205 3475 omittit

54 3492 104 3539 eet.
141 3488 221 3540 Unus
240 3488 290 3540 Ox.
310 3497 376 3542 ante
400 3488 592 3542 eosadditum
615 3487 752 3542 habetet.
789 3490 848 3543 Mr.
1164 3499 1166 3503 ·

124 3558 190 3623 an,
210 3557 259 3628 qut
276 3555 342 3613 baec
360 3560 443 3613 retur
460 3558 573 3612 nomina
590 3560 758 3642 posuerunt]
784 3560 883 3614 Ursini
902 3561 978 3614 liber
994 3561 1205 3631 imposuerunt.-

53 3629 131 3697 quod
152 3631 204 3682 vul
225 3639 270 3683 ato
296 3631 412 3701 quidem
439 3639 481 3683 est
501 3631 643 3695 usitatius,
670 3647 729 3682 non
752 3648 822 3683 vero
848 3632 967 3694 rectius,
996 3641 1029 3685 ut
1047 3633 1122 3686 tnale
1139 3635 1204 3687 vult

53 3699 182 3752 eruditus
201 3702 211 3752 i
238 3718 252 3754 e
270 3702 326 3754 vir.
346 3703 479 3771 Horatius
503 3701 594 3755 Serm.
613 3702 650 3754 ll.
669 3702 839 3776 Eclog,1V,
860 3708 883 3758 l.

220 3803 251 3813 -
271 3773 333 3826 Non
353 3779 393 3827 eet
418 3770 490 3825 atili
512 3772 731 3839 temptamenti

105 3863 107 3866 ’
218 3843 348 3898 Ponere
370 3845 456 3913 signa
471 3844 555 3897 ¹nonis
576 3843 738 3911 praeceptis
759 3869 790 3881 -

52 3911 154 3966 Cicero
173 3914 209 3965 N.
228 3915 262 3966 D.
281 3916 330 3967 lib.
351 3916 373 3968 I.
393 3933 454 3984 cap.
475 3919 516 3969 17.
555 3913 626 3968 Sunt
652 3916 727 3968 enim
744 3917 825 3969 rebus
849 3916 927 3969 novis
948 3931 1018 3968 neon
1038 3916 1204 3984 ponenda

52 3983 175 4037 nentina.
221 3986 310 4039 Porro
335 3985 370 4037 dc
395 3985 549 4037 stultorum
573 3986 683 4037 insania
708 3986 774 4039 vide
801 3986 937 4039 Senecam
966 3987 1064 4042 Benef.
1092 3988 1130 4051 11,
1158 3989 1201 4042 35.

52 4056 202 4108 Leontium
227 4058 291 4121 Vfl,
312 4058 371 4111 124.
409 4055 562 4107 Horatium
587 4055 679 4108 Serm.
702 4057 751 4108 lib.
772 4057 810 4110 11.
837 4057 900 4110 Ecl.
922 4058 975 4122 111,
994 4059 1038 4112 43.
1065 4065 1114 4110 aut
1132 4059 1202 4110 lust.

51 4126 186 4195 Lipsium
202 4127 313 4182 Manud.
339 4125 390 4178 lib.
409 4127 461 4177 Ill.
488 4125 560 4176 Diss.
580 4127 623 4181 20.
661 4127 695 4181 ld
717 4136 813 4180 autem
839 4128 964 4198 disputat
982 4126 1112 4180 Socrates
1130 4128 1204 4198 apud

49 4196 199 4250 Platonem
217 4197 248 4250 in
266 4196 498 4267 Alcib.11.pag.
519 4199 562 4250 39.
599 4196 636 4248 D.
1259 4201 1262 4206 '

123 4267 174 4338 qui
191 4267 258 4322 baec
273 4268 357 4321 rebus
375 4269 487 4322 nomina
501 4265 664 4333 posternat]
701 4268 781 4320 Unus
800 4269 850 4321 Ox.
869 4265 943 4343 Aug.
965 4269 1049 4320 vind.
1072 4274 1095 4323 l.
1115 4267 1217 4335 impo-¹

50 4347 175 4395 enatant.
212 4342 266 4394 Pro
283 4338 404 4394 remisse
431 4336 505 4389 Gud.
527 4342 550 4392 1.
577 4335 693 4389 senisse.
722 4337 795 4391 Gud.
819 4346 958 4407 receptum
981 4355 1034 4420 pro
1053 4340 1202 4405 acceptam.

50 4410 122 4488 Edd.
143 4414 171 4468 P.
192 4410 225 4479 A.
245 4412 275 4464 B.
297 4411 325 4465 S.
345 4411 379 4464 Ε.
400 4408 431 4474 C.
451 4410 531 4491 Junq
549 4408 620 4460 Ven.
641 4415 728 4461 nostr.
749 4408 812 4464 Asc.
835 4413 859 4466 l.
879 4413 905 4465 2.
930 4408 1020 4464 Storci
1037 4407 1205 4475 diligenter,-

774 4585 788 4613 O
