2842 5070
348 317 352 327 .
593 260 1068 340 olenensi,
1259 268 1281 329 3

127 428 275 512 quaesitu
295 429 341 489 sit
362 441 428 505 ars,
450 428 589 509 eiusque
603 411 738 490 -ntilitss
753 425 893 488 deorum
906 427 1149 489 immortalium
1161 429 1289 492 inico·-

127 614 255 668 incliti
273 615 383 681 Regis
407 629 543 677 nomen,
571 613 640 666 daos
657 612 733 679 filios
750 613 781 667 in
800 613 979 682 adoptionem
1003 613 1089 668 dedit.
1127 618 1192 668 Non
1211 633 1280 686 opus

127 695 220 739 estut
239 687 292 738 ille
310 686 431 754 lynceus
449 685 496 749 sit,
516 682 565 753 qui
584 685 662 738 olere
679 684 785 750 rideat,
804 684 900 739 incliti
924 683 1007 754 regis
1032 702 1131 739 nornen
1155 705 1171 739 a
1193 687 1282 742 libra·

127 758 180 809 riis
198 758 343 810 adiectum
360 755 456 821 fuisse,
476 773 511 808 ne
529 757 644 818 Persen,
663 755 715 824 qui
734 756 834 821 fuerit,
862 757 1048 819 nesciremus.
1086 758 1214 810 Velleius
1232 761 1289 819 Pau,

126 837 199 880 tere.
219 829 270 879 lib.
291 828 327 879 ΙΙ,
348 844 373 878 n.
393 829 425 882 5:
446 827 524 878 'Tam
542 841 666 878 severum
685 827 716 881 Q.
737 827 918 887 Macedonici
935 828 964 882 in
983 826 1028 881 liis
1044 830 1178 895 gentibue
1195 829 1282 898 impe-

128 896 205 952 rium
220 899 289 964 fait,
307 904 347 962 at,
365 914 427 951 cam
444 899 549 961 arteni,
570 897 749 950 Contrebiam
766 898 885 965 nomine,
905 899 935 951 in
944 899 1085 967 Hispania
1094 906 1281 968 oppugnaret,

125 971 224 1036 palsas
242 997 275 1006 -
294 967 422 1022 cohortes'
444 1001 473 1012 -
501 969 595 1039 eedem
618 963 751 1036 protinas
777 970 873 1023 satire
897 969 1020 1034 iuberet;
1055 972 1284 1042 facientibusqae
1340 990 1344 997 ¹

128 1041 256 1094 omnibns
274 1039 305 1093 in
320 1040 466 1107 procincta
485 1045 659 1104 testamenta,
679 1068 712 1077 -
732 1057 787 1094 non
807 1042 962 1094 deterritas
977 1045 1134 1109 proposito,
1149 1058 1283 1111 perte·

125 1110 294 1165 verentia
314 1111 430 1177 dacis,
449 1127 526 1178 paena
543 1111 713 1174 moriturum
731 1112 851 1170 miserat
860 1112 991 1178 militem,
1010 1115 1145 1167 rictorem
1162 1115 1288 1182 recepit·¹

84 1179 85 1182 ’
125 1182 229 1236 Totam
246 1186 326 1255 ῥῆσιν
343 1183 471 1252 apposui,
499 1191 533 1234 ut
551 1182 680 1236 iudicent
697 1184 756 1234 viri
776 1183 807 1233 in
823 1183 1006 1244 hiscerebus
1024 1186 1185 1249 exercitati,
1211 1204 1282 1238 num

125 1252 336 1320 perteoerantia
353 1253 435 1306 dacis
453 1271 469 1305 a
486 1252 567 1305 nobis
583 1270 642 1305 non
668 1269 728 1305 esse
746 1253 852 1306 Velleii
876 1254 924 1306 sed
942 1255 1116 1308 ailnotatoris
1135 1258 1282 1311 cuiusdam

126 1332 205 1378 recte
224 1324 395 1388 statuatur.“
431 1327 466 1377 ln
484 1322 627 1376 Addendis
645 1324 720 1376 idem
739 1324 824 1377 Dan:
861 1326 995 1390 „Forsan
1022 1334 1120 1380 tamen
1138 1329 1213 1395 apud
1231 1345 1283 1382 no·

125 1403 217 1448 strum
236 1395 338 1465 reponi
355 1395 455 1466 possit,
474 1394 663 1464 quaeritaret
682 1410 741 1460 are,
761 1395 822 1447 eius
839 1410 881 1448 ex
898 1396 1070 1453 utilitate
1097 1401 1210 1451 deornm
1227 1399 1282 1454 irn-

125 1464 288 1520 mortalium
305 1466 463 1520 inventioni
480 1472 656 1520 corrsecrata.
695 1468 771 1520 Haec
785 1484 855 1519 sene
873 1467 972 1522 minor
999 1477 1042 1520 est
1059 1471 1192 1536 inutatio,
1218 1489 1282 1525 sen·

126 1547 246 1608 sumque
265 1524 447 1593 commodi&
464 1537 593 1614 gignit.“
626 1538 687 1590 'Mn

197 1627 325 1698 quaesita
352 1627 392 1680 sit
419 1640 478 1694 ars,
507 1626 587 1680 eins
605 1632 714 1694 atque
731 1624 891 1679 utilitas
910 1625 962 1694 -J
996 1629 1067 1692 „lta
1090 1627 1282 1705 distinguitur

127 1696 159 1748 in
175 1698 229 1750 Es.
257 1708 320 1751 ntea
344 1698 403 1752 ret.
423 1699 493 1750 Dav.
519 1699 550 1748 ln
575 1697 634 1748 suis
652 1694 723 1749 ndi.
743 1696 949 1766 posterioribus
966 1706 1031 1766 post
1049 1698 1111 1752 eias
1135 1701 1280 1768 distinxit,

126 1766 204 1836 quod
222 1770 296 1821 terri
314 1778 372 1820 no'n
389 1773 492 1838 potest.
529 1767 632 1819 Melius
652 1767 804 1818 Lambinus
823 1767 935 1836 eiusque
960 1767 1091 1835 utilitas,·
1114 1771 1177 1824 eius
1201 1774 1280 1826 enim

126 1839 278 1892 manifesto
307 1838 489 1909 sequentibus
517 1833 737 1906 adiungendam.
776 1837 831 1890 Sed
849 1840 872 1889 si
892 1838 932 1889 ita
951 1840 1066 1908 scripsit
1085 1842 1205 1908 Cicero,
1220 1846 1280 1911 rel,

63 1926 67 1932 ¹
126 1909 204 1978 quod
222 1910 274 1963 alii
293 1912 490 1975 coniecerunt,
509 1915 590 1977 atque
609 1908 671 1961 eins
688 1907 820 1960 utilitast
845 1925 914 1973 cur,¹
934 1925 1045 1977 quaeso,
1065 1911 1180 1965 librarii
1204 1923 1281 1968 stru-

126 1987 240 2034 cturam
263 1981 371 2033 hancce
394 1988 558 2034 consuetam
587 1980 618 2030 in
643 1979 861 2033 insolentiorem
879 1980 1065 2032 inuteverint.
1103 1984 1169 2034 Non
1187 1987 1281 2060 neglia

126 2053 219 2126 genda
245 2061 306 2105 erat
327 2051 419 2122 lipsii
438 2051 589 2116 sententia,
613 2044 707 2104 Elect.
727 2048 764 2103 ll.
788 2055 828 2106 19.
857 2056 940 2117 atqve
956 2068 1163 2122 nonnunquam
1187 2064 1281 2109 trans·

124 2125 195 2194 poni
222 2124 431 2188 contendentis,
459 2130 493 2175 ut
518 2129 561 2174 est
585 2121 660 2192 apud
683 2120 782 2174 Horis.
808 2123 862 2192 Ep.
887 2123 910 2174 1.
941 2125 982 2178 16.
1007 2125 1056 2178 to:
1094 2132 1179 2192 negat
1197 2133 1280 2197 atque

125 2192 263 2248 Sabellis.
284 2193 480 2264 Frequentior
496 2193 584 2245 fuisse
602 2190 720 2245 videtur
737 2192 809 2245 haec
827 2193 1021 2262 transpositio,
1040 2195 1089 2247 sed
1106 2213 1122 2246 a
1139 2197 1280 2251 librariis

126 2265 308 2319 obliterata.“
328 2263 507 2318 Bouhierias.
546 2265 679 2330 „Locum
706 2263 783 2316 haud
806 2263 890 2316 dubie
918 2264 992 2320 male
1011 2282 1110 2318 sonum
1133 2267 1206 2319 alius
1224 2271 1281 2322 alin

125 2337 235 2390 rnedcla
258 2347 405 2411 aggressus
434 2344 484 2389 est.
517 2335 587 2387 Det.
613 2335 739 2409 legebnt:
768 2333 806 2399 (v.
834 2353 899 2386 ann.
925 2336 978 2388 nd.
999 2337 1048 2401 2).
1086 2339 1121 2391 In
1147 2339 1281 2394 addendis

125 2415 232 2478 tamen,
258 2409 372 2461 minore
395 2409 471 2459 iacta
494 2406 652 2458 mutatione
671 2406 797 2474 reponit,
832 2405 894 2458 eius
918 2421 951 2458 ex
975 2407 1108 2462 utilitate.
1149 2410 1194 2463 Tu
1211 2412 1278 2466 vide

125 2495 162 2530 ne
176 2479 369 2531 <correctione
394 2479 486 2530 inulto
510 2477 621 2531 leviore
645 2490 761 2528 menum
788 2476 954 2529 Tullianam
977 2477 1032 2547 hoc
1059 2479 1143 2533 inodo
1167 2486 1279 2552 assequi

124 2548 222 2613 liceat,
241 2549 265 2600 si
284 2550 508 2620 reposueritnus:
530 2579 563 2588 —
589 2547 739 2616 tuendique
763 2562 850 2600 cansa
868 2546 998 2620 quaesita
1021 2549 1061 2602 sit
1079 2566 1140 2616 ars,
1167 2553 1279 2623 eiusque

123 2619 296 2674 utilitate
320 2621 435 2674 &orum
459 2619 534 2672 imm.
561 2617 615 2672 ino.
634 2634 717 2673 ,conc
755 2619 851 2671 Primo
876 2619 938 2671 eius
961 2636 1014 2689 pro
1039 2637 1093 2673 sua
1115 2639 1174 2674 non
1192 2626 1280 2693 plane¹

124 2690 286 2744 inauditum
306 2701 365 2745 esse
381 2693 420 2761 in
438 2699 571 2743 veterum
598 2691 792 2742 monumentis
811 2698 934 2752 constat:
960 2690 1036 2760 quod
1058 2702 1155 2746 tamen
1180 2695 1203 2746 si
1222 2697 1280 2749 disd

95 2775 99 2783 ⁸
124 2763 241 2832 plicett,
259 2765 359 2838 legere
377 2762 466 2833 possis
485 2776 605 2828 suaque
622 2759 761 2818 utilitate
781 2769 835 2814 etc.
855 2761 904 2813 vel
921 2776 972 2813 sna
991 2773 1160 2832 qaoqaeetc.
1188 2763 1281 2829 [Neu.

123 2841 204 2885 trum
231 2842 326 2904 potest
352 2833 476 2904 probari.
513 2832 653 2952 Egregie.
668 2831 821 2887 Lambinus
851 2833 981 2884 correxit
1013 2833 1127 2904 eiusque
1154 2837 1277 2892 utilitas.

76 2952 80 2957 .
123 2903 228 2970 Hand]
255 2905 365 2957 Deinde
391 2903 518 2957 utilitate
560 2918 610 2955 .e.
630 2911 752 2973 propter
768 2903 948 2955 utilitatem.
973 2911 1007 2955 ut
1031 2905 1169 2959 deFinn.
1191 2910 1277 2966 l.13.

124 2981 152 3027 et
170 2975 369 3040 gubernatoris
386 2988 438 3026 are
455 3001 489 3017 ω-
506 2972 641 3037 utilitate,
667 2989 721 3026 non
739 2979 810 3037 arte,
838 2974 986 3026 laudaturi
1012 2983 1041 3027 ct
1058 2977 1108 3029 lib.
1130 2979 1166 3030 ll.
1188 2997 1211 3031 c.
1232 2982 1275 3036 28.

124 3043 165 3096 Ar
184 3045 437 3109 oerorifractibns
458 3064 491 3087 -·
512 3051 538 3096 et
555 3045 724 3096 utilitatibus
739 3043 883 3096 amicitias
902 3046 1022 3096 coleman
1041 3055 1096 3099 etc.
1116 3049 1150 3101 de
1169 3050 1234 3101 Div.
1254 3053 1279 3105 1.

126 3120 158 3170 7:
179 3116 307 3168 utilitate
325 3124 351 3168 et
371 3120 421 3167 ers
439 3120 482 3167 stt
500 3120 527 3166 et
544 3114 674 3166 inuentor
692 3107 834 3167 landatur.
855 3115 888 3170 de
907 3117 943 3166 Ν.
964 3115 997 3167 D.
1018 3117 1059 3168 ll.¹
1075 3120 1118 3172 33.
1159 3120 1279 3174 Utilita-

126 3193 187 3239 tum
198 3217 226 3230 -·
239 3203 284 3239 ma
307 3186 436 3240 nitndine
454 3184 603 3238 constituti
621 3190 684 3236 enni
704 3185 731 3236 ei
750 3185 788 3249 di,
809 3184 858 3252 qai
875 3185 1019 3237 utilitates
1038 3203 1158 3255 quasque
1175 3191 1279 3257 gigne-

124 3259 203 3311 bant.
227 3267 260 3310 'ct
278 3206 400 3316 iissre:
429 3272 547 3331 qaqrnm
564 3270 661 3308 rernm
678 3254 805 3307 utilitate
823 3254 905 3308 rideo
932 3262 1091 3322 consecrata
1114 3259 1277 3328 simulacra,

124 3330 173 3382 ubi
199 3345 258 3382 non
282 3338 325 3382 est
352 3338 405 3382 cnr
428 3329 509 3380 iuxta
532 3326 618 3380 codd.
646 3326 781 3395 quosdam
808 3324 886 3389 [cum
903 3325 986 3392 Dan]
1011 3328 1135 3404 refingns
1162 3348 1278 3401 quarum

125 3412 221 3454 rernm
236 3400 393 3453 utilitatem
410 3397 491 3452 uideo
509 3399 596 3452 etiam
615 3413 692 3451 conr.
716 3395 779 3472 siin
807 3397 912 3466 [neque
939 3400 1155 3466 necteretulit,
1182 3422 1278 3475 neque

145 3473 284 3526 rudenter
307 3472 477 3524 diiudicarit
499 3469 608 3522 Davisii
632 3468 828 3522 coniecturam
846 3467 970 3537 Wopk..
986 3470 1048 3522 Vid.
1077 3482 1186 3526 nostras
1204 3477 1277 3530 Edd.

160 3544 200 3611 n]
236 3543 277 3597 De
295 3543 351 3595 hoc
369 3542 490 3595 ablativi
505 3559 558 3593 usu
580 3540 639 3593 vid.
659 3538 831 3613 Schulting..
855 3540 898 3597 ad.
913 3539 1035 3605 Quinct:
1055 3542 1182 3597 Declam.
1207 3549 1229 3599 l.
1249 3552 1275 3603 2

125 3621 156 3666 et
173 3614 305 3668 Cortium
323 3614 357 3666 ad
368 3613 444 3668 san.
465 3613 526 3666 Cat.
544 3612 589 3678 tt,
607 3610 656 3667 3.“
675 3611 823 3678 Woptens.
843 3611 939 3676 „Non
950 3615 1108 3666 necessaria
1127 3625 1171 3669 cst
1185 3616 1279 3689 Wop-

123 3682 220 3737 kensii
244 3685 402 3740 correctio:
430 3683 591 3737 necessaria
614 3693 684 3739 vero
704 3691 753 3747 est,
770 3689 881 3735 nostra:
910 3680 1080 3738 inventione
1103 3696 1277 3753 consecrata.

125 3755 200 3822 Quin
223 3757 318 3809 enimi
349 3775 386 3810 an
410 3755 522 3807 utilitas
555 3753 625 3806 artis
650 3754 777 3816 medicae
797 3763 974 3814 ¹consecrata
1004 3764 1046 3808 est
1076 3756 1239 3813 inventioni
1262 3780 1278 3816 a

125 3827 180 3881 tin
199 3827 357 3882 oriundae?
392 3825 554 3880 Absurdum
570 3825 639 3877 hoca
668 3825 740 3877 Vult
758 3825 861 3887 Cicero
888 3824 949 3878 sine
973 3825 1068 3893 dubio,
1094 3830 1164 3882 artis
1192 3832 1279 3885 huius

124 3898 286 3952 utilitatem·
310 3897 518 3969 quodammodo
543 3897 633 3950 tuisse
659 3904 854 3949 consecratam
876 3895 987 3948 honore
1011 3897 1065 3949 diis
1091 3900 1125 3952 ob
1152 3902 1213 3954 eius
1233 3904 1278 3955 in·

124 3969 293 4023 ventinncm
318 3969 444 4036 reddito,
467 3970 516 4022 vel
541 3969 636 4038 potius
660 3965 770 4020 honore
790 3967 888 4018 divino
913 3967 948 4018 iis
971 3967 1136 4027 hominibus
1159 3974 1279 4039 tributo,

126 4040 227 4111 quibus
247 4040 368 4094 debetur
385 4040 524 4094 inventio.
563 4041 607 4091 lta
631 4056 746 4107 semper
771 4037 904 4106 loquitur
928 4037 1039 4092 Cicero.
1077 4040 1170 4110 Supra
1188 4046 1210 4096 l.
1225 4047 1278 4102 14:
1324 4041 1329 4050 ‘

129 4111 234 4166 Vetera
251 4112 310 4164 iam
326 4113 387 4165 ista
404 4119 432 4166 et
448 4109 590 4178 religione
608 4110 729 4163 omnium
755 4111 925 4161 consecrata.
944 4109 977 4158 V.
996 4113 1027 4165 t:
1056 4109 1182 4167 Socratis
1204 4115 1280 4168 ratio

126 4181 441 4250 &mirantimiranti
463 4177 601 4233 memorii
629 4187 655 4232 et
680 4180 776 4232 literis
798 4183 974 4231 consecrata.
1004 4180 1038 4232 dc
1056 4183 1094 4234 N.
1121 4181 1155 4234 D.
1176 4185 1214 4237 11.
1234 4187 1278 4240 26.

126 4251 187 4305 Aer
204 4255 320 4308 lunonis
338 4255 448 4310 notitiae
466 4257 653 4304 consecratur.
673 4252 725 4303 111.
745 4252 789 4305 tt.
818 4249 952 4318 proxime
969 4250 1003 4302 ad
1021 4261 1151 4304 nostrum
1168 4254 1279 4310 locum:

127 4338 246 4393 quanm
264 4341 360 4380 rernm
377 4325 506 4379 utilitate
529 4320 611 4373 video
635 4320 722 4372 etiam
748 4326 910 4372 consecrata
929 4319 1092 4375 simulacra.
1123 4323 1192 4376 Add.
1220 4325 1281 4376 cic«.

125 4410 171 4465 ap.
190 4397 405 4451 hactent.'Dir.
427 4397 495 4450 lnst.
516 4393 538 4446 1.
562 4393 606 4448 1⁵:
628 4390 761 4460 intelligi
776 4395 869 4460 potest
886 4392 1028 4445 acumine
1046 4393 1165 4446 virtutis
1181 4393 1281 4460 gratia

1006 4501 1045 4558 Ι*
