2842 5070
200 298 264 365 402
407 291 637 357 CICERONIS
658 288 1159 365 TUSCULANDISPUTAT.
1256 274 1261 282 ’

200 461 395 534 diocritetes
415 466 527 521 entem
554 456 816 538 malorumquis
837 454 976 519 laudare
1007 465 1100 516 recte
1121 451 1251 534 possiti
1285 455 1365 533 quis

200 546 289 609 anim
305 549 427 625 potest,
448 542 483 600 in
498 560 564 621 qno
579 540 685 603 libido
704 537 915 622 cupiditasve
936 540 990 612 sit,
1013 558 1079 598 non
1102 535 1308 599 libidinosus
1331 545 1367 599 et

201 624 341 709 cupidus
362 621 449 689 esset
470 622 586 704 inquo
607 625 672 696 isa,
695 641 763 683 non
784 618 985 693 iracundusl,
1006 621 1042 680 in
1064 638 1128 699 quo
1151 639 1270 704 angor,
1294 637 1365 679 non

200 704 339 773 anxius?
372 710 407 769 in
429 726 493 787 quo
514 709 630 779 timor,
660 725 728 765 non
754 698 911 765 timidusl
934 700 1149 763 libidinosum
1177 702 1299 786 igitur,
1332 710 1367 762 et

200 787 416 866 iracundum,
445 796 479 849 ct
506 789 652 863 anxium,
682 794 717 847 et
738 783 895 846 timidum
928 803 1099 862 censemus
1132 802 1203 845 esse
1231 785 1366 864 sapien·

200 871 289 936 tem?
318 870 366 933 De
389 871 484 931 cuius
506 869 700 930 excellentia
721 868 827 927 multa
849 864 982 948 quidem
1007 863 1084 945 dici,
1109 866 1259 944 quamvis
1290 867 1365 927 fuse

391 995 465 1001 ...-
477 994 781 1003 i-.-..---..--....-.-..-
816 994 820 998 .
874 990 997 999 -ι-.,-.ψ-,-
1007 992 1068 998 --.-
1084 992 1096 999 0

202 1073 312 1113 sumu
328 1054 641 1119 elementia„omisso
660 1058 711 1107 est.
732 1053 765 1106 ln
784 1069 862 1120 seqq.
883 1050 969 1103 Codd.
990 1051 1064 1102 Gud.
1085 1058 1114 1102 et
1132 1050 1217 1106 Vind.
1238 1056 1264 1105 l.
1287 1059 1366 1105 recte

204 1130 329 1183 laudare.
367 1126 459 1179 Verba
477 1124 541 1195 quis
560 1124 636 1179 enim
654 1155 685 1164 -
706 1123 877 1190 cupiditasve
896 1125 936 1175 sit
955 1120 1057 1172 desunt
1081 1122 1113 1172 in
1134 1138 1193 1174 uno
1218 1121 1272 1177 Ox.
1295 1123 1364 1177 Cod.

203 1203 279 1254 Mon.
293 1205 315 1255 t.
336 1197 448 1251 omittit
467 1199 547 1249 euim.
569 1195 661 1252 Rehd.
681 1194 814 1247 etDuisb.
833 1192 940 1245 habent
959 1192 1020 1258 quis
1039 1193 1113 1245 enim
1129 1192 1231 1260 passi
1237 1200 1265 1259 t,
1287 1194 1367 1260 quod

204 1273 265 1323 sine
286 1269 370 1322 dubio
391 1274 434 1318 est
453 1266 634 1318 correctoris.
673 1266 732 1333 Mr„

273 1340 363 1393 libido
382 1338 554 1404 cupiditasve
574 1368 605 1378 —
627 1337 795 1391 libidinosus
814 1342 840 1388 et
858 1333 987 1401 cupidus]
1024 1336 1124 1400 „Cum
1151 1350 1185 1386 oe
1209 1335 1248 1386 sit
1272 1337 1367 1405 purti-

204 1413 268 1464 cula
287 1410 470 1470 disiunctim
489 1407 578 1463 facile
597 1407 704 1476 aliquis
721 1406 904 1474 cupiditatem
923 1406 1009 1457 aliam
1034 1423 1093 1458 esee
1117 1407 1209 1458 enimi
1233 1406 1368 1459 affectio·

204 1500 281 1547 nem,
301 1497 387 1550 quam
407 1478 552 1535 libidinem
569 1477 730 1552 significari
749 1496 764 1530 a
784 1477 923 1530 Cicerone
942 1477 1049 1529 credat.
1087 1475 1142 1529 Sed
1161 1494 1208 1529 ess
1227 1495 1288 1541 nqn
1307 1478 1368 1530 dif-

203 1555 282 1607 ferre
301 1552 381 1603 vides
400 1567 436 1601 ex
453 1551 487 1602 L.
505 1550 558 1606 111.
580 1563 604 1600 a.
627 1551 668 1604 ll.
705 1549 744 1600 Et
762 1550 859 1601 statim
884 1549 955 1600 dicit
974 1548 1088 1600 Cicero:
1114 1564 1168 1600 nou
1192 1548 1368 1601 libidinosus

205 1630 238 1679 et
257 1623 374 1691 cupidus
393 1636 465 1685 esse,
485 1620 560 1688 quod
578 1636 730 1688 perperam
748 1619 817 1670 Dav.
837 1627 980 1670 mutatum
1006 1618 1119 1671 volebat
1147 1621 1177 1670 in
1202 1625 1264 1671 eut
1291 1622 1369 1686 cupi·

206 1696 260 1749 dus
283 1708 350 1750 esse.
387 1693 555 1763 lingendum
588 1706 675 1762 ergcs
707 1689 737 1741 ἑκ
767 1707 818 1758 pua
843 1690 933 1744 libido
961 1688 1173 1758 cupiditasque
1199 1691 1253 1743 sit.-
1288 1689 1368 1741 nihil

204 1758 316 1836 ‘saepius
334 1770 528 1832 permutetur,
548 1776 633 1828 quesn
652 1761 722 1813 istae
741 1761 901 1828 particulae
928 1761 961 1811 in
979 1761 1065 1816 Codd.
1087 1761 1163 1814 MSS.
1191 1769 1225 1812 ut
1242 1769 1369 1813 testatur

204 1835 353 1894 Bentleius
371 1833 405 1891 ad
423 1833 521 1887 Horat.
541 1832 594 1887 111.
615 1830 640 1883 2.
661 1830 728 1887 28.“
747 1829 837 1883 Boub.
874 1831 970 1885 Sicuti
986 1832 1072 1885 niinis
1092 1832 1195 1902 cupide
1206 1829 1276 1884 st.
1300 1846 1369 1883 eum

205 1906 336 1959 Bentlcio
356 1911 381 1956 et
400 1904 524 1955 mutavit
543 1902 574 1952 in
594 1908 641 1953 eut
659 1901 897 1974 (intelligendum
908 1911 951 1954 est
960 1903 1054 1954 enimi
1074 1919 1128 1954 noae
1148 1902 1321 1955 libidinosus
1340 1908 1369 1954 et

117 2035 124 2046 ,
206 1995 260 2035 nou
278 1976 429 2045 cupidum)
449 1975 489 2029 lta
508 1989 565 2027 non
585 1971 683 2025 debuit
701 1979 813 2024 mutare
830 1989 862 2024 ue
881 1973 910 2025 in
930 1988 980 2039 que
997 1971 1180 2027 Bouhieriu's.
1200 1974 1368 2026 Libidinem
1404 2010 1409 2017 .

207 2056 304 2100 autem
331 2066 347 2103 a
372 2044 533 2114 cupiditate
560 2042 695 2095 nonnihil
723 2042 853 2105 differre,
881 2045 940 2095 iam
964 2059 1048 2104 nemo
1075 2044 1181 2096 nescit:
1209 2044 1298 2114 idque
1317 2043 1369 2096 vel

207 2119 302 2174 lexica
321 2117 432 2171 docent.
469 2113 618 2167 Davisium
641 2114 733 2165 secuti
752 2123 818 2165 sunt
836 2113 921 2170 Sche.
949 2123 978 2167 et
996 2115 1064 2173 Bill.
1100 2115 1161 2173 Me.
1219 2134 1221 2140 ·

278 2184 485 2256 Aut'eupe'dus]
520 2183 615 2259 Vulgo
633 2190 660 2237 et
677 2184 801 2252 cupidus.
838 2184 878 2239 At
895 2201 961 2237 cum
979 2185 1168 2254 praecesserit
1192 2183 1285 2238 libido
1304 2201 1369 2236 cu-

231 2258 409 2320 iditus've,
428 2254 595 2309 coniunctio
619 2253 805 2320 disiunctiva,
832 2256 908 2325 quod
926 2256 969 2308 Cl.
988 2256 1137 2311 Bentleius
1160 2256 1219 2309 ism
1235 2255 1368 2320 uiderat,

231 2330 257 2382 ‘c
275 2326 359 2397 sequi
377 2324 485 2379 debuit.
505 2322 542 2375 D.
563 2320 604 2389 [v.
622 2341 687 2377 ann.
707 2333 796 2380 nostr.
817 2326 958 2394 anteced]
1213 2345 1216 2351 ·
1326 2359 1334 2367 -
1407 2328 1409 2333 ’

279 2400 310 2450 iu
329 2413 381 2466 quo
400 2394 457 2460 ira,
476 2410 529 2448 non
548 2393 720 2457 iracundus?
746 2399 776 2451 in
803 2413 856 2466 quo
882 2399 972 2464 anger
990 2431 1023 2443 -
1043 2415 1097 2455 uon
1123 2395 1286 2461 timidusd]
1324 2396 1371 2449 Ad

208 2468 380 2523 sententiam
406 2467 445 2519 cf.
472 2465 533 2518 Jec.
561 2465 744 2536 carpentarii
771 2462 880 2520 Comm.
909 2469 941 2520 in
967 2469 1083 2522 Alcinoi
1111 2471 1180 2535 inst.
1206 2465 1243 2520 ad
1267 2468 1369 2521 Docte.
1406 2485 1409 2489 ·

208 2538 280 2592 Plat.
301 2557 329 2609 p.
350 2539 410 2593 124.
431 2569 464 2579 -
485 2534 553 2589 Cod.
572 2538 648 2588 Mon.
670 2542 694 2590 l.
716 2538 831 2590 exhibet
849 2539 896 2592 Hs¹
913 2539 944 2590 iu
963 2556 1017 2609 quo
1037 2543 1102 2606 ira;
1121 2540 1195 2593 unni
1210 2540 1262 2592 Ox.
1283 2539 1369 2591 cmit-

209 2612 248 2668 tie
266 2611 322 2669 ire.
360 2607 435 2683 Aug.
464 2622 521 2658 non
550 2605 635 2659 habet
664 2609 750 2661 verba
774 2611 805 2665 s'u
823 2626 875 2677 qua
902 2626 997 2677 ungor
1015 2639 1049 2649 -
1068 2627 1123 2665 nau
1145 2610 1287 2665 timidus?
1327 2608 1370 2660 Ad

209 2700 287 2807 {f‘ff'
299 2677 493 2807 ξῖδὶηῦὼέεε
521 2677 648 2802 ”dedum
664 2684 692 2730 et
719 2679 848 2747 cupidum
874 2689 938 2751 post
964 2681 1058 2748 igitur
1081 2683 1219 2757 ignorant
1245 2683 1369 2751 quatuor

230 2772 246 2806 a
273 2794 280 2808 ,
325 2768 383 2807 ar.
428 2767 445 2800 a
459 2765 531 2800 tcan·
627 2765 652 2802 t‘.

283 2836 478 2898 libidinosum
495 2835 598 2903 igitur]
634 2838 691 2889 Vul
747 2847 906 2893 annectunt
925 2848 952 2892 et
970 2839 1108 2907 cupidum.
1145 2836 1202 2892 Sed
1221 2857 1267 2892 eas
1286 2855 1371 2893 voces

211 2913 347 2967 nesciunt
370 2907 442 2982 Reg.
466 2907 612 2961 Pithoean.
638 2907 711 2964 Pel.
736 2917 870 2977 quatuor,
899 2911 1011 2963 Fabric.
1038 2920 1068 2964 et
1095 2911 1190 2964 vatic.
1215 2927 1272 2962 nec
1296 2909 1370 2962 mihi

211 2977 388 3037 necessariae
412 2977 561 3043 videntur,
588 2978 730 3046 siqnidem
751 2979 839 3033 libido
859 2987 888 3035 et
913 2978 1055 3051 cupiditati
1079 2998 1169 3034 unum
1193 2982 1368 3051 eandemque

213 3071 276 3111 rem
295 3052 441 3124 denotent.
478 3047 551 3103 Vide
571 3064 657 3118 supra
672 3050 724 3104 lib.
744 3050 797 3105 111.
817 3068 879 3121 cap·
899 3052 948 3105 Xl.
984 3053 1022 3104 D.
1219 3056 1223 3061 '

283 3123 465 3178 libidinosum
482 3119 575 3186 igtur
599 3127 632 3177 et
655 3119 835 3188 cupidum]
873 3123 979 3189 „Quod
1005 3123 1107 3175 absunt
1131 3122 1187 3175 duo
1214 3122 1370 3192 verba-po·

214 3195 337 3251 cerices
358 3193 391 3245 ab
419 3192 529 3259 aliquot
549 3190 634 3245 Codd.
664 3191 694 3243 id
711 3207 769 3247 non
787 3194 855 3245 satis
881 3202 923 3246 est
941 3211 1039 3246 causae
1057 3194 1092 3246 ad
1116 3210 1148 3246 ea
1166 3192 1309 3246 delendae
1331 3201 1370 3244 est

213 3267 291 3321 enim
308 3264 406 3336 paullo
429 3261 560 3331 superius
588 3259 677 3314 tebius
696 3262 888 3334 cupiditasque
911 3264 969 3330 [ve]
995 3265 1124 3334 itemque
1147 3264 1323 3323 libidinosus
1346 3266 1370 3314 et

212 3338 342 3405 cupidum
373 3334 423 3387 ubi
446 3347 531 3387 nemo
556 3332 700 3393 iuoilede
727 3334 819 3387 sltem
841 3337 981 3388 vocabulo
1010 3335 1131 3387 delendo
1163 3331 1371 3408 cogitaverit.“

213 3405 304 3461 Βοιώ.
341 3404 413 3461 Mihi
442 3402 559 3472 quidem
582 3402 668 3455 verbs
695 3410 720 3457 et
744 3405 881 3472 cupidum,
910 3423 981 3476 quae
999 3414 1132 3476 repetere
1158 3405 1202 3456 nil
1221 3405 1371 3465 attinebat,

143 3496 146 3503 ’
214 3478 310 3535 addita
325 3474 461 3533 videntur
481 3472 628 3541 abaliquo
647 3484 825 3541 correctore,
843 3472 904 3548 q'ui,
920 3487 954 3529 ut
972 3477 1080 3542 Bouhq
1101 3492 1132 3528 es
1156 3475 1274 3545 requiri
1298 3472 1371 3528 erbi-

213 3556 352 3605 cratetur
365 3553 486 3616 propter
509 3544 714 3601 antecedentis.
750 3546 851 3601 Abieo'i
874 3538 974 3622 igituimx
993 3542 1035 3600 es'
1050 3563 1116 3599 cum
1134 3545 1204 3600 Dav.
1230 3555 1260 3598 et
1276 3543 1370 3609 sets„

215 3637 282 3674 oum
299 3625 416 3690 praeter
434 3632 479 3671 eos
499 3614 596 3680 Codd.,
625 3632 694 3682 quos
718 3617 816 3671 laudet
834 3617 914 3683 Due,
942 3619 1034 3672 absint
1051 3635 1067 3670 u
1085 3617 1172 3670 ded
1190 3616 1277 3670 Been.
1301 3614 1370 3670 Gut

216 3688 381 3763 1.‚2.Aug.
401 3695 510 3755 septem
521 3685 598 3740 Οτι.
620 3687 814 3747 Manbsllchd.
837 3682 935 3741 Duisb.
964 3693 1041 3742 Mon.
1061 3692 1085 3743 1.
1104 3690 1130 3743 ἱ.
1168 3689 1236 3739 Post
1259 3689 1372 3741 §suetae

215 3763 281 3819 dum
298 3765 448 3831 ponantur
465 3757 496 3806 in
515 3755 584 3811 Ood.
604 3756 687 3810 Vind.
708 3759 733 3811 2
754 3758 830 3825 quod
854 3759 949 3828 ipsum
974 3759 1168 3829 suspicionem
1186 3761 1302 3818 νοθείας
1325 3758 1373 3809 fin

116 3893 121 3902 t
215 3839 285 3889 mat.
321 3827 444 3887 Uncinis
461 3825 642 3877 incluserunt
660 3826 715 3879 ists
731 3827 818 3879 verbe
835 3829 981 3884 FAWolf.
1000 3829 1102 3885 Nobu-
1118 3829 1164 3882 Or.
1185 3828 1254 3883 eod.
1271 3826 1370 3881 nauh.

216 3899 341 3957 investit
356 3896 504 3966 sequentia
521 3893 664 3964 habetque
681 3900 709 3948 st
727 3901 839 3952 sinum
857 3907 883 3952 et
900 3901 1072 3953 ducendum.
1091 3899 1158 3952 eost
1176 3900 1214 3952 G.
1234 3915 1297 3952 esee
1314 3913 1372 3952 cen·

215 3985 313 4023 semus.
350 3969 404 4020 Est
422 3980 580 4019 censeamus
598 3965 627 4016 in
646 3966 717 4023 Edd.
737 3971 766 4023 P.
785 3971 818 4025 B.
836 3967 863 4023 S.
883 3972 918 4025 E.
938 3964 1020 4023 June.
1056 3972 1116 4025 Me.

288 4058 332 4113 De
349 4054 429 4109 euius
447 4053 612 4109 excellentie
634 4081 665 4095 -
685 4055 796 4126 lateque
810 4059 989 4126 puseuut‚]
1026 4059 1182 4126 „vatican
1200 4057 1263 4112 de’es‘
1281 4072 1372 4126 quem·

217 4132 261 4186 ste
283 4131 391 4198 lateque
412 4127 520 4195 pessit.
549 4134 679 4183 ceterum
704 4129 775 4183 Pali.
804 4138 872 4183 tert.
899 4139 992 4199 quart.
1016 4132 1104 4182 etism
1129 4129 1261 4196 possit..“
1293 4127 1371 4184 eset

219 4200 328 4272 Scripsi
346 4206 442 4251 autem
460 4204 575 4264 possunt
592 4215 647 4268 pro
664 4199 714 4255 vul
736 4207 781 4255 ato
798 4203 906 4268 possiet
926 4218 962 4253 ex
980 4201 1064 4255 Oodd.
1089 4201 1182 4252 tribus
1208 4200 1289 4254 On..
1302 4201 1372 4275 Aug.

218 4274 272 4331 Ed.
291 4275 321 4326 P.
350 4287 415 4324 cum
439 4269 585 4324 FAWolf.
612 4269 688 4321 laell-
713 4217 798 4325 dchz.
824 4272 873 4327 Or.
899 4271 1079 4325 Sententiam
1102 4279 1132 4325 et
1158 4273 1374 4346 gemmeticam

219 4345 363 4400 rationem
381 4340 566 4395 distinctione
591 4339 762 4423 significati.
790 4341 875 4394 Codd.
895 4345 970 4395 Mon.
992 4348 1015 4396 1.
1042 4352 1072 4395 et
1089 4341 1164 4415 Aug.
1192 4343 1304 4397 habent
1320 4343 1374 4408 ‹tif-

219 4421 291 4484 fw,
326 4414 461 4476 ussum
479 4411 570 4482 psus-
581 4391 847 4489 tonnusmnnu
858 4414 934 4484 spus
948 4414 1012 4472 cia
1031 4413 1109 4470 ont
1127 4415 1173 4468 sa
1191 4417 1262 4472 ns:
1288 4412 1373 4481 tant·

584 4620 598 4650 Ι
