2842 5070
54 350 56 357 ι
120 309 183 375 ue
327 258 823 372 a1cuuou1suuscuutu.
844 302 1075 370 msrurar.
1117 336 1124 360 .

56 471 98 535 28
201 470 267 534 Sed
287 474 394 533 omnis
406 471 582 544 ‚eiusmodi
603 473 816 552 perturbatio
838 471 941 531 animi
961 468 1151 611 placatione
1168 466 1286 530 ablua-

56 554 102 608 60·
123 562 180 616 tur
201 555 259 615 illa
281 552 426 634 quidem,
448 573 548 634 quum
571 552 698 630 doceas,
720 571 781 615 uec
802 554 926 614 bonum
949 550 1036 612 ilud
1057 570 1141 624 esse,
1165 570 1206 612 ex
1221 569 1295 632 quo,

66 623 93 676 b·
123 637 249 705 laetitia
267 646 329 701 'aut
348 633 454 697 libido
481 638 634 699 oriaturt
666 635 727 697 nec
755 635 890 713 malum,
920 652 960 715 ex
989 653 1053 716 quo
1082 642 1143 695 aut
1174 642 1286 696 metus

124 820 244 874 annot.“
260 818 356 890 ,Barla
393 820 517 894 Legitur
542 835 639 872 nomen
667 818 699 870 in
722 833 781 870 uno
808 817 859 870 Ox.
884 817 960 886 quod
985 816 1060 868 mibi
1088 833 1207 886 quoque
1233 817 1288 870 ali-

124 892 237 961 quando
253 891 404 960 probatum
423 899 474 943 est.
512 892 597 942 Nunc
614 891 748 960 praefero
763 889 939 957 paupertatis
957 889 1061 939 malum
1087 889 1179 940 etita
1198 888 1287 942 intel·

100 963 197 1037 ‘1ng
225 971 257 1013 ut
278 962 363 1026 dicat,
382 961 414 1013 id
433 961 506 1030 quod
522 961 553 1012 iu
569 962 733 1028 paupertate
752 961 854 1012 malum
866 975 926 1011 ecee
945 959 1053 1015 dicitur
1069 959 1120 1011 vel
1128 966 1287 1028 paupertae

126 1049 207 1102 quam
224 1034 327 1084 malum
347 1049 407 1084 ecee
424 1031 509 1085 multi
527 1031 694 1090 existimant.
729 1031 797 1089 Mr„
1213 1062 1216 1067 ·

196 1119 220 1154 o.
240 1104 283 1156 te.
322 1102 380 1155 sea
397 1101 486 1155 omnia
504 1102 642 1160 eiuemoeli
658 1101 833 1170 perturbatio
852 1098 941 1153 auimi
955 1097 1115 1170 placatione
1134 1099 1183 1166 -]
1209 1102 1287 1167 „Vi-

104 1173 210 1225 ›detur
228 1173 403 1225 admittenda
419 1173 545 1225 Bentleii
564 1173 731 1224 coniectura
760 1171 799 1237 [v.
820 1171 855 1236 ej.
876 1169 971 1234 ann.],
998 1179 1027 1224 et
1050 1170 1127 1222 hanc
1153 1172 1286 1225 emenda·
1340 1177 1344 1184 '

42 1246 48 1251 ’
125 1243 235 1296 tionem
254 1245 402 1311 sequentia
419 1241 600 1314 postulant.“
619 1241 737 1295 Lallem.
772 1245 836 1308 „ln
852 1241 898 1294 his
916 1241 1023 1293 vitium
1048 1241 1140 1294 inesse
1180 1242 1284 1309 lurimi

126 1314 320 1367 consentiunt.
362 1312 511 1367 Bentleius
535 1313 649 1366 volebat
678 1313 791 1382 duplici
814 1313 946 1378 ratione,
966 1328 1024 1363 non
1052 1329 1116 1386 ego.
1196 1329 1243 1364 am
1270 1330 1285 1366 e

126 1385 237 1437 duabus·
249 1385 406 1438 rationibus
425 1385 545 1436 alteram
563 1384 670 1447 laudat,
690 1383 811 1436 alteram
830 1383 938 1437 reiicit.
958 1383 1089 1437 ¹ltlalirnt
1105 1383 1286 1451 perturbatio

125 1458 223 1519 auimc,
249 1454 311 1508 bac
329 1454 469 1509 ratione
489 1455 619 1510 abluatur
642 1455 696 1507 illa
715 1454 836 1522 quidem.
873 1455 947 1507 Nam
965 1454 1082 1507 abluere
1109 1470 1169 1506 non
1190 1465 1286 1514 estex

68 1591 70 1596 Ι
126 1526 222 1577 animo
241 1527 348 1592 delere,
368 1528 417 1579 sed
434 1527 549 1590 tollere,
568 1526 651 1577 nulla
668 1525 779 1579 ratione
798 1525 888 1578 animi
914 1524 1020 1576 habita.
1057 1523 1283 1592 Sententiaest:

126 1597 184 1649 Ista
203 1596 366 1650 Stoicorum
389 1598 502 1652 ratione
524 1597 755 1666 perturbationes
780 1596 930 1649 tolluntur
954 1596 1022 1647 illae
1042 1595 1168 1664 quidem,
1195 1613 1285 1666 eaque

125 1668 261 1720 subtilior
280 1677 330 1731 est,
350 1669 397 1720 sed
416 1668 493 1720 nihil
509 1669 588 1720 valet
606 1668 640 1720 ad
656 1668 816 1736 pacandum
834 1667 970 1718 animum.
1006 1667 1083 1718 Hinc
1096 1668 1193 1720 altera
1211 1668 1285 1721 ratio

126 1745 206 1789 certa
231 1746 259 1790 et
283 1740 402 1809 propria
425 1739 637 1811 diciturpquia
654 1755 713 1789 non
741 1739 772 1788 in
796 1754 839 1802 eo,
865 1753 922 1807 quo
947 1735 1181 1806 perturbationes
1208 1738 1285 1791 exci-

125 1811 235 1872 tantur,
259 1810 307 1861 sed
331 1810 362 1859 in
384 1809 431 1861 hi‘s
455 1811 525 1879 ipsis
548 1809 676 1862 sedandis
703 1819 845 1862 versatur.
886 1809 960 1860 Nam
984 1807 1049 1859 aliis
1073 1808 1189 1878 quoque
1215 1807 1286 1861 locis

127 1875 229 1943 (licere
248 1877 356 1943 docuit,
375 1898 477 1949 parum
494 1880 628 1949 prodesse
647 1896 713 1931 cum
732 1880 840 1943 doceas,
867 1887 917 1930 aut
933 1877 1048 1930 malum
1061 1879 1239 1949 aut'bonum
1258 1879 1287 1932 id

125 1965 185 2000 non
209 1966 277 2016 esse,
304 1951 380 2018 quod
404 1959 452 2003 aut
477 1951 625 2015 timeatur,
655 1958 706 2001 aut
731 1947 980 2020 concupiscatur.“
1007 1946 1117 2001 Nicaea.
1160 1951 1287 2002 Verbum

128 2018 259 2073 abluatur
276 2019 352 2071 mibi
371 2039 518 2091 nunquam
544 2022 610 2072 satis
629 2020 754 2089 placuit.
785 2023 836 2091 qui
854 2020 952 2092 modus
967 2019 1117 2088 ‚loquendi
1133 2020 1301 2088 perturba-⁸

127 2089 234 2144 tionem
257 2092 379 2156 abluere,
409 2100 437 2142 et
462 2091 578 2161 quidem
600 2091 758 2160 placatione
785 2090 889 2142 animi!
927 2090 972 2142 An
991 2090 1092 2155 Cicero
1117 2089 1199 2143 dedit
1218 2090 1286 2143 alle-

126 2170 215 2215 uetur
232 2162 281 2224 uel
298 2161 458 2214 allevatur?
492 2162 590 2214 Etiam
608 2169 672 2231 post
689 2162 776 2214 dicite
796 2160 864 2213 baec
880 2167 924 2212 eet
941 2167 1017 2212 certa
1041 2161 1163 2214 sanatio.
1201 2162 1286 2214 Bent-

127 2230 202 2284 leius
229 2240 258 2283 et
284 2249 337 2301 pro
359 2231 516 2299 placatione
541 2232 617 2304 legit
646 2232 752 2297 duplici
775 2231 919 2284 ratione.“
946 2231 1013 2282 Era.
1049 2231 1171 2299 Nullam
1200 2230 1312 2302 plane‘

128 2317 182 2374 ego
205 2300 309 2353 harum
335 2298 566 2354 emendationum
589 2302 776 2353 necessariam
805 2303 900 2354 duca·
930 2301 1080 2354 Sententia
1108 2310 1167 2354 est:
1198 2302 1287 2354 Ablui

128 2372 247 2441 quidem
270 2372 388 2424 fortasse
408 2371 456 2422 vel
482 2371 609 2446 abstergi
632 2369 681 2436 (ut
700 2373 827 2442 explicat
845 2372 892 2438 K.)
918 2380 1014 2442 potest
1034 2372 1127 2440 omnis
1146 2371 1287 2426 eiusmodi

97 2493 101 2500 ,
126 2440 319 2510 perturbatio,
347 2442 370 2492 si
394 2442 523 2494 animum
545 2443 661 2512 placare
693 2444 860 2516 contigerit,
885 2438 1011 2495 docendo
1034 2460 1088 2495 nee
1105 2442 1213 2495 bonum
1232 2452 1285 2496 etc.

99 2515 113 2534 ¹*
128 2528 182 2564 nec
206 2510 316 2562 rnatum
344 2520 399 2564 etc.
419 2556 423 2562 .
442 2513 505 2565 Sed>
521 2513 631 2565 certior
655 2517 753 2581 eaque
767 2514 887 2583 propria
913 2522 956 2566 est
986 2514 1104 2578 sanatio,
1131 2512 1157 2564 si
1185 2515 1286 2567 docere

127 2582 295 2656 contigerit,
323 2581 398 2651 ipsas
424 2583 653 2653 perturbationes
678 2593 732 2635 etc.
777 2585 817 2636 Ut
842 2583 872 2634 h.
892 2584 914 2635 l.
939 2584 1048 2637 dicitur
1074 2584 1306 2650 alietatum-ita
1338 2605 1342 2609 ·

127 2670 195 2706 mox
221 2651 243 2716 b.
264 2656 307 2707 61.
334 2659 459 2721 angatur
483 2654 547 2712 ile.
576 2654 642 2705 fieri
666 2662 771 2722 potest,
795 2663 827 2705 ut
847 2663 971 2730 angatur
989 2681 1031 2704 ·-.
1069 2655 1208 2707 Ceterum
1232 2671 1287 2707 non

128 2724 229 2779 eodem
252 2722 335 2775 modo
355 2725 387 2775 in
405 2724 536 2776 ornnihus
560 2725 700 2793 scripturn
720 2734 762 2778 est
786 2724 878 2776 libris.
916 2724 1062 2778 Scribitur
1079 2723 1287 2779 ltuiaemodi

95 2855 98 2861 y
128 2793 161 2845 in
178 2793 271 2844 tribus
290 2793 377 2846 codd.
398 2794 466 2847 Oxx.
486 2797 560 2846 Mon.
583 2798 607 2848 1.
633 2803 663 2846 et
680 2795 777 2851 Duisb.¹
811 2795 891 2847 Unus
910 2796 960 2848 Ox.
985 2794 1072 2863 babet
1088 2795 1285 2862 placationem.

126 2865 182 2916 Pro
201 2862 336 2915 abluaturv
353 2871 395 2915 est
414 2864 539 2916 abluitur
557 2864 590 2915 in
608 2863 674 2917 God.
695 2867 779 2918 Vind.
802 2872 825 2920 l.
845 2867 935 2918 Usum
953 2865 1040 2917 huius
1048 2865 1131 2918 verbi
1150 2867 1288 2919 tralatum
1311 2891 1314 2899 ¹

120 2930 215 2986 babes
244 2934 332 2985 etiam
358 2935 434 3003 apud
455 2935 582 2986 Plinium
608 2937 663 3004 Ep.
689 2937 742 2989 ΠΙ.
771 2940 800 2990 'lz
837 2936 975 2989 maculam
999 2937 1102 3003 ueteris
1125 2934 1287 2991 industriae

128 3002 270 3058 laudabili
286 3003 344 3057 otio
364 3005 497 3057 abluerat.
518 3008 620 3075 'Recte
639 3015 738 3058 monet
756 3005 804 3060 Or.
830 3016 930 3058 contra
948 3007 1113 3071 Ernestum,
1140 3008 1289 3079 metapho-

94 3100 100 3111 .
128 3092 190 3147 ratu
209 3076 389 3146 desumptam
410 3093 478 3129 esse,
497 3094 513 3128 a
535 3077 596 3129 ritu
614 3077 749 3130 abluendi
774 3079 805 3128 in
825 3077 1034 3147 placationibus
1047 3122 1050 3126 ⁴
1062 3077 1182 3130 deorum
1202 3097 1224 3131 a.
1244 3079 1289 3132 lu-

44 3145 48 3151 ’
129 3146 335 3203 strationibus..
361 3147 425 3199 Vid.
445 3148 629 3200 Lomeierum
647 3147 681 3200 de
700 3149 928 3200 lustrationibus
945 3167 974 3217 p.
995 3151 1056 3202 247.
1077 3149 1140 3203 335.
1177 3149 1240 3203 Me.

200 3233 249 3271 nec
267 3217 364 3272 bouum
382 3217 455 3270 illud
474 3217 539 3283 eece]
575 3219 656 3270 Unus
675 3218 726 3270 Ox.
745 3235 799 3288 pro
817 3235 866 3272 aec
883 3219 969 3272 habet
986 3225 1012 3271 et
1030 3218 1098 3270 eum
1115 3217 1205 3271 codd.
1220 3220 1287 3295 Reg.

93 3295 94 3298 ’
127 3288 216 3341 Marb.
232 3289 331 3352 Duisb.
355 3288 445 3342 Rehd.
472 3289 532 3354 [hic
550 3306 636 3357 supra
654 3290 706 3340 lin.
732 3289 820 3343 habet
842 3289 902 3356 uec]
939 3290 1012 3342 Gud.
1034 3293 1058 3343 1.
1080 3292 1105 3344 2.
1131 3288 1289 3359 [posterior

127 3375 215 3429 supra
232 3376 285 3429 pro
303 3359 459 3427 placatione
477 3358 562 3411 habet
578 3359 807 3426 perturbatione}
845 3363 911 3413 Post
936 3360 1046 3413 taetitia
1073 3359 1105 3410 in
1119 3361 1207 3413 'Gud.
1229 3367 1254 3416 1.
1273 3379 1289 3413 a

94 3484 97 3490 ⁸
128 3445 174 3498 pr.
193 3447 232 3480 m.
261 3437 304 3483 est
329 3437 356 3481 et
378 3447 432 3499 pro
455 3437 510 3482 aut.
535 3429 666 3485 Vinat.
691 3429 779 3483 habet
806 3431 920 3486 libido
943 3437 990 3484 aut
1017 3429 1175 3485 laetitia.
1215 3431 1289 3496 Quae

128 3507 291 3567 sequuntur
307 3499 363 3552 duo
381 3507 428 3553 aut
447 3502 548 3553 absunt
565 3500 599 3551 ab
616 3517 683 3568 unos
695 3502 756 3566 Ox„
774 3503 953 3570 prius'deest
970 3503 1002 3553 in
1020 3499 1109 3555 Rehd.
1148 3504 1205 3555 Pro
1222 3500 1290 3555 baec

129 3579 173 3633 est
190 3568 241 3623 boc
258 3570 290 3621 in
304 3570 376 3623 (iod.
397 3571 470 3646 Aug.
508 3573 542 3624 ln
561 3571 634 3623 Gud.
655 3577 708 3624 eet
727 3570 794 3624 baec
811 3579 861 3624 eet.
899 3573 945 3626 Ad
958 3573 1141 3625 locutionem
1163 3569 1291 3626 baec'eet

129 3671 163 3695 -.-
184 3639 303 3710 propria
327 3644 447 3705 sanatio,
476 3639 504 3692 ei
528 3641 626 3694 doceat
650 3641 709 3693 vid.
734 3643 862 3695 Ellendt.
887 3643 921 3696 de
946 3644 1097 3696 Enuntiat.
1123 3643 1300 3697 Conditio'n.'

128 3729 156 3782 p.
177 3717 220 3768 50.
240 3714 307 3766 God.
327 3716 402 3764 Mon.
425 3716 448 3766 l.
468 3710 555 3763 habet
573 3712 600 3764 ei
617 3711 734 3767 doceris.
774 3714 874 3765 Voluit
892 3717 1010 3767 fumasse
1028 3721 1178 3767 corrector
1194 3710 1291 3768 eido-

91 3835 94 3842 ,
128 3783 239 3836 auerte.-
266 3782 314 3833 sed
334 3789 362 3833 et
381 3781 456 3833 illud
483 3783 641 3834 correctori
658 3791 753 3852 potest
771 3783 879 3850 deberi,
906 3794 940 3838 ut
967 3787 1057 3850 doces,
1088 3785 1164 3854 quod
1190 3788 1236 3837 e'st
1260 3786 1291 3837 in

92 3907 95 3911 ,
129 3869 187 3904 uno
212 3853 262 3905 Ox.
293 3851 406 3903 Habent
433 3850 519 3903 Oodd.
546 3851 649 3903 Vindd.
676 3869 725 3904 uec
751 3857 929 3924 quicquam
955 3854 1095 3920 babere,
1121 3854 1210 3907 Marb.
1242 3873 1292 3909 uec

129 3923 279 3975 barbare
298 3921 471 3989 quicquam.'
491 3919 569 3972 Unus
589 3923 770 3977 Ox.‚omi'ttit
796 3925 999 3986 neceesariume
1030 3925 1130 3999 Pergit
1156 3925 1245 3979 Vind.
1265 3933 1289 3982 1.

127 3998 192 4046 aut
209 3992 309 4059 iprum,
329 3990 404 4044 Gud.
418 3995 451 4046 ,1.
471 3991 540 4066 Reg.
559 3998 590 4044 ut
608 3995 694 4061 lpea.
714 3995 803 4052 Rebd.
822 4005 854 4049 ut
872 3997 955 4066 ipra
973 3995 1174 4064 aegritudine.
1210 3997 1292 4050 idem

128 4062 214 4115 habet
233 4063 319 4114 leniri
336 4061 526 4128 iubeamus,
546 4063 620 4116 Gud.
641 4065 715 4140 Aug.
737 4076 767 4119 et
783 4086 857 4120 unus
877 4070 927 4120 Ox.
947 4068 1120 4121 adeamus:
1136 4068 1292 4121 'nimirum

129 4141 251 4204 propter
269 4132 437 4185 antecedens
454 4140 494 4186 at.
531 4135 607 4186 Tum
626 4136 699 4189 Gud.
721 4143 746 4192 1.
766 4156 827 4191 cum
853 4140 1001 4194 obicitur.
1023 4138 1095 4193 Gud.
1116 4141 1142 4193 2.
1167 4141 1207 4190 οῦ
1232 4139 1293 4192 oti-

129 4205 233 4266 cibue.
254 4205 340 4258 Marb.
360 4220 421 4271 cum
440 4205 594 4259 obicimus.
627 4207 716 4261 Rebd.
744 4225 807 4262 cum
824 4211 992 4265 abiictmua.
1022 4206 1096 4264 Gud.
1114 4208 1143 4264 ’2.
1171 4225 1294 4264 mareu·

129 4276 211 4347 tibae.
247 4273 297 4339 Ad·
317 4274 403 4328 verba
429 4277 651 4332 imbecillitatem
676 4281 766 4333 animi
792 4281 944 4346 effeminati
972 4281 1030 4335 via
1060 4279 1224 4335 Gernhard'.
1243 4278 1293 4334 'ad

130 4343 189 4400 Cic.
210 4347 287 4402 Lael.
307 4364 336 4416 p.
358 4349 426 4414 1⁰3;
447 4348 519 4402 Gud.
539 4353 563 4403 1.
583 4348 670 4403 habet
687 4347 866 4417 ecfeminati,
885 4363 919 4406 ut
931 4353 1017 4409 dedit
1028 4353 1102 4407 Dav.
1123 4351 1187 4406 eine
1206 4350 1293 4407 dubio

131 4411 167 4486 eri
185 4417 344 4493 Gud.}teg.
364 4417 412 4473 sed
431 4420 504 4476 Gud.
525 4421 551 4476 2.
568 4417 778 4487 becfemiuati.
809 4424 869 4478 Mr.
