2842 5070
126 288 170 356 58
330 287 561 407 CICERONJS
581 285 827 354 TUSCULAN.
848 286 1078 355 DISPUTAT.
1162 351 1169 367 ,

128 455 186 517 tali
206 432 356 530 homines
385 475 432 518 ex
446 474 510 536 quo
531 453 620 517 idem
640 452 738 518 miili
757 452 893 516 dicitur.
921 549 922 552 Ἴ
945 454 1011 518 Qui
1032 456 1076 516 sit
1097 455 1190 540 frugi
1209 456 1276 542 igi-

128 645 256 698 temeriae
273 644 373 698 lusisse
386 648 525 712 paternus,
544 648 574 694 et
592 642 633 694 sic
651 641 736 694 Godd.
755 611 858 706 nostri,
877 641 953 710 quod
970 658 1085 694 manum
1104 644 1277 696 correctoris

19 770 21 775 ,
128 714 232 785 sapit.“
249 714 363 769 Laidem.
401 713 484 779 „Sed
507 719 641 766 tentemus
667 730 706 764 sc.
733 713 790 765 hoc
813 713 899 764 verbo
924 712 978 777 uti,
1005 721 1054 763 aut
1072 712 1102 764 id
1124 713 1164 764 sic
1184 715 1277 783 expli-

127 802 201 839 care.
238 785 286 838 Sic
311 786 390 840 MSS.
415 785 550 837 meliores
572 785 673 858 vulgg.
698 783 736 849 [i.
757 801 781 837 e.
805 783 857 852 qui
885 782 1068 837 Gebhardum
1100 785 1276 852 sequuntur]

56 859 60 865 ’
126 855 292 911 temeriusf‘
310 859 378 911 Era.
416 857 450 908 ln
467 854 540 907 Edd.
560 854 609 908 Ox.
631 862 659 906 et
677 853 720 908 01.
741 863 783 907 est
802 862 834 905 ut
853 853 884 903 in
901 862 972 906 vett.
992 863 1057 906 ante
1077 853 1162 906 Grut.
1199 856 1277 909 Reli-

126 945 198 995 quae
216 928 392 980 recentiores
409 925 558 976 Davisium
575 933 742 994 sequuntur.
783 923 925 976 Temeritas
947 921 1048 978 iusisse
1073 934 1114 976 est
1140 924 1170 976 in
1189 925 1276 986 Co'dd.

127 998 214 1050 Marb.
234 997 346 1062 Duisb.;
365 1014 437 1048 unus
457 996 507 1047 Ox.
526 995 611 1048 habet
629 997 678 1051 sed
696 997 816 1049 durum
834 994 1011 1056 nomimis,
1035 994 1108 1047 alius
1125 995 1175 1048 sed
1193 1002 1277 1049 tem-

127 1083 261 1130 nemum
279 1087 352 1119 unus
372 1063 476 1121 dixisse
494 1083 547 1136 pro
566 1066 674 1131 lusisse,
694 1067 748 1118 duo
767 1065 893 1130 iussisse,
911 1083 983 1117 unus
992 1066 1132 1132 putemus.
1153 1066 1228 1119 Gud.
1249 1070 1275 1120 2.

127 1139 176 1191 ced
193 1138 521 1194 temerariuciusse
538 1136 565 1190 ai
588 1134 703 1190 nichil
726 1136 773 1189 eit.
799 1139 877 1189 Mon.
897 1139 922 1190 2.
952 1141 982 1188 et
1011 1137 1160 1189 lusisse-
1186 1138 1213 1190 si
1235 1137 1278 1190 nil

128 1215 185 1263 cci.
214 1210 289 1261 Mon.
311 1215 335 1264 l.
363 1214 390 1261 et
416 1236 446 1244 -
469 1195 602 1275 puteum.
645 1206 690 1259 Ad
714 1226 742 1259 v.
770 1204 844 1258 nitu
873 1225 900 1258 v.
927 1207 958 1261 0.
977 1209 1013 1258 Μ.
1039 1206 1153 1259 Miiller.
1182 1207 1216 1260 de
1240 1209 1276 1259 Vi

126 1279 435 1348 Vorbb.Latt.p.10.
473 1279 533 1332 Mr.

198 1351 269 1417 quod
287 1352 466 1420 nequicquam
483 1354 524 1402 eci
541 1347 573 1401 'in
590 1350 641 1403 tali
658 1344 777 1414 immine]
815 1385 833 1413 „
842 1348 942 1401 Cicero
971 1366 1037 1400 cum
1063 1367 1163 1402 eruere
1188 1349 1278 1424 origi-

127 1437 194 1472 nem
210 1422 288 1473 vocis
308 1437 423 1488 nequam
441 1428 571 1484 conatur,
590 1419 647 1471 ait:
667 1421 738 1486 quod
756 1447 789 1455 -
807 1417 931 1471 domine.
951 1419 1000 1470 ubi
1019 1420 1089 1487 quid
1101 1421 1278 1488 nequicquam

127 1492 174 1556 sit,
194 1493 294 1560 quaeri
306 1492 515 1546 animadverto.
552 1490 615 1563 Ego
639 1506 708 1542 vero
727 1489 880 1542 archaismi
907 1506 986 1554 more
1015 1486 1192 1557 nequicquam
1219 1508 1277 1544 esse

128 1578 183 1621 aon
210 1556 355 1631 quicquam
382 1571 412 1614 et
437 1558 511 1616 nihil
528 1560 669 1612 existimo.
706 1552 749 1612 Ne‘
775 1560 854 1612 enim
880 1577 933 1629 pro
956 1576 1010 1612 non
1037 1569 1159 1614 veteres,
1173 1562 1278 1614 dixisse

128 1632 308 1708 intelligrmt,
328 1633 379 1702 qui
395 1628 568 1685 Terentium
587 1639 615 1684 et
633 1631 765 1683 Plautum
782 1631 926 1704 legerunt.
964 1630 1013 1683 Sic
1032 1639 1062 1683 et
1079 1632 1174 1700 prima
1191 1632 1276 1686 Tusa.

127 1713 296 1772 usurpatum
322 1703 459 1771 recordor
485 1701 520 1767 [c.
540 1704 582 1755 31.
612 1701 660 1753 sed
683 1719 712 1753 v.
731 1702 769 1751 ib.
795 1701 935 1767 annott.],
960 1718 1026 1753 cum
1051 1701 1105 1753 ait:
1134 1718 1278 1756 secernere

126 1779 253 1835 autema
272 1790 389 1843 corpore
407 1773 529 1826 animum
546 1772 780 1840 nequicquam
799 1772 880 1825 aliud
897 1780 948 1837 est,
968 1789 1047 1841 quain
1065 1775 1154 1827 emori
1172 1775 1278 1827 discere

128 1845 148 1897 i.
168 1861 192 1896 e.
221 1862 279 1899 non
305 1845 385 1899 aliud
409 1844 567 1915 quicquam
600 1851 649 1896 est.
686 1844 818 1911 Nequam
842 1841 881 1908 [l.
907 1860 1001 1914 neque
1026 1861 1054 1894 v.
1079 1844 1278 1913 nequaquam]

127 1915 206 1978 enim
224 1916 365 1970 assentior
383 1914 429 1980 iis,
447 1914 499 1983 qui
517 1912 592 1965 mihi
609 1914 746 1966 videntur
764 1913 860 1965 omnia
871 1922 935 1966 tuta
945 1914 1050 1965 timere
1063 1922 1091 1966 et
1109 1915 1280 1967 emendatis-

126 1987 197 2039 sima
213 2003 267 2058 pro
284 1986 474 2040 vitiosissimis
493 2002 666 2058 expungere,
684 1984 802 2067 legique
811 1984 914 2037 volunt
922 1983 996 2037 nihil
1005 1983 1184 2052 quicquam.“
1205 1986 1286 2056 Tur-J
1311 2003 1315 2017 ¹

126 2059 208 2112 aecus
226 2057 316 2111 Adur.
336 2061 380 2122 27,
399 2060 425 2113 6.
444 2073 472 2125 Ρ.
492 2057 536 2111 88.
574 2053 659 2120 „Nec
677 2055 825 2123 quidquam
842 2055 999 2128 legendum
1017 2071 1125 2108 censeo.
1144 2055 1279 2123 necquic-

125 2145 207 2197 quam
224 2124 330 2192 autem,
349 2127 380 2181 id
397 2135 448 2190 est,
474 2143 533 2178 non
551 2126 706 2195 quicquam
724 2144 773 2178 seu
795 2143 854 2178 non
872 2125 1040 2196 quidquam:
1057 2128 1120 2178 'uec
1137 2143 1190 2196 pro
1214 2143 1278 2194 non,

125 2208 262 2269 utsupra
280 2196 418 2267 diximus:
449 2197 498 2248 vol
519 2195 586 2271 iege
611 2195 799 2264 nequicquam,
823 2204 857 2249 ut
875 2212 908 2248 ne
926 2212 979 2266 pro
998 2212 1052 2249 non
1076 2196 1149 2249 item
1168 2196 1280 2250 intelli-

126 2268 244 2344 gatur.“
261 2268 422 2322 Lambinus.
459 2262 543 2332 „Nec
561 2265 704 2334 quicquam
722 2267 874 2319 Lambinus
894 2265 1064 2329 emendavit,
1091 2269 1169 2336 quod
1187 2277 1280 2325 exstat

127 2356 242 2410 quoque
261 2339 293 2391 in
309 2338 380 2395 Pali.
400 2355 444 2407 pr.
464 2345 533 2389 tert.
551 2337 634 2389 Febr.
653 2337 742 2412 vulgo
761 2335 973 2406 nequidquam.“
999 2334 1135 2391 Gebhard.
1172 2337 1281 2393 Scribi-

127 2419 177 2462 tur
194 2411 386 2477 necquicquam
403 2408 435 2461 in
453 2406 538 2461 Godd.
557 2407 655 2461 Duisb.
675 2409 758 2460 Vind.
780 2414 804 2464 l,
825 2410 850 2462 2.
871 2411 945 2461 Mon.
966 2409 991 2461 2.
1011 2408 1082 2461 Edd
1103 2409 1227 2471 HWolf.
1238 2407 1278 2463 Ἰ..

127 2478 482 2535 Fr.Fab1·.·Geoh.Ern.
519 2478 554 2529 In
572 2478 692 2548 reliquis
711 2487 754 2532 est
773 2479 848 2547 quod
872 2495 923 2531 nos
948 2477 1124 2531 exhibemus.
1162 2481 1280 2544 „Varro

126 2550 161 2605 dc
179 2552 211 2603 h.
231 2550 263 2602 L.
283 2553 310 2606 9.
336 2549 391 2616 [10,
410 2551 437 2604 5·
456 2567 485 2619 p.
504 2551 566 2604 589.
595 2542 672 2618 Spen
694 2549 713 2615 .]
743 2549 895 2617 Nequam
920 2550 1076 2615 factumut
1095 2565 1129 2602 ex
1146 2549 1176 2603 N
1184 2567 1229 2604 an
1255 2557 1282 2604 ei

130 2621 231 2690 Volo,
249 2621 353 2686 Nolo,
373 2619 415 2672 sic
432 2636 466 2672 ec
483 2618 532 2685 Ne
551 2625 578 2671 et
598 2567 806 2688 antiquam,
830 2619 898 2673 item
916 2618 1011 2673 needia
1029 2620 1138 2672 extrita
1155 2622 1281 2689 cylicia,

126 2694 304 2761 coactumqest
322 2705 471 2758 nequam.
509 2689 603 2757 ltaque
618 2698 648 2743 at
667 2694 829 2759 eam,'qucm
845 2697 971 2759 putamus
988 2706 1050 2742 esse
1075 2707 1128 2744 non
1154 2689 1210 2744 niti
1237 2690 1281 2745 di-

125 2765 212 2818 cimus
228 2757 367 2827 Nihili,
387 2763 438 2826 sic,
466 2759 498 2812 ia
518 2777 569 2830 quo
583 2767 710 2828 putamus
733 2777 790 2815 esse
810 2777 844 2814 ue
856 2762 1020 2828 quidquam,
1046 2760 1173 2814 dicimus.
1206 2761 1239 2815 N
1241 2779 1281 2815 e·

127 2848 231 2901 quam.
267 2835 335 2884 Non
353 2832 438 2884 facile
458 2831 574 2896 dixeris,
593 2840 660 2884 uter
677 2832 801 2883 alterum
819 2840 966 2899 sequatur:
994 2832 1051 2882 nisi
1069 2834 1145 2885 forte
1163 2848 1231 2887 casu
1248 2832 1282 2884 in

93 2934 96 2939 ,
126 2921 212 2957 unam
231 2903 359 2972 etymolo
378 2902 437 2965 iam
455 2901 622 2959 inciderunt¹
639 2902 740 2954 Cicero
759 2910 788 2954 et
806 2900 929 2953 Varro.“
947 2901 1091 2966 FAWou.
1111 2904 1219 2955 Vocem
1237 2909 1280 2956 eei

127 2973 236 3026 omittit
253 2973 331 3025 Edit.
371 2973 432 3042 ylb.
457 2971 502 3025 Ad
519 2991 546 3024 v.
567 2971 743 3038 nequicquam
759 2991 787 3022 v.
807 2970 890 3023 Parei
907 2973 977 3025 Lex·
997 2971 1069 3025 erit.
1088 2991 1117 3042 p.
1130 2977 1190 3028 777.
1216 2974 1295 3027 Mr.'

197 3059 232 3096 es
257 3059 306 3110 quo
329 3043 402 3096 idem
433 3041 547 3097 nihili
570 3040 684 3108 dicitur]
723 3042 821 3108 „1³a11.
856 3042 984 3111 quinque
1015 3040 1119 3096 nilsid.“
1143 3041 1279 3097 Gebhard.

126 3115 274 3188 „Legitur
290 3112 368 3168 nina
385 3113 417 3175 in
433 3113 580 3165 nonnullis
599 3113 683 3165 Godd.
705 3113 791 3164 etiam
816 3113 847 3163 in
871 3113 961 3186 regio.
999 3112 1054 3167 Sed
1069 3123 1140 3179 ,tres
1158 3114 1282 3167 Leiden-

125 3203 167 3239 ses
184 3185 292 3240 habent
309 3182 403 3250 nihili,
430 3193 463 3236 ut
487 3191 528 3235 est
555 3182 587 3233 in
603 3184 657 3237 Ed.
676 3184 745 3235 Dav.
767 3187 796 3247 13
825 3183 856 3234 in
874 3201 953 3252 seqq.
974 3184 1103 3236 correxit
1129 3183 1205 3238 nillil
1220 3185 1282 3238 lau-

91 3281 98 3287 ·
126 3255 190 3311 data
212 3274 260 3309 sua
287 3257 321 3308 ad
339 3255 398 3308 Gic.
428 3244 462 3306 de
488 3253 584 3305 Divin.
605 3255 627 3307 1.
649 3257 691 3309 14.
715 3255 897 3307 annotatione
923 3255 962 3321 [v.
990 3263 1080 3306 nostr.
1100 3255 1153 3306 Ed.
1173 3273 1202 3325 Ρ.
1224 3253 1281 3321 70.]

126 3326 182 3383 sed
203 3327 269 3385 falli
294 3325 411 3379 videtur
424 3325 476 3376 uir
493 3325 601 3376 doctus.
638 3322 756 3377 Sufficit
778 3324 905 3377 laudasse
928 3325 1029 3384 locum
1044 3325 1181 3378 Varronis
1209 3323 1280 3391 [vid.

126 3396 200 3448 Ann.
224 3397 294 3449 Dav.
322 3406 351 3448 et
377 3393 516 3461 Wolfii]‚
551 3391 618 3462 qui,
648 3395 709 3446 sive
740 3412 775 3446 ex
799 3394 937 3448 Cicerone
963 3395 1035 3448 haec
1066 3397 1178 3463 sumsit,
1205 3397 1283 3465 quod

125 3467 190 3520 veri
217 3475 261 3519 est
288 3466 395 3532 simile,
420 3465 481 3518 sive
498 3465 569 3533 ipse
593 3462 670 3516 idem
693 3463 790 3528 sensit,
816 3466 1005 3534 scriptionem
1028 3463 1113 3525 nihili
1135 3468 1283 3520 veriorem

20 3562 24 3570 ·
127 3555 185 3591 esse
203 3530 328 3607 prohat,v
342 3538 395 3618 ¹It'a
411 3535 532 3619 Romani
551 3533 680 3605 solebant
697 3535 788 3616 loqui.
825 3537 957 3618 piciacus
975 3535 1020 3588 iiic
1038 3534 1116 3589 nomo
1133 3534 1219 3619 nihili
1237 3544 1281 3590 est

37 3630 39 3637 ·
127 3615 154 3672 et
171 3606 254 3660 Iunius
271 3604 495 3660 donziacensis&
514 3610 542 3657 et
560 3601 629 3659 dunc
647 3602 786 3658 iomanem
803 3605 887 3659 77717777
906 3608 948 3658 ait
964 3607 1042 3660 idem
1050 3609 1141 3661 Varro
1151 3607 1188 3661 riu
1199 3609 1280 3663 VIII.

126 3684 235 3749 palll.
272 3681 381 3731 Verum
400 3686 442 3729 cst
459 3676 524 3728 loco
542 3674 576 3725 de
594 3674 697 3743 Dima
713 3676 828 3729 Davisio
846 3678 960 3731 laudato
978 3679 1040 3752 legi
1064 3676 1184 3744 scientia
1208 3677 1284 3732 uinis

127 3757 176 3803 est.
215 3748 271 3803 Sed
288 3749 334 3801 ibi
347 3747 501 3821 significat,
519 3745 603 3817 piane
622 3761 681 3798 non
698 3753 760 3800 esse‘
775 3748 933 3813 scientiam,
953 3766 1006 3801 nec
1025 3764 1104 3813 vero,
1131 3766 1194 3801 eam
1224 3768 1282 3803 esse

126 3818 236 3873 nullius
259 3818 348 3889 pretii
367 3818 489 3886 ideoque
507 3817 695 3885 spernendam
714 3817 762 3869 vel
781 3820 995 3888 reprobandam,
1015 3817 1091 3888 quod
1107 3828 1179 3872 esset
1198 3818 1282 3874 nihili

127 3890 146 3943 i.
167 3907 192 3943 e.
211 3906 265 3945 non
280 3889 348 3955 Icili,
366 3896 400 3939 ut
418 3888 458 3939 ait
477 3884 598 3953 Varrar‘f
629 3884 805 3950 Boudierius.
1069 3888 1070 3891 ’

164 4007 167 4011 .
197 3960 285 4017 Nihil
302 3956 422 4024 dicitur]
459 3955 665 4030 Vulgo'nilaili.
700 3957 756 4013 Sod
773 3960 848 4012 illud
871 3960 975 4011 volunt
992 3959 1126 4025 codicem
1149 3977 1204 4014 nec
1229 3962 1284 4015 im-

131 4031 263 4089 merito..
283 4029 354 4097 Vide
371 4028 408 4082 sis
426 4027 461 4078 ad
479 4027 528 4079 lih.
548 4029 570 4080 1.
590 4028 624 4089 de
641 4029 738 4104 Divin.
759 4047 819 4101 cap.
839 4034 880 4085 14.
918 4031 955 4084 D.

196 4118 312 4203 nihili
337 4115 456 4181 dicitur]
492 4117 618 4170 Restitui
643 4105 725 4171 nandi
748 4135 815 4171 cum
837 4137 872 4202 ἢκ
889 4120 1017 4172 Varrone
1037 4129 1099 4171 tum
1118 4137 1155 4172 ex
1172 4121 1231 4174 MS.
1252 4123 1283 4173 in

126 4189 301 4313 ffigmdg
304 4191 348 4312 1²
355 4186 631 4326 ngiiiagiisaiur
636 4188 733 4312 (aviiii
745 4190 954 4330 pssinilqrgless
971 4191 1291 4316 ἓῖἕίῗυῖἀεῗηχκᾶῑὲίῗῖἒε

128 4330 237 4385 excidit
256 4329 365 4381 enims
390 4329 495 4395 antei,
523 4340 556 4383 ut
578 4332 745 4386 sexcenties.
782 4332 931 4384 Accedunt
956 4332 1028 4385 Edd.
1054 4342 1126 4385 vett.
1153 4334 1282 4405 exceptis

126 4403 159 4456 P..
182 4400 215 4453 Α.
241 4399 366 4457 Hwolf.
406 4401 544 4455 Probabat
568 4403 686 4471 quidem
710 4401 783 4458 nihil
809 4403 954 4460 FAWolf.
983 4403 1015 4455 in
1041 4405 1156 4468 scholis,
1185 4406 1281 4459 dicens
