2842 5070
133 402 136 409 .
199 311 264 383 378
380 309 900 382 olcunoleuuscuLnN.
914 314 1152 384 DISPUTAT.

326 523 329 527 -
363 476 515 544 Occidam
525 480 613 546 'illum
627 483 768 565 equidem
781 488 815 545 el
826 485 957 556 uincam,
971 485 1002 547 ei
1009 485 1047 547 ld
1053 485 1222 566 quaeritis,
1229 485 1357 566 inquit:
1399 448 1403 463 Ι

213 586 217 591 ·
323 603 327 607 -
370 565 481 628 Verum
502 561 586 629 illud
606 567 701 649 credo
721 565 811 646 sore:
833 569 867 629 in
887 588 925 630 os
941 570 1036 646 prius
1057 571 1212 646 accipiam
1232 563 1317 648 ipse,

312 676 313 680 ¹
363 649 462 719 Quam
481 649 627 730 gladium
647 649 855 724 inslomaclso
870 651 981 728 furiae
997 650 1240 732 acpulmouibu’
1257 655 1355 719 sisto.
1407 722 1410 726 Α

251 829 255 837 ’
362 830 482 902 Samnis,
500 833 723 911 spurcus-lamo,
746 837 805 892 uita
822 838 874 891 illa
892 836 989 905 dignu'
1008 837 1130 907 locoque,

364 905 434 958 Cum
452 908 618 961 Pacideiano
641 906 687 962 lic
705 909 887 977 componitur,
910 908 1024 975 optimu'
1042 910 1124 976 longe

176 1037 185 1046 ,
361 977 429 1031 Post
444 976 567 1032 homines
584 985 663 1036 actos
683 981 830 1046 gladiator
848 982 896 1048 qui
913 980 970 1046 luit
986 995 1065 1033 unua.

197 1045 254 1103 Sed
270 1047 303 1100 in
319 1047 366 1102 his
383 1049 511 1102 versibus
535 1066 603 1104 sura
622 1050 692 1121 quid
714 1051 769 1103 sibi
793 1051 867 1105 velit
884 1050 941 1104 hoo
964 1051 1029 1105 loco
1046 1050 1148 1122 posita,
1174 1068 1234 1105 non
1251 1052 1355 1118 vidc03

196 1134 416 1188 sequanorum
440 1137 499 1174 csse
520 1119 623 1205 putof‘
646 1119 794 1174 Gamerae.-
830 1120 993 1191 „Tempore
1018 1123 1128 1176 Lucilii
1156 1122 1213 1176 duo
1230 1123 1356 1178 inerunt

195 1190 436 1313 grunnientiusimi
453 1191 634 1266 gladiatores,
652 1192 835 1245 Pacideianus
855 1200 884 1245 et
901 1190 1084 1248 Aeserninus.
1121 1193 1204 1247 Unde
1231 1212 1357 1264 prover-

215 1256 291 1332 uim:
309 1258 499 1334 Pacideianus
516 1279 577 1333 wan
594 1263 782 1317 Aesernino.“
800 1263 904 1316 comm.
918 1263 1011 1322 Anon.
1029 1265 1180 1336 etp-‚Laod
1200 1263 1356 1332 [videlicet
1383 1316 1385 1320 ,

195 1330 231 1385 de
248 1333 322 1386 viris
339 1350 429 1405 aeque
446 1335 559 1408 magnis
583 1332 662 1387 inter
683 1351 714 1388 se
736 1331 934 1400 certantibus]

179 1417 181 1421 ⁴
265 1421 448 1476 annaeum
466 1423 601 1493 nauta,
623 1421 700 1476 niis
716 1421 925 1477 noeaoeane.
961 1422 1033 1479 vste
1051 1401 1225 1477 nusum
1242 1424 1277 1478 aa
1295 1427 1355 1479 no

57 1500 59 1513 '
195 1491 268 1545 catii
283 1492 375 1547 Sea-m.
399 1495 451 1546 lib.
469 1495 509 1551 11.
531 1494 633 1569 Eulog.
651 1492 715 1559 vn,
733 1497 778 1550 97.
815 1493 866 1549 Ι).-
967 1535 974 1546 .

265 1580 470 1652 Pacideianus]
494 1581 651 1636 Annotatio
667 1583 809 1648 Lambini,
869 1599 915 1635 am
931 1582 1030 1635 laudat
1047 1581 1128 1648 Dav,
1147 1583 1183 1638 ad
1199 1584 1272 1636 Hor.
1292 1585 1353 1642 Sat,

195 1649 238 1705 11.
256 1653 283 1708 l.
304 1655 348 1709 97.
373 1662 417 1706 est
442 1672 471 1724 p.
491 1657 552 1711 198.
579 1655 663 1707 etin
687 1655 825 1722 atowe
865 1655 903 1707 el.
930 1653 1027 1719 [ures.
1053 1653 1148 1720 1596]
1192 1657 1284 1711 .ll¹i.
1308 1675 1320 1709 s
1344 1693 1353 1711 .

194 1719 301 1792 „Apud
317 1725 446 1777 Nonium
463 1738 492 1778 v.
512 1740 642 1794 spurcum
659 1725 768 1778 dicitur
785 1726 826 1778 ita
837 1723 1058 1790 (Pacideianus),
1078 1725 1111 1777 in
1124 1673 1193 1781 eoi.
1205 1726 1287 1802 Reg,
1307 1676 1354 1782 ei,

193 1801 255 1848 vet.
273 1793 375 1860 Bouh,
392 1795 458 1849 Ald.
484 1803 514 1849 et
537 1795 603 1849 aliis
625 1797 773 1850 nonnullis
794 1796 903 1849 dicitur
925 1788 1110 1873 Pacidianue,
1142 1797 1176 1850 in
1192 1813 1250 1850 uno
1269 1799 1353 1852 Laid.

153 1909 155 1913 ,
193 1858 388 1923 Placidianua.
424 1868 509 1921 Unde
524 1867 684 1938 composita
707 1876 750 1921 est
771 1867 893 1937 scriptio
915 1867 1001 1920 huius
1023 1868 1150 1921 nominis
1167 1868 1242 1938 apud
1260 1869 1356 1922 Hora·

194 1935 269 1989 tium
287 1936 306 1989 l.
327 1947 351 1989 c.
370 1933 582 1993 Placideianus.
620 1937 764 2004 Quaenam
781 1939 819 1990 sit
843 1954 912 1991 vera
930 1937 1054 1992 difficile
1072 1947 1117 1992 est
1133 1939 1239 2002 dicere.
1277 1939 1355 1993 Cum

193 2005 286 2060 fuerit
304 2009 410 2063 Romae
429 2026 500 2084 gens
516 2008 637 2063 Pacidia
665 2017 694 2062 et
717 2028 788 2085 gens
806 2009 946 2074 Placidia,
973 2028 1009 2063 ex
1033 2010 1176 2063 alterutra
1198 2009 1274 2061 illud
1299 2027 1355 2064 no-

192 2092 263 2131 meu
284 2087 384 2133 orum
406 2097 465 2134 sess
488 2079 613 2150 potest.“
640 2078 728 2134 Boni.
768 2079 1014 2154 Distinguendum
1044 2097 1103 2135 csse
1135 2080 1352 2143 Placidejanum

193 2149 310 2207 Horatii
327 2168 344 2203 a
360 2161 460 2206 vetere
478 2152 532 2205 illo
549 2151 717 2205 Pacideiano
735 2152 846 2205 Lucilii
863 2161 961 2205 monet
979 2152 1129 2205 Heindorf.
1144 2151 1180 2203 ad
1198 2151 1265 2204 Hor.
1286 2150 1306 2201 1.
1319 2167 1346 2204 c.

194 2237 222 2289 q.
240 2239 375 2291 v.,·quaa
392 2224 464 2276 item
483 2231 525 2275 est
543 2223 845 2276 sententiasKiihneri.
883 2223 1031 2277 scribitur
1048 2230 1142 2277 auum
1158 2218 1350 2274 Pacideianus

192 2297 292 2345 nostro
315 2293 380 2346 loco
406 2294 445 2360 in*
461 2302 571 2362 septem
595 2289 680 2346 Codd.
707 2294 777 2346 Oxx.
802 2294 827 2345 A
869 2331 876 2345 .
901 2294 975 2346 Edd.
1000 2294 1032 2346 Β.
1057 2292 1085 2347 S.
1106 2290 1140 2347 G.
1157 2293 1193 2344 V.
1211 2293 1248 2344 M.
1272 2292 1352 2345 nob.

192 2360 294 2430 steph.
313 2363 374 2415 Asc.
387 2368 412 2418 1.
422 2367 451 2419 l.
469 2364 548 2418 Cam.
566 2364 648 2417 lunt.
666 2363 732 2418 Ala.
751 2364 832 2418 Boul.
873 2364 933 2434 ylo.
953 2363 1111 2432 Laodcar.
1123 2361 1223 2432 Steph·
1238 2361 1354 2426 Goth.;

191 2432 306 2485 Lasnbb.
327 2432 419 2488 Gebh.
440 2435 524 2489 Verb.
548 2434 621 2487 Ern.
640 2434 725 2490 Sohn.
744 2434 891 2503 Fawotf.
913 2435 960 2488 Or.
979 2434 1070 2488 Nobb.
1089 2432 1176 2500 Thu,
1203 2430 1354 2487 Placidio-

191 2517 244 2566 nue
261 2502 294 2556 in
310 2502 395 2560 codd
417 2505 491 2559 Gud.
511 2507 536 2561 2.
555 2508 630 2559 Mon.
652 2511 676 2562 1.
697 2504 803 2559 duobus
823 2507 911 2568 Onne
929 2502 1103 2561 Pacidianui
1121 2504 1153 2556 in
1170 2503 1258 2558 codd.
1278 2506 1352 2580 Reg.

105 2622 108 2628 .
193 2570 266 2633 Gud.
288 2579 312 2633 l.
330 2576 421 2630 Rchd.
441 2577 539 2630 Duisb.
558 2576 631 2630 Gud.
651 2577 735 2631 Vind.
758 2581 782 2632 l.
802 2580 827 2633 2.
847 2574 936 2630 Marb.
956 2576 1020 2646 (qui
1037 2593 1105 2629 oum
1122 2576 1197 2628 Mon.
1218 2579 1243 2630 1.
1264 2575 1353 2630 habet

163 2701 165 2706 ,
189 2642 276 2714 plane
293 2649 460 2717 prosuae),
484 2649 556 2703 Edd-
576 2650 607 2701 P.
625 2645 659 2707 A,
677 2648 713 2700 E.
733 2650 804 2701 len.
823 2656 915 2701 nostr.
932 2645 1056 2704 HWolf.
1075 2645 1166 2712 Oliva
1191 2637 1354 2703 Placidct'a-

190 2732 243 2775 mla
258 2717 290 2770 in
307 2717 379 2772 aad.
399 2719 496 2773 bamb.
520 2714 625 2786 [lieo]
641 2717 716 2771 Lali.
753 2720 813 2773 Mr.

260 2812 411 2861 uuonan
427 2807 574 2876 lucilius]
611 2809 702 2861 Locos
720 2807 830 2861 hucilii
848 2815 890 2860 est
913 2807 944 2860 in
962 2806 1016 2860 Ed·
1036 2805 1099 2878 Bip.
1118 2806 1154 2859 ad
1171 2805 1244 2860 calo.
1266 2806 1353 2860 luve-

191 2875 267 2928 nalis
285 2885 314 2930 et
332 2879 423 2932 Persii
440 2897 468 2948 p.
490 2883 556 2935 194:
590 2877 689 2947 ibique
712 2896 741 2932 v.
761 2882 788 2935 3.
810 2878 923 2954 legitur
948 2893 1025 2945 eura,
1046 2895 1077 2934 a.
1097 2879 1123 2934 5.
1146 2878 1351 2930 accommodat.

190 2943 336 3001 Son-ibitur
358 2949 463 3003 Lucius
490 2951 522 3002 in
547 2949 614 3004 cod.
639 2946 728 3003 Marb.
772 2950 826 3016 Qui
850 2957 1012 3016 sequuntur
1038 2965 1139 3010 uersus
1152 2942 1203 3000 ”ex
1228 2965 1352 3018 persona

191 3017 357 3093 gladiatoris
375 3021 513 3075 dicuntur
529 3021 721 3074 iratoanimo
740 3029 839 3074 contra
863 3021 988 3073 alterum
1007 3019 1200 3094 gladiatorem
1217 3037 1352 3094 pugnan-

87 3082 90 3086 “
189 3089 238 3142 tis.
259 3116 291 3129 ·-
311 3091 378 3144 God.
398 3093 485 3145 Marb.
504 3092 589 3146 hebet
606 3091 680 3145 illud
697 3108 751 3174 pro
768 3091 862 3152 illum3
880 3091 936 3143 duo
950 3091 1025 3144 'Oxn
1045 3089 1176 3157 etKVind.
1193 3094 1218 3145 l.
1240 3091 1352 3158 quidem

190 3161 400 3284 mamam
417 3163 508 3227 Rehd.
525 3163 622 3216 Duisb.
644 3163 771 3231 eqnsdem
788 3162 878 3217 illum.
899 3165 975 3215 Mon.
995 3165 1020 3217 l.
1040 3159 1151 3214 uincam
1170 3168 1201 3213 et
1218 3162 1252 3214 ci.
1279 3162 1353 3213 Ver·

283 3234 423 3303 quaeritis
448 3235 586 3308 intellige
610 3232 725 3298 indetis,
754 3233 842 3286 anua
879 3234 944 3285 Post
967 3232 1050 3293 credo
1076 3231 1133 3284 duo
1151 3231 1222 3285 Oxx,
1241 3231 1350 3284 habent

190 3304 284 3370 torte.
319 3307 419 3381 Pergit
445 3307 532 3360 Marto.
559 3308 591 3360 in
612 3302 684 3358 offla
706 3303 801 3372 prius,
837 3303 927 3358 Rehd.
954 3302 986 3356 in
1007 3318 1067 3356 aas
1086 3300 1177 3370 puae.
1215 3300 1350 3377 Scaliger

192 3375 386 3447 coniecitz-
408 3408 439 3420 -·
476 3379 508 3434 in
526 3394 557 3430 oe
573 3377 657 3446 prim
673 3375 847 3444 accipiam
864 3372 935 3442 ipse,
983 3421 1001 3434 ,Ι

359 3447 446 3503 Quam
462 3448 590 3516 gladium
608 3445 757 3512 alamannia,
784 3445 894 3499 sicam
908 3442 1081 3516 pulmonilu’
1097 3441 1179 3496 sicta.
1216 3443 1278 3496 Mr.

135 3554 144 3565 f
193 3547 201 3587 .·
224 3590 227 3595 ,
262 3533 401 3604 accipiam
427 3535 504 3606 ipse]
548 3539 641 3603 „Pace
664 3535 791 3590 Bentleii
822 3532 959 3600 dixerim,
991 3531 1068 3585 nihil
1096 3533 1184 3585 mihi'
1203 3532 1349 3618 scaligeri

192 3606 359 3661 coniectari
376 3606 512 3674 accipiam
529 3609 646 3661 videtur
662 3606 860 3678 praestantius.
897 3605 945 3668 At,
970 3603 1020 3669 ait,
1046 3604 1231 3657 Pacideianus
1255 3621 1352 3657 ammo

191 3680 380 3732 concitatiore
399 3698 528 3755 pugnans
547 3680 606 3749 ipse
625 3696 655 3732 se
673 3677 832 3730 adversarii·
842 3677 971 3752 gladium
988 3676 1020 3726 in
1039 3691 1068 3728 os
1087 3683 1277 3746 accepturum
1290 3675 1351 3727 exi-

191 3751 299 3817 stimat,
319 3752 388 3820 quia
405 3768 462 3804 non
480 3760 537 3802 tam
549 3751 603 3803 sibi
620 3766 732 3817 cavere,
747 3766 836 3818 -quam
849 3747 897 3800 vel
908 3746 1041 3818 periculo
1052 3761 1102 3800 suo
1120 3745 1211 3799 hostis
1226 3747 1351 3798 exitium

192 3836 332 3895 quaerere
359 3821 469 3875 soleant
493 3829 667 3896 pugnatores
691 3821 779 3871 nimis
802 3819 872 3871 irati
896 3819 1021 3887 adeoque
1034 3819 1155 3883 mutuis
1174 3817 1351 3888 plerumque

190 3892 358 3945 vulneribus
383 3892 543 3946 concidere.
581 3890 673 3944 Credo
694 3889 751 3943 hoc
773 3890 840 3943 fieri
863 3904 1076 3958 nonnunquam.
1115 3887 1171 3941 Sed
1194 3887 1351 3961 gladiator,

192 3964 306 4032 qualem
323 3964 455 4017 Lucilius
473 3962 542 4028 alibi
559 3958 648 4014 fuisse
672 3961 752 4028 dicit,
782 3960 935 4027 excellens,
964 3978 1023 4012 non
1041 3960 1082 4012 ita
1099 3960 1283 4028 loqueretur,
1303 3959 1352 4011 sed

189 4034 314 4088 fidenter
332 4034 527 4089 adversarium
546 4051 561 4084 a
579 4049 608 4084 se
627 4051 659 4084 su
695 4041 790 4086 natum
809 4033 848 4085 iri
865 4032 1079 4103 pronuntiaret,
1098 4032 1182 4084 cuius
1199 4047 1236 4082 ne
1256 4031 1351 4081 ictum

118 4105 121 4109 ’
190 4106 308 4176 quidem
326 4122 462 4159 sensurus
478 4102 581 4160 esset.“
598 4104 661 4158 Bou
679 4104 730 4158 ier·
757 4105 877 4158 Billerb.
900 4102 1042 4172 accipiam
1059 4103 1099 4155 ita
1117 4101 1230 4154 dictum
1249 4101 1352 4153 existi-

189 4181 265 4244 mat,
276 4185 309 4229 ut
328 4186 370 4230 est
388 4177 420 4227 in
437 4175 583 4228 locutione
601 4177 762 4232 merione
780 4176 902 4245 aliquan
925 4175 1063 4242 accipere,
1087 4181 1121 4224 ut
1139 4189 1224 4243 supra
1242 4172 1284 4224 11.
1307 4174 1349 4227 14.

189 4251 237 4304 34.
271 4245 327 4301 Sed
348 4248 406 4299 hcc
430 4262 514 4299 sensu
539 4246 597 4299 dici
620 4264 680 4319 non
704 4256 799 4318 potest
824 4246 859 4299 ia
875 4260 906 4299 os
923 4245 1051 4315 accipere
1072 4243 1202 4314 aliquem.
1241 4244 1352 4295 Vocem

190 4319 250 4389 ipse
268 4316 380 4372 ornittit
394 4332 476 4377 ,unus
495 4317 543 4372 Ox.
581 4319 625 4373 Ad
645 4338 671 4373 v.
691 4330 750 4390 seq.
778 4336 851 4388 quae
877 4317 959 4370 varia
985 4335 1001 4369 a
1023 4315 1113 4368 variis
1137 4316 1198 4368 inte
1237 4315 1352 4367 retibus

190 4399 257 4443 sunt
274 4389 324 4443 vel
340 4388 451 4442 monita
468 4387 516 4449 vel
533 4395 652 4455 tentata,
678 4406 744 4443 cuin
762 4389 954 4443 annotationis
978 4386 1128 4442 modulum
1146 4402 1215 4441 exce
1236 4401 1289 4441 ere
1305 4385 1353 4439 vi·

190 4463 338 4541 derantur,
358 4462 388 4518 in
407 4474 561 4516 excursum
578 4461 725 4517 couiiasre
742 4460 839 4517 visum
858 4469 907 4515 cst.
946 4461 1006 4517 Me.
