2842 5070
200 317 260 382 eu
327 279 331 285 ’
405 305 639 383 onerosus
661 310 1152 378 ruscunnnnnnurnr.

200 482 256 544 cui
284 480 383 572 nihil,
417 476 506 561 quod
533 475 664 540 homini
690 479 826 541 evenire
860 475 986 560 possiti
1029 475 1117 538 Nam
1139 472 1233 556 quod
1256 475 1365 552 aiunt,

115 699 117 707 ·
201 683 311 739 euenire
326 682 428 751 possit,
449 698 483 735 ne
498 681 733 751 praemeditatum
751 679 803 742 ait)
831 696 917 748 quam
934 678 1087 802 culparem
1111 677 1242 731 tolerare
1262 679 1366 736 lectio·

200 773 268 809 nem
291 754 388 808 foedis·
408 753 509 828 glossis
537 752 671 804 oblitam:
709 751 776 820 quid
795 755 886 819 potest
913 749 975 801 acci
995 763 1043 801 ere
1067 751 1126 812 tale
1149 748 1187 816 ei,
1216 750 1267 802 cui
1292 747 1366 805 nili!

174 875 179 879 .
200 826 392 888 instituissent,
412 824 486 892 quod
503 821 611 876 bomini
628 822 736 875 euenire
752 820 875 890 possit.“
895 819 977 876 cett.

256 896 320 948 'An
347 894 531 962 improvisum
558 894 668 961 aliquid
690 899 738 945 out
760 891 952 959 repentinum?
985 891 1058 946 Quid
1075 890 1143 956 etc]
1180 891 1262 943 Haec
1286 899 1365 944 certe

134 1008 142 1017 .
201 968 306 1021 malam
323 983 439 1025 manum
457 982 536 1034 passa
554 973 629 1016 sunt.
668 963 711 1016 cl.
729 963 877 1016 Bentleius
897 962 1012 1031 reponit
1036 963 1084 1016 An
1108 962 1295 1030 improvisum
1319 969 1367 1016 aut

202 1038 375 1106 repentinum
393 1035 462 1103 quid
475 1040 567 1103 potest
585 1034 713 1097 occidere
732 1034 767 1098 ei,
786 1033 833 1090 eres·
848 1032 925 1085 nibil
942 1034 1006 1095 tale,
1035 1034 1110 1102 quod
1126 1031 1236 1086 bomini
1256 1036 1366 1098 euenire

198 1108 309 1179 possit?
346 1107 376 1160 si
396 1106 482 1165 aliam
504 1123 622 1174 quaeras
640 1105 873 1168 hariolationem,
892 1105 968 1155 forte
988 1105 1106 1156 rescribi
1119 1113 1221 1172 queat:
1250 1104 1366 1171 Anim-

199 1181 345 1248 prouisum
363 1176 474 1244 aliquid
493 1183 541 1228 aut
559 1175 753 1243 repentinum?
772 1171 870 1242 quiid
887 1179 978 1242 potest
997 1175 1143 1227 accidere?
1185 1173 1258 1227 Tale
1278 1181 1322 1228 eet
1341 1174 1367 1226 ei

203 1250 264 1314 (vel
282 1247 359 1312 huic)
378 1245 452 1299 nibil
470 1246 541 1315 quod
558 1244 662 1298 lentini
681 1246 788 1298 euenire
806 1247 903 1314 possit.
941 1245 978 1296 D.

274 1319 403 1371 occidere
422 1319 484 1382 tale,
503 1322 531 1368 el
550 1318 594 1369 cui
611 1314 696 1383 nituit]
728 1316 934 1391 „legendum
956 1342 989 1352 —
1009 1317 1065 1368 tale
1083 1316 1119 1380 ei,
1139 1314 1187 1367 cui
1205 1323 1262 1368 etc.
1281 1317 1367 1370 Prae-

203 1399 251 1444 ter
273 1391 363 1442 hocce
390 1389 527 1439 mendum
554 1390 650 1441 omnia
673 1397 773 1458 putem
797 1406 861 1439 sana
886 1405 918 1439 ac
941 1387 1038 1456 proba,
1086 1387 1196 1438 uamvis
1229 1386 1306 1439 alius
1332 1388 1367 1450 de

242 1462 331 1512 nuina
348 1460 406 1512 loci
425 1459 570 1528 scriptura
587 1459 676 1511 aliter
693 1457 888 1511 harioletur.“
911 1404 1097 1525 Wopkenefi.
1110 1474 1134 1509 c.
1153 1474 1182 1526 p.
1195 1460 1257 1513 134.
1277 1458 1366 1523 „Non
1391 1494 1402 1529 ἶ.

203 1540 276 1585 uno'
288 1531 399 1583 laborat
425 1530 500 1581 vitio
523 1529 612 1582 locus.
656 1530 734 1596 Quod
759 1530 879 1599 ponitur
903 1535 952 1581 nul
974 1537 1039 1597 post
1064 1528 1182 1596 aliquid,
1217 1528 1367 1603 significat

113 1606 115 1610 ⁴
204 1602 325 1657 differre
353 1601 527 1670 repentinum
554 1601 588 1652 ab
610 1601 776 1669 improviso:
805 1616 977 1668 quamquam
1002 1599 1136 1652 Ciceroni
1161 1607 1228 1650 sunt
1258 1600 1366 1661 eadem,

204 1684 239 1727 ut
257 1682 375 1744 apparet
394 1691 428 1724 ex
447 1671 641 1740 superioribus
661 1673 715 1736 lll,
736 1674 783 1725 1³:
810 1671 873 1723 Non
900 1670 1073 1723 omnimodo
1098 1671 1307 1738 aegritudinem
1325 1669 1368 1734 ef·

205 1744 252 1812 fici
271 1748 390 1808 censent,
418 1743 468 1795 sed
493 1744 635 1810 insperato
655 1748 682 1794 et
700 1759 749 1795 nec
772 1743 884 1810 opinato
904 1779 910 1791 .
932 1779 938 1792 .
960 1779 993 1792 ..
1020 1741 1147 1792 uidentur
1175 1741 1248 1793 enim
1272 1740 1368 1794 omnia

206 1815 352 1884 repentino
369 1814 514 1884 graviora.
552 1815 604 1865 Est
623 1814 709 1867 etiam
730 1814 761 1864 in
780 1830 842 1864 mea
862 1812 904 1864 ed.
923 1821 980 1865 vet.
1007 1820 1036 1863 et
1060 1811 1133 1864 Edd.
1154 1814 1276 1864 Manutt.
1296 1811 1366 1866 Rob.

206 1886 307 1956 Steph.
334 1893 363 1938 et
381 1886 529 1937 nonnullis
548 1884 612 1936 aliis
637 1892 740 1955 atque
766 1882 948 1952 repentinum.
987 1882 1062 1946 Quae
1084 1891 1246 1952 sequuntur
1269 1899 1368 1935 mnnes

207 1957 241 2010 ad
270 1976 360 2009 unum
388 1965 524 2025 corrupta
552 1958 726 2008 existimant.
769 1955 804 2006 lu
830 1953 981 2007 Codicibus
1013 1968 1116 2023 parum
1147 1961 1190 2006 est
1216 1954 1366 2024 praesidii.

207 2029 288 2082 Unus
307 2027 386 2081 Leid.
413 2028 499 2079 habet
526 2030 585 2080 tole
608 2034 634 2080 et
658 2029 704 2080 cui
729 2027 799 2095 quod
820 2024 943 2088 lomini3
968 2023 1010 2076 ed.
1037 2041 1100 2076 mea
1117 2033 1175 2088 vet.
1205 2033 1235 2076 et
1254 2025 1369 2094 aliquot

209 2100 281 2152 aliae
301 2098 451 2150 exhibent:
477 2103 501 2148 et
521 2097 568 2148 cui
586 2096 667 2162 nibil,
693 2099 766 2166 quod
789 2096 897 2149 bomini
915 2097 1022 2149 euenire
1037 2095 1139 2163 possit,
1166 2109 1219 2148 non
1235 2111 1369 2163 preem-

209 2172 330 2223 ditntum
347 2170 391 2223 eit.
431 2158 599 2221 Corn‘mode:
619 2170 668 2221 sed
685 2169 838 2221 manifesto
858 2176 986 2239 extrema
1004 2166 1090 2219 verba
1111 2165 1250 2218 debentur
1276 2167 1371 2217 libra-

209 2242 270 2296 riis.
307 2241 405 2292 Aliter
422 2238 555 2290 emendat
571 2239 729 2303 Bentleius,
756 2239 843 2290 aliter
861 2238 940 2302 Dav„
970 2235 1182 2306 aliterWopk.
1218 2236 1371 2305 Equidem

209 2311 339 2380 suspicor
356 2311 397 2360 ita
415 2308 562 2377 scripsisse
583 2309 766 2361 Ciceronem:
786 2313 833 2362 An
851 2308 1034 2376 improvisum
1052 2307 1183 2378 aliquid?
1215 2307 1305 2376 Atqui
1324 2324 1370 2359 re·

208 2381 355 2450 pentinum
374 2378 441 2447 quid
456 2384 548 2445 potest
567 2380 702 2443 (redden,
730 2380 786 2433 tole
805 2386 847 2432 est
866 2380 911 2433 cui
929 2380 1010 2443 nibil,
1036 2381 1106 2446 quod
1128 2376 1235 2431 bomini
1256 2379 1370 2432 euenire

207 2449 322 2519 possit?
358 2448 444 2500 Nihil
463 2452 623 2515 sententiae
642 2451 790 2504 Ciceronis
809 2451 1037 2514 convenientius,
1056 2451 1134 2502 nihil
1145 2449 1189 2502 ele¹
1211 2450 1321 2514 antius:
1342 2456 1377 2504 et.

210 2529 308 2572 tamen
326 2519 403 2571 nihil
421 2521 483 2572 fere
501 2523 676 2573 mutavimus
700 2523 731 2573 in
755 2522 895 2573 librorum
915 2520 1103 2592 scriptione.“
1125 2466 1215 2574 Boni.
1255 2521 1370 2586 „Voces

211 2590 331 2646 subitum
353 2596 393 2642 est
421 2606 479 2641 non
497 2601 655 2666 agnoscunt
672 2593 755 2666 Regii
776 2592 877 2645 cndu:
897 2611 971 2643 unus
989 2591 1101 2645 habete
1125 2589 1271 2656 ouiniltil,
1300 2591 1370 2662 quod

211 2661 445 2715 lominievmire
460 2663 558 2727 possit,
578 2679 676 2715 nonum
694 2662 763 2716 eit.“
781 2661 902 2714 Lollem.v
934 2663 1045 2727 „Certa
1066 2661 1185 2715 videtur
1210 2664 1369 2716 correctio:

212 2736 270 2787 tate
294 2735 329 2797 ei,
357 2733 403 2784 cui
426 2762 458 2773 -
486 2750 571 2801 quam
598 2733 779 2807 Wopkensio
807 2737 921 2804 quoque
951 2732 1091 2804 placuisse
1117 2733 1213 2786 video.
1259 2733 1371 2786 Placuit

215 2805 313 2856 eadem
331 2802 502 2870 Bipontinis‚
519 2804 583 2870 .qui
606 2811 702 2870 tamen
729 2805 914 2856 addiderunt:
947 2803 995 2855 cui
1021 2801 1097 2856 nibil
1112 2805 1275 2864 ‘subitum
1301 2809 1368 2867 est,

215 2873 292 2943 quod
317 2873 451 2942 equidem
476 2883 608 2943 repetere
624 2892 672 2927 ¹eu
702 2875 933 2928 antecedentibus
962 2873 1070 2926 malo.“
1094 2873 1207 2937 Nissen.
1253 2877 1370 2942 „Locus

214 2943 334 2996 affectus
353 2945 473 2995 fortasse
496 2945 535 2996 ita
560 2944 675 2996 restitui
702 2946 827 3014 poterit,.
845 2946 869 2996 si
894 2945 1018 3027 legeris}
1048 2941 1105 3013 qni
1126 2951 1220 3014 potest
1247 2945 1371 3000 occidere

56 3065 60 3082 ,
126 3021 128 3023 ’
179 3088 181 3095 Ι
215 3015 325 3077 toleti,
344 3012 489 3079 estnihil,
508 3017 585 3069 nisi
602 3015 809 3085 neodhomini
830 3032 939 3068 evenere
964 3015 1061 3083 possit.
1097 3016 1200 3081 Verba,
1224 3018 1285 3070 nisi
1302 3016 1378 3086 quod.

216 3082 324 3145 homini
341 3087 451 3138 referes
468 3086 503 3138 ad
519 3089 734 3157 praecedentia:
753 3085 873 3140 bumana
892 3088 985 3140 omnia
1004 3086 1144 3152 inferiora
1157 3089 1262 3140 virtute
1281 3089 1369 3141 duent.

217 3156 317 3210 Facile
339 3163 436 3208 autem
459 3157 516 3210 nisi
539 3159 588 3210 vel
613 3159 755 3223 excidere,
782 3157 831 3210 vel
860 3157 991 3210 consulto
1019 3156 1117 3209 omitti
1146 3158 1254 3227 potuit.
1299 3157 1371 3214 Quid

217 3236 297 3281 certe
315 3228 350 3279 ad
367 3228 422 3281 tale
441 3228 537 3279 minus
554 3229 625 3281 bene
644 3228 795 3298 ponitur.“
814 3228 958 3282 Goermzf
971 3228 1005 3278 ad
1024 3228 1082 3281 Cic.
1108 3228 1142 3280 de
1161 3227 1249 3285 Finn.
1269 3229 1325 3282 lll.
1344 3231 1369 3282 8.

216 3301 260 3354 29.
286 3317 315 3367 p·
336 3300 396 3353 347.
426 3299 503 3350 idem
532 3299 599 3349 ibid.
625 3316 653 3366 p.
674 3301 735 3353 495.
760 3299 791 3350 in
817 3316 875 3353 uno
902 3315 1019 3366 suorum
1049 3298 1135 3351 Oodd.
1163 3298 1225 3373 legi
1249 3300 1291 3351 ait
1316 3295 1370 3366 qui.

217 3369 319 3434 „Quae
337 3368 431 3419 addita
449 3377 515 3420 sunt
534 3368 565 3418 in
577 3368 712 3420 'nonullis
739 3369 834 3433 libris,
861 3369 907 3422 cui
925 3367 997 3422 nili!
1014 3396 1047 3408 -
1066 3385 1121 3422 non
1135 3370 1372 3437 praemeditatum

218 3437 268 3501 eit,
287 3437 402 3490 veloci
420 3436 533 3490 nibil-
547 3454 642 3491 nostem
660 3441 706 3505 sit,
726 3440 927 3513 glossatoribus
946 3440 1095 3503 debentur,
1116 3441 1167 3508 qui
1182 3441 1374 3495 constructio·

217 3524 286 3560 nem
303 3507 457 3560 verborum
476 3510 611 3579 expedire
630 3525 687 3561 non
704 3519 848 3580 poterant.
886 3511 983 3565 Omnis
1002 3510 1159 3564 sententiae
1177 3511 1223 3562 vis
1242 3511 1374 3570 cernitur

219 3578 260 3642 in,
272 3578 409 3649 oppositis
427 3580 573 3632 vocabulis
592 3579 721 3634 occidere
740 3590 769 3633 et
788 3583 906 3646 evenire,
934 3596 1058 3650 quorum
1077 3580 1151 3633 illud
1170 3582 1200 3633 id
1219 3583 1372 3657 significat,

219 3650 297 3719 quod
316 3665 353 3703 ex
372 3651 528 3720 improviso
556 3659 586 3703 et
602 3658 720 3721 praeter
741 3669 820 3721 spem
845 3652 896 3718 lit,x
916 3652 973 3704 hoc
991 3660 1096 3716 autem,
1124 3652 1200 3719 quod
1219 3671 1257 3706 ex
1275 3669 1374 3706 rerum

219 3730 321 3774 natura
341 3729 370 3773 et
388 3735 455 3773 cum
473 3722 642 3774 necessitate
660 3722 781 3789 quadam
792 3724 943 3789 provenit.
981 3723 1061 3807 Ergo
1079 3721 1151 3774 dicit
1171 3721 1374 3792 (liceretquid

219 3799 315 3863 potest
332 3790 461 3855 accidere
480 3790 538 3842 tale
564 3791 601 3855 ei,
629 3792 678 3842 cui
703 3792 780 3842 nihil
798 3792 954 3844 fortuitum
978 3793 1091 3857 accidit,
1117 3794 1193 3862 quod
1210 3793 1328 3846 homini
1345 3793 1374 3844 in

220 3877 321 3914 rerum
346 3860 504 3911 necessario
526 3869 639 3931 euentu
663 3861 729 3912 fieri
757 3862 855 3932 possit.
896 3864 943 3915 lta
970 3858 1062 3916 etiarn
1085 3863 1286 3938 intelligitur„
1310 3881 1375 3935 qua·

220 3938 342 4001 propter
364 3929 451 3984 verba
472 3933 566 3996 potest
589 3929 717 3983 occidere
742 3933 838 4001 primo
862 3932 926 3986 loco
949 3934 1043 4003 posita
1066 3933 1132 3986 sint.
1145 3939 1147 3944 “
1160 3934 1247 3988 Acad.
1266 3935 1307 3988 11.
1334 3936 1373 3990 38.

223 4002 289 4059 lit:
303 4000 375 4068 quie
392 4000 575 4068 enimpoteet
595 4028 628 4038 —
647 4001 760 4069 siquid
785 4003 899 4056 aduersi
920 4005 1063 4069 acciderit,
1089 4003 1268 4059 extimescere
1296 4022 1330 4058 ne
1346 4003 1375 4060 id

221 4071 285 4124 iure
310 4069 475 4123 eveneritlt‘
499 4071 653 4125 Handad
677 4072 837 4144 Wopkens.
850 4074 877 4124 ¹l.
898 4093 923 4127 c.
959 4075 999 4127 Et
1022 4076 1054 4126 in
1071 4073 1126 4127 hac
1151 4076 1270 4158 egregia
1284 4077 1376 4129 inter-

221 4140 653 4211 pretationeacquiescendum,
683 4144 817 4214 nihilque
841 4145 898 4196 nisi
924 4153 951 4198 et
976 4146 1007 4196 in
1031 4147 1066 4211 ei,
1091 4147 1264 4210 mutandum
1286 4148 1376 4200 visum

193 4253 197 4267 .
222 4220 278 4266 est:
298 4210 322 4263 si
341 4211 424 4263 modo
443 4214 550 4264 mutari
568 4215 720 4268 dicendum
739 4223 784 4268 est
802 4215 840 4280 id,
860 4217 936 4282 quod
955 4233 990 4269 ex
1004 4216 1095 4281 Codd,
1121 4217 1297 4278 restituitur.
1324 4217 1375 4269 llu-

221 4283 292 4336 bent
310 4282 389 4336 enim
406 4281 434 4333 ei
452 4283 595 4338 duo01x.
616 4289 654 4338 et’
665 4285 737 4358 Aug.
775 4285 810 4336 ln
829 4301 887 4337 uno
906 4286 956 4340 Ox.
976 4295 1007 4339 et
1024 4291 1099 4341 Mon.
1119 4291 1145 4341 1.
1165 4305 1199 4341 ea
1216 4304 1276 4341 vox
1294 4290 1374 4360 plane

205 4355 377 4411 omittitur·
415 4352 472 4406 Sed
488 4355 633 4408 videamus
651 4356 686 4407 de
704 4354 794 4408 totius
812 4355 871 4409 loci
889 4354 1023 4411 lectione.
1060 4359 1100 4412 Et
1118 4358 1250 4429 primum
1267 4359 1298 4413 le
1321 4358 1375 4411 'tur

209 4431 282 4484 'aut
307 4423 484 4495 repentinum
509 4426 541 4479 in
568 4425 657 4483 Codri.
681 4426 765 4480 Bern.
789 4427 858 4502 Reg.
871 4427 958 4492 ›Gud
979 4434 1004 4485 l.
1028 4431 1055 4487 2.
1081 4427 1169 4485 utarb.
1184 4428 1274 4490 ,Mon
1320 4429 1373 4485 .l·
