2842 5070
172 284 258 367 'aso
402 278 899 374 cmmomsguuscuunu.
922 280 1149 359 ouruuuu.

163 655 165 659 ν
195 630 459 751 c1cuu0ms
485 629 898 706 Tuscuununuun
915 596 1349 751 'urspummouuu

205 771 208 778 ·
392 766 530 841 mum
556 766 747 849 cunum
771 761 1142 854 Aucuuuuuuu.
1178 754 1212 773 ·’

204 1113 210 1122 “
272 1069 424 1157 Praelatio
441 1098 527 1152 huius
544 1099 614 1155 libri
632 1101 667 1155 ad
684 1098 866 1157 asserendum
905 1101 986 1154 riscis
997 1092 1130 1155 Romanis
1148 1100 1349 1174 philosophiae

193 1174 320 1227 studium
338 1180 499 1244 comparata
516 1179 567 1224 est.
604 1173 669 1243 lpse
685 1181 781 1226 autem
799 1172 871 1225 libri
885 1119 975 1225 huius
990 1172 1145 1243 disputatio
1158 1173 1190 1223 in
1207 1173 1264 1226 hoc
1281 1191 1349 1227 ver-

192 1250 282 1311 satur,
306 1253 348 1310 ut,
380 1241 455 1296 omui
473 1243 681 1312 perturbatione
703 1258 786 1311 pocae
809 1244 965 1312 cupientem
987 1260 1098 1308 vocure,
1123 1244 1346 1298 demonstretur.

192 1315 290 1369 Primo
308 1315 431 1369 affertur
447 1314 672 1384 perturbationis
690 1314 787 1368 Stoica
804 1314 936 1369 definitio
961 1323 990 1367 et
1018 1315 1049 1366 in
1077 1322 1215 1384 quattuor
1232 1333 1348 1387 ,genera

96 1401 99 1420 ¹
194 1385 380 1453 distributio,¹
393 1401 515 1456 quarum
534 1383 604 1438 duae
624 1403 660 1440 ex
676 1385 757 1438 bonis
775 1385 898 1455 opinatis
917 1392 993 1449 suut,
1013 1394 1046 1440 ut
1065 1384 1175 1437 laetitia
1193 1395 1223 1438 et
1242 1387 1348 1449 litium

193 1454 264 1510 duae
283 1475 319 1512 ex
332 1457 477 1509 *malorum
495 1471 603 1521 errore,
621 1464 654 1509 ut
672 1455 824 1524 aegritudo
843 1465 872 1509 et
890 1463 996 1508 metus.-
1020 1455 1067 1509 his
1088 1473 1124 1508 ue
1142 1457 1264 1530 singulis
1281 1475 1348 1527 per-

193 1527 403 1582 turbationibus
427 1543 493 1579 suae
516 1534 612 1597 partes
640 1527 834 1581 subiiciuntur
858 1543 882 1580 c.
908 1529 978 1582 4-
1002 1529 1029 1582 9.
1109 1525 1182 1581 inde·
1207 1527 1348 1598 quomodo

193 1596 257 1669 ipsa
274 1596 453 1669 perturbatio
480 1596 513 1650 ab
536 1596 731 1673 aegrotatione
758 1614 807 1650 seu
830 1598 928 1649 morbo
955 1595 1082 1662 differat,
1113 1607 1143 1650 et
1168 1598 1297 1668 quaesit
1316 1599 1347 1649 in

191 1666 249 1721 hcc
266 1666 373 1754 genere
396 1666 486 1719 animi
505 1684 572 1719 cum
597 1685 719 1739 corpore
747 1667 920 1734 similitudo,
947 1669 1121 1721 ostenditur:
1150 1685 1174 1720 c.
1195 1672 1231 1724 lu
1250 1701 1281 1712 -
1304 1671 1344 1724 14.

193 1739 335 1809 Sequitur
355 1746 453 1808 postea
479 1735 574 1791 breuis
592 1737 796 1802 demonstratio
821 1739 895 1804 eius,
922 1736 1000 1809 quod
1017 1739 1216 1808 quaerebatur,
1243 1746 1347 1810 n'empe

191 1809 440 1880 perturbationem
458 1824 524 1861 cum
541 1809 681 1881 sapientia
700 1810 857 1862 consistere
875 1825 933 1862 non
951 1826 1043 1880 posse,
1062 1810 1150 1894 longa
1164 1818 1262 1863 autem
1280 1826 1348 1863 con-

91 1882 94 1889 '
191 1888 238 1933 tra
256 1881 321 1934 Peri
341 1878 459 1934 ateticos
477 1878 642 1949 disputatio,
661 1881 713 1949 qui
730 1878 963 1950 perturbationes
980 1888 1151 1934 necessarias
1170 1898 1238 1946 esse,
1258 1889 1346 1933 natu-

87 2000 105 2011 „
192 1950 267 2015 rales
283 1898 427 2021 ariesque
446 1949 632 2016 contendunt,
651 1968 754 2020 easque
772 1968 789 2003 a
807 1950 936 2020 sapiente
954 1968 1013 2003 non
1029 1950 1171 2004 tollendas
1198 1962 1227 2005 et
1254 1952 1347 2004 extir-

191 2021 376 2092 pandas,'sed
391 2019 507 2073 modum
525 2021 593 2104 ipsis
611 2021 803 2074 adhibendum
821 2029 959 2086 statuunt,
982 2038 1006 2074 c.
1027 2023 1061 2078 15
1076 2025 1171 2078 -bdc
1182 2022 1346 2076 subiicitur

123 2120 127 2130 .
193 2093 312 2159 tandem
333 2093 368 2146 de
391 2088 641 2168 perturbationum
667 2093 824 2145 curatione.
870 2092 912 2144 Ea
940 2093 1021 2144 varia
1047 2101 1099 2157 est,
1129 2109 1222 2163 neque
1251 2092 1347 2144 omnis

169 2176 171 2181 ’
191 2163 372 2285 pprturbuio
395 2179 453 2214 una
470 2163 582 2215 ratione
605 2161 729 2215 sedatur·
765 2163 819 2216 Est
840 2170 989 2233 praeterea
1011 2165 1043 2215 in
1069 2170 1205 2247 quattuor
1226 2170 1351 2234 perturq

227 2233 351 2286 tionibus
375 2232 436 2285 illis
459 2248 492 2285 ea
509 2232 670 2286 distinctio:
701 2231 840 2296 Primum,
864 2242 965 2287 utrum
984 2234 1018 2286 ad
1036 2250 1197 2287 universam
1223 2241 1346 2304 pertur-

191 2302 345 2369 bationem,
372 2311 510 2370 tanquam
536 2302 757 2378 aegritudinem,
785 2304 944 2368 laetitiam,
971 2323 1008 2356 an
1032 2305 1068 2358 ad
1092 2304 1234 2381 singulas,
1262 2303 1295 2357 h.
1316 2321 1343 2356 e.

150 2372 153 2379 '
191 2373 346 2450 generibus
372 2372 520 2438 subiectas,
545 2374 652 2426 formas
669 2373 852 2440 adhibeatur;
880 2375 993 2441 deiude,
1016 2383 1119 2428 utrum
1142 2377 1213 2428 mali
1240 2375 1346 2428 bonive

191 2443 367 2513 opinionem,
392 2458 430 2496 an
454 2442 546 2514 ipsam
568 2443 685 2498 omnino
706 2430 954 2516 perturbatibnem
983 2445 1078 2499 tollas.
1113 2446 1181 2501 'Sed
1212 2454 1293 2500 certa
1316 2454 1346 2498 et

66 2530 70 2545 ¹
177 2513 309 2586 -p'ropria
327 2511 433 2567 sanatio
452 2522 504 2580 est,
523 2515 548 2566 si
566 2514 675 2581 doceas,
694 2516 767 2586 ipsas
784 2517 1014 2588 perturbationes
1038 2520 1099 2588 per
1117 2535 1147 2571 se
1173 2532 1232 2571 esse
1258 2515 1347 2569 vitio·

190 2600 249 2649 sas,
279 2600 334 2639 nec
359 2584 464 2637 habere
493 2585 648 2656 quicquam
676 2588 726 2639 ant
752 2589 884 2640 naturale
915 2596 964 2640 aut
996 2587 1199 2641 necessarium.
1234 2585 1347 2639 ¹Altera

190 2663 288 2708 autem
304 2656 389 2721 ratio,
416 2671 490 2725 quae
507 2657 595 2708 simul
617 2657 782 2726 opinionem
799 2658 867 2710 boni
885 2668 934 2711 aut
953 2658 1024 2710 mali
1049 2660 1141 2722 tollit,
1168 2668 1211 2712 est
1231 2676 1262 2712 ea
1281 2657 1347 2728 qui-

190 2726 257 2780 dem
274 2726 387 2793 utilior,
413 2726 462 2778 sed
479 2742 545 2779 raro
563 2727 689 2797 proficit,
721 2746 816 2798 neque
841 2737 884 2782 est
902 2729 936 2782 ad
961 2731 1066 2802 vulgus
1088 2729 1256 2783 adhibenda.
1293 2729 1347 2780 Est

190 2798 287 2860 etiam,
306 2797 355 2849 ubi
373 2796 504 2851 adhiberi
525 2797 610 2868 plane
628 2813 697 2850 non
704 2808 809 2869 potest,
834 2800 911 2868 qnod
929 2817 985 2864 res,
1014 2816 1085 2869 quae
1115 2802 1267 2870 perturbat
1284 2799 1347 2850 ani·

189 2885 279 2932 mum,
297 2884 368 2921 vere
387 2875 430 2920 est
447 2869 519 2920 bona
536 2877 586 2920 aut
604 2869 688 2934 mala,
707 2878 855 2939 tanquam,
874 2871 899 2923 si
918 2871 983 2939 quis
1001 2887 1087 2944 aeg-re
1105 2873 1190 2937 ferat,
1215 2869 1294 2923 nihil
1312 2870 1345 2920 in

189 2955 220 2988 se
239 2954 297 2990 esse
314 2938 443 3001 virtutis,
462 2938 540 2992 nihil
559 2939 666 3005 animi,
679 2940 758 2992 nihil
777 2940 880 3007 officii,
900 2940 979 2992 nihil
997 2941 1166 2994 honestatis.
1187 2960 1211 2994 c.
1232 2945 1277 2997 2⁷.
1296 2943 1342 2994 28.

188 3006 311 3131 {eliqua
324 3008 510 3132 Edisputatio,
547 3010 688 3080 quomodo
715 3019 853 3082 quattuor
885 3011 939 3064 ista
969 3029 1076 3087 genera
1107 3013 1236 3066 tollenda
1273 3010 1345 3076 sint,

208 3086 282 3132 ccet.
350 3095 393 3133 ru.
461 3103 463 3106 >

105 3341 214 3444 mu
439 3373 490 3448 Μ.
533 3373 743 3440 Tuum
785 3373 1095 3440 CICERONIS

187 3490 741 3601 ruscuuuunnuu
770 3428 1346 3607 DISPUTATIONUM
1407 3520 1417 3545 s

63 3659 74 3689 ⁸
594 3660 637 3702 un
665 3640 714 3705 M.
741 3642 930 3707 BRUTUM
1276 3698 1281 3703 .

502 3754 681 3834 LIBER
721 3761 1023 3844 QUARTUS.

221 3906 288 3960 nn
305 3906 541 3983 nummus
558 3909 712 3968 num
734 3908 1245 3976 rnnuuuuffluumus
1265 3907 1308 3978 ⁹⁶).

145 4052 161 4112 1
268 4033 378 4098 Quum
398 4033 518 4096 multis‘
532 4033 614 4098 locis
635 4043 829 4099 nostrorum
840 4032 1014 4097 homiuum
1026 4033 1163 4120 ingenia
1180 4035 1345 4098 virtutes·

86 4242 91 4247 .
140 4157 163 4208 ι’
253 4186 330 4243 (3.1.
365 4187 453 4243 Quum
478 4189 574 4243 media
599 4187 690 4256 lucia]
734 4185 788 4243 lid.
811 4189 840 4242 P.
867 4189 953 4246 Quum
976 4186 1102 4255 multi,
1127 4186 1230 4242 omisso
1257 4187 1342 4245 lucis.

237 4378 257 4431 ⁹)
272 4379 297 4422 tn
311 4378 368 4424 (tod-
381 4377 456 4425 liehd.
471 4381 528 4424 haec
548 4382 585 4424 est
605 4379 740 4432 inscriptio:
761 4380 853 4431 Quarta
867 4380 1006 4433 Qutattutu
1023 4381 1159 4426 tusculuula.
1188 4381 1224 4424 Au
1248 4380 1345 4438 sapiens

184 4441 268 4474 amn
279 4434 358 4488 pouit
371 4433 433 4478 omasi
445 4434 517 4505 matut
526 4434 713 4491 perturbatione
