2842 5070
464 260 469 265 ”
555 307 861 383 nutamus:
973 320 1000 325 ··
1218 259 1278 373 too

130 472 257 548 tudinis
285 475 323 536 in
344 472 474 536 duabus
494 473 594 536 rebus
614 475 729 556 ponit3
758 472 953 534 avocatione
973 471 1187 556 recogitanda
1208 497 1277 538 mo·

131 557 240 635 lestia,
262 567 297 618 et
317 557 532 618 revocatione
552 553 595 616 ad
620 553 886 635 contemplandas
915 554 1114 633 voluptates.
1156 555 1278 618 Parere

131 640 221 698 enim
242 646 356 700 censet
376 638 523 698 animum
540 638 664 698 rationi
684 640 790 719 posse,
813 647 856 714 et,
879 657 943 718 quo
960 637 1018 696 illa
1042 634 1153 713 ducat,
1175 642 1277 718 sequi.
1363 653 1365 657 ’

132 718 237 782 Vetat
268 721 377 805 igitur
404 721 492 781 ratio
522 721 651 780 intueri
677 719 861 782 molestias:
889 717 1057 780 abstrahit
1082 719 1126 779 ab
1151 721 1279 780 acerbis

131 843 200 854 ⁵——
251 839 254 842 ”

131 901 242 954 pocae.
279 886 423 960 Agnoscis,
443 888 553 957 opinor,
573 887 768 962 glossatorem,
795 888 846 959 qui
864 888 956 940 nollet
974 906 990 938 a
1006 888 1115 940 lectore
1141 887 1281 940 oscitante
1311 891 1315 899 '
1351 943 1354 954 ,

133 958 228 1008 minus
252 966 330 1010 recte
357 957 451 1010 intell'
475 959 485 1008 i
508 958 686 1011 Ciceronem.
717 959 759 1012 De
778 961 880 1011 omisso
907 958 937 1009 in
955 965 1021 1011 ante
1039 957 1203 1011 avocatione
1221 959 1278 1010 vid.

133 1025 284 1080 noeteekii
302 1027 423 1080 librum:
474 1028 561 1081 tsch.
580 1030 654 1082 Lat.
675 1029 826 1082 Gramm.
846 1046 873 1098 p.
895 1031 953 1082 103.
992 1029 1053 1081 Mr.

206 1097 286 1151 Vetat
301 1098 391 1164 igitar
409 1114 462 1151 nos
481 1098 587 1151 intueri
604 1099 758 1165 molestiae]
803 1099 860 1151 Vul
883 1114 909 1163 o,
933 1105 1007 1151 vetat
1030 1098 1123 1167 igitur
1141 1099 1216 1151 ratio
1235 1098 1279 1151 in·

132 1166 209 1220 tueri
225 1169 379 1225 molestiae..
412 1167 451 1221 At
468 1167 524 1222 hoc
543 1170 577 1222 de
591 1167 735 1238 Epicuro,
767 1186 827 1222 non
872 1186 886 1221 e
911 1170 1033 1233 ratione,
1059 1167 1183 1233 dicitur,
1210 1188 1280 1239 qua·

130 1245 252 1306 propter
269 1246 319 1291 aut
336 1239 498 1309 recipiatur
511 1240 752 1308 praestantissimi
760 1240 886 1294 Bentleii
901 1239 1077 1304 emendati03
1096 1247 1147 1292 aut
1155 1255 1212 1292 vox
1226 1240 1279 1292 illa

130 1322 184 1377 pro
202 1307 391 1362 librariorum
409 1309 602 1363 additamento
619 1309 771 1376 habeatur,
791 1327 881 1379 eaque
895 1325 1015 1379 prorsus
1029 1311 1144 1377 omissa,
1163 1309 1279 1384 laeatur

131 1384 203 1430 aetat
222 1377 316 1446 igitur
333 1380 438 1433 intueti
455 1379 607 1432 molestiae.
645 1380 681 1432 D.

204 1448 288 1502 Vetat
306 1450 397 1518 igitar
415 1449 491 1502 ratio
509 1449 617 1503 intueri
634 1449 805 1517 molestiam]
842 1450 933 1514 „Non
951 1451 1078 1503 animum
1090 1451 1279 1504 adverterunt
1315 1460 1325 1483 ⁸

130 1519 277 1572 Bentleius
302 1529 331 1573 et
348 1519 420 1572 Dav.
441 1521 536 1589 ipsum
558 1536 611 1573 nos
636 1520 735 1573 iubere
753 1521 916 1591 Epicurum
942 1523 974 1573 in
996 1520 1043 1573 his
1063 1523 1207 1574 rationem
1234 1540 1279 1575 se-

131 1591 191 1658 qui.
228 1587 310 1642 ltlodo
330 1591 410 1644 enim
427 1590 571 1664 legimuss
596 1590 699 1643 Parere
717 1592 789 1643 enim
812 1597 902 1643 censet
920 1590 1046 1642 animum
1070 1591 1179 1643 rationi
1195 1607 1279 1658 posse

131 1667 185 1713 etc.
222 1659 311 1713 Recte
329 1661 423 1735 igitur
439 1661 573 1730 procedit
584 1661 736 1725 sententia,
759 1663 784 1714 si
803 1661 905 1714 statuis
925 1661 1094 1715 Ciceronem
1114 1663 1278 1730 scripsisse:

135 1730 218 1783 Vetat
236 1736 352 1782 autem
369 1729 446 1782 ratio
463 1730 570 1784 intueri
587 1731 739 1783 molestias.
759 1731 884 1784 Librarii
903 1748 968 1783 cum
987 1747 1193 1800 nonnunquam
1213 1748 1281 1784 con·

131 1800 264 1852 fuderint
282 1801 356 1852 enim
374 1808 404 1854 ct
422 1807 523 1866 autem,
541 1801 726 1870 utprobavit
743 1801 843 1854 Davis.
863 1801 898 1853 ad
916 1801 975 1854 Cio.
996 1799 1029 1854 ‹le
1047 1803 1082 1853 N.
1102 1802 1137 1853 D.
1159 1802 1215 1866 lll,
1233 1805 1279 1866 38,

133 1870 198 1938 quis
217 1870 328 1923 dubitet
347 1885 394 1923 eos
414 1872 502 1924 etiam
521 1870 687 1924 confudisse
713 1878 803 1924 autem
821 1879 850 1925 et
860 1869 1006 1938 ‚igiturt“
1024 1869 1154 1923 Boabier.
1174 1873 1280 1936 ,Jtatio

131 1938 208 1992 mihi
226 1938 254 1991 h.
275 1941 296 1992 l.
317 1949 449 2010 suspecta
469 1949 521 2007 est,
540 1948 569 1995 et
588 1941 778 2014 glossatorem
796 1947 896 2011 sapere
914 1941 1040 1993 videtur.
1060 1948 1220 1993 namvetat
1236 1943 1280 1994 vi-

131 2010 218 2064 detur
237 2009 272 2064 ad
283 2011 630 2084 Epicurumpertinere,
649 2011 725 2064 unde
744 2020 772 2066 et
790 2021 856 2081 post
882 2011 1010 2064 additum
1030 2019 1073 2063 est
1091 2011 1152 2063 itte:
1182 2012 1281 2079 quibua

131 2080 183 2132 itte
198 2081 417 2148 praeteritorum
436 2090 489 2137 etc.
511 2081 559 2136 Sic
578 2091 607 2135 et
624 2082 720 2153 visum
731 2083 875 2147 Bentleio,
895 2083 946 2152 qui
958 2097 1013 2151 pro
1032 2099 1087 2134 noa
1100 2080 1182 2133 dedit
1200 2082 1279 2136 noa.“

130 2151 199 2204 Era.
236 2151 346 2214 Voluit,
374 2155 486 2221 opinor,
505 2152 577 2205 Ern.
603 2152 701 2206 dicero
724 2153 890 2207 Bentleium
913 2168 968 2221 pro
990 2152 1065 2204 ratio
1084 2151 1196 2204 dedisse
1219 2167 1279 2204 noe.

130 2222 247 2278 Nissen.
266 2222 302 2274 ad
318 2221 349 2275 h.
370 2223 390 2274 1.
426 2260 447 2289 „
455 2224 563 2289 Oratio,
582 2223 634 2288 ait,
663 2223 780 2292 obliqua
805 2224 837 2276 in
856 2231 966 2276 rectam
985 2228 1123 2287 mutatur,
1151 2222 1197 2274 uti
1221 2240 1281 2276 sae·

130 2293 204 2416 pius.
226 2291 275 2344 td
293 2295 355 2361 ipse
374 2292 477 2348 Cicero
496 2294 594 2347 innuit
611 2291 659 2346 his
678 2294 788 2348 verbis:
806 2292 873 2347 baec
888 2301 979 2348 nostro
990 2309 1065 2345 more
1084 2311 1132 2346 noa
1146 2294 1281 2347 diximus.

153 2363 189 2417 etl
206 2361 328 2415 rationis
346 2379 404 2416 vox
422 2371 552 2433 suspecta
569 2363 709 2429 Bentleio,
727 2364 799 2417 Ern.
819 2365 915 2435 Btpp,
935 2381 993 2417 non
1011 2363 1094 2417 mihi.
1119 2363 1194 2416 Nam
1208 2363 1281 2416 haec

131 2434 230 2487 omnia
249 2433 364 2498 animus
383 2435 497 2499 melius,
517 2452 604 2503 quam
620 2433 777 2503 Epicurus,
796 2434 913 2488 efficere
931 2434 1073 2488 dicitur.“
1123 2433 1279 2487 Schiitzius

130 2503 163 2556 in
182 2503 302 2573 Opuscc·
320 2521 348 2572 p.
366 2507 444 2561 bib:
471 2504 625 2570 „Bentleii
652 2512 682 2557 et
698 2505 819 2559 Ernesti
837 2505 963 2574 suspicio
981 2504 1065 2556 nobis
1087 2503 1170 2556 nullo
1193 2504 1279 2558 modo

130 2573 277 2644 probatur.
314 2574 389 2627 Nam
407 2574 453 2628 bis
473 2577 584 2630 verbis:
609 2575 693 2630 Vetat
711 2575 802 2642 igitar
828 2579 903 2629 ratio
927 2573 1036 2627 intueri
1058 2574 1201 2626 molestias
1218 2583 1279 2628 ¹etc.

130 2643 281 2698 declarare
299 2647 381 2714 cupit
396 2645 509 2712 Cicero,
536 2647 607 2715 quid
625 2645 966 2716 secundumEpicurum
984 2646 1022 2698 sit
1040 2645 1148 2697 rationi
1165 2661 1279 2713 parere.

131 2713 212 2779 Quod
220 2715 354 2767 fierinon
372 2725 497 2785 poterat,
516 2717 575 2769 nisi
590 2717 800 2781 ostenderetur,
819 2717 890 2786 quid
909 2733 941 2769 eo
952 2723 1068 2768 auctore
1082 2716 1157 2779 ratio
1169 2731 1221 2767 nos
1239 2716 1281 2767 sa-

131 2800 198 2838 cere
210 2785 260 2838 vel
278 2785 391 2839 iuberet
408 2787 457 2840 vel
473 2794 597 2841 vetaret.
620 2787 682 2840 lloc
694 2788 790 2862 igitur
799 2787 861 2840 illis
877 2787 974 2839 verbis
989 2785 1118 2838 breviter
1132 2786 1281 2855 explicare

131 2854 312 2978 aggreditur·
334 2855 377 2908 Ac
397 2873 480 2926 saepe
493 2874 526 2910 ea
543 2858 596 2910 vis
609 2865 651 2911 est
664 2857 826 2927 particulae
839 2857 940 2924 igitur,
959 2859 1063 2920 utinon
1076 2854 1281 2920 concludendi,

132 2944 162 2980 se
200 2925 365 2979 declarandi
384 2927 604 2997 exponendique
632 2944 753 2981 munere
770 2929 919 3002 fungatur.
963 2927 1004 2979 Ut
1028 2943 1098 3000 ergo
1122 2925 1173 2978 hic
1197 2942 1281 2994 repc-
1354 2946 1357 2949 ·

131 3003 246 3050 teretur
264 2997 385 3048 rationis
401 2997 583 3060 vocabulum,
606 3015 780 3068 quamquam
798 2997 898 3067 paullo
917 3005 983 3050 ante
1006 3001 1143 3067 positum,
1169 3000 1281 3050 factum

131 3074 177 3119 est
195 3072 359 3133 propterea,
385 3066 462 3139 qupd
479 3082 512 3119 eo
538 3066 644 3119 omisso'
668 3068 763 3122 lector
785 3069 913 3120 incertus
938 3076 1000 3120 erat
1025 3070 1152 3132 futurus,
1179 3075 1282 3118 utrum

131 3135 187 3188 illa
204 3133 292 3188 verba
310 3141 393 3200 octat,
411 3168 445 3178 -
464 3133 608 3201 abstrahit,
628 3163 661 3174 -
681 3139 787 3202 cecinit,
808 3165 841 3174 -
859 3138 977 3204 impellit
994 3144 1019 3190 et
1037 3139 1144 3197 incitat,
1170 3137 1208 3188 ad
1233 3153 1281 3189 ra·

130 3208 242 3270 tionem,
261 3221 298 3262 an
316 3205 352 3257 ad
369 3205 487 3274 Epicuri
499 3221 654 3276 personam
667 3206 819 3260 referenda
830 3214 934 3262 essent.
941 3208 960 3236 ‘⁴
987 3208 1101 3275 Optime
1116 3204 1281 3269 Ruhnems,

130 3278 198 3331 Non
217 3275 251 3329 de
261 3276 406 3341 universa,
425 3277 476 3341 ait,
488 3277 601 3329 ratione
614 3274 671 3329 lsoc
685 3275 749 3338 loco
763 3276 881 3341 dicitnr,
902 3276 952 3329 sed
970 3276 1004 3329 de
1015 3275 1140 3345 Epicuri
1158 3275 1280 3338 ratione,

130 3345 160 3399 h.
182 3364 205 3400 e.
226 3347 260 3399 de
278 3346 400 3411 ratIone,
420 3346 513 3416 qualis
532 3354 575 3400 est
594 3363 630 3400 ex
642 3346 768 3417 Epicuri
787 3349 938 3400 sententia.
974 3346 1122 3416 Epicurus
1136 3346 1214 3398 enim
1230 3344 1282 3397 do·

132 3417 224 3481 cebat,
243 3416 480 3484 homines,'duce
504 3425 610 3470 natura
628 3434 649 3470 s.
679 3417 802 3482 ratione,
826 3417 983 3471 abhorrere
1001 3436 1018 3471 a
1041 3416 1134 3470 rebus.
1148 3415 1280 3469 molestis

131 3488 309 3556 acerbisque,
328 3489 435 3542 sectari
454 3495 484 3542 et
503 3494 639 3558 expetere
656 3488 830 3559 voluptates.
859 3488 943 3554 Satis,
964 3489 1078 3557 opinor,
1099 3486 1217 3540 defensa
1236 3495 1281 3539 est

130 3559 276 3611 librorum
295 3558 393 3624 lectio,
417 3576 511 3626 neque
529 3574 601 3628 opus
622 3567 665 3612 est
688 3559 800 3628 aliquid
816 3559 931 3624 addere,
958 3559 1017 3612 uisi
1042 3574 1281 3627 supervacaneam

104 3648 106 3654 ·
126 3630 222 3683 ctiam
240 3645 299 3682 esse
316 3628 448 3682 Buhierii
468 3629 711 3693 emendationem,
728 3629 821 3697 igiter
839 3631 871 3683 in
889 3635 981 3682 autem
999 3628 1144 3681 mutantis.
1182 3627 1243 3679 Mr.

203 3698 345 3751 abstrahit
356 3700 391 3753 ab
400 3699 510 3752 acerbis
522 3699 740 3768 cogitationibus
754 3697 871 3752 bebetem
880 3700 989 3766 aciem]
1008 3699 1089 3752 Unus
1100 3698 1150 3749 (lx.
1169 3697 1281 3750 omittit

116 3770 181 3833 ‘abt
211 3769 305 3834 „Fab
325 3768 496 3824 tabentem
514 3770 610 3823 aciem.
637 3770 696 3823 Pal.
715 3777 784 3827 tert.
802 3769 953 3824 labentem.
980 3770 1099 3824 omnino
1124 3767 1280 3845 legendum

132 3839 278 3896 lebentem.
316 3839 364 3893 Sic
383 3842 460 3911 apud
476 3842 612 3894 Fabium:
632 3841 712 3894 intra
730 3840 864 3907 vaginam
888 3839 986 3894 tetam
1009 3840 1139 3906 gladius:
1163 3847 1197 3891 ut
1216 3839 1281 3908 qui·

131 3912 197 3965 dem
216 3926 267 3963 nos
291 3911 473 3964 restituimus
498 3913 529 3964 in
548 3911 759 3982 Crepundiis.·“
778 3911 915 3965 Gebbard.
952 3911 1108 3977 „Hebetem
1131 3910 1219 3963 aciem
1242 3910 1282 3963 od

132 3980 265 4037 »atoarios
290 3983 530 4050 contemplandae:
563 3982 679 4036 Paullus
708 3984 853 4036 Manutius
877 3999 914 4036 ex
936 3983 969 4034 V.
989 3982 1020 4035 O.
1047 3979 1154 4033 bebetat
1182 3979 1278 4032 aciem.

131 4054 200 4106 Non
218 4053 331 4116 accedo,
350 4052 457 4121 quippe
474 4061 591 4123 recepta
608 4054 787 4107 constructio
805 4053 952 4107 vindicem
969 4052 1056 4104 habet
1068 4052 1210 4115 Coelium,
1230 4052 1281 4117 qui

132 4123 184 4177 lib.
195 4122 329 4179 Vlllead
347 4122 516 4176 Ciceronem
535 4140 580 4194 ep.
595 4127 638 4179 13.
660 4125 702 4177 sic
718 4123 867 4194 loquitur:
885 4124 950 4176 Non
967 4129 1009 4175 eet
1029 4121 1103 4174 enim
1118 4137 1234 4189 pugnax
1251 4123 1281 4174 ia

132 4193 222 4258 uitiis,
242 4209 327 4262 neque
344 4191 425 4245 bebee
443 4193 482 4245 ad
500 4191 541 4256 id,
561 4195 632 4260 qaod
648 4193 749 4248 melius
766 4198 816 4257 eit,
842 4194 1064 4259 intelligendam.
1087 4223 1119 4233 -
1155 4193 1184 4245 J.
1205 4189 1281 4244 Geb-

130 4263 239 4317 bardus
266 4281 301 4318 ex
325 4263 484 4333 scriptione
508 4263 595 4316 Oodd.
621 4262 762 4318 tabentem
787 4280 847 4318 non
863 4265 968 4318 absone
987 4261 1279 4317 coniecit-bebentem.

122 4335 187 4388 -Sed
205 4351 260 4387 nec
278 4334 460 4388 incommoda
477 4341 526 4387 est·
537 4334 657 4409 vulgata
676 4334 774 4401 lectio,
793 4335 990 4406 quamnostri
1008 4348 1121 4388 summo
1141 4348 1282 4385 consensu

119 4404 390 4479 ·repraescntant.“·
401 4406 471 4461 Dav.
491 4405 522 4459 in
537 4404 588 4459 Ed.
600 4405 634 4471 Ι1.
655 4405 794 4462 Vides-ex
812 4413 907 4463 annot.
928 4406 1063 4476 proxima
1081 4419 1148 4456 eum
1166 4402 1198 4454 in
1207 4398 1278 4453 Edd.
