2842 5070
443 305 630 394 'urens
658 300 719 386 111,
747 291 829 373 res
963 384 969 390 ‚
1188 314 1235 387 ss

15 549 18 552 Α
80 473 180 552 malo,
203 493 304 555 quum
326 479 440 534 tumor
462 472 565 532 animi
593 471 784 534 resedisset:
816 470 879 544 (est
906 481 1016 538 autern
1044 477 1236 562 aegritudm·
1287 546 1292 555 ,

80 564 120 616 ut
141 555 278 631 docebo,
302 558 338 615 in
360 555 618 635 op'inione'mali
641 556 827 630 recentiss)
849 554 907 618 sed
928 576 1056 620 maeres
1078 560 1235 624 videlicet

80 640 178 722 regni
200 635 381 714 desiderio,
405 655 469 696 non
491 637 592 701 tiliae:
615 637 704 698 itiam
727 638 816 697 enim
837 636 968 714 oderas,
1002 647 1036 699 et
1063 642 1140 702 iure
1167 646 1235 704 ior·
1291 708 1297 722 ,

80 727 182 782 tasse:
205 737 310 804 regno
333 737 397 777 non
420 736 525 799 aequo
548 720 658 780 animo
674 719 820 781 carebas.
846 720 905 782 Est
927 728 1037 781 autem
1060 722 1235 803 impudens

259 845 603 852 -.—-..-——-.-..-..-.
610 847 630 851 .--
688 847 928 854 v....—..-....-—.—-
935 849 1012 853 ..-,-.-
1021 849 1044 854 -.
1051 850 1058 853 -
1071 850 1092 854 ...
1105 850 1219 858 -.-..“

82 903 192 956 Sturm.
211 902 274 955 Alo.
294 901 371 970 sylb.
390 901 512 959 ilWolf.
532 903 596 956 Car.
617 902 716 973 Steph.
741 905 854 975 Scripsi
873 913 969 958 autem
995 903 1025 958 r'n
1051 905 1064 958 i
1071 906 1083 959 i
1089 923 1103 958 s
1129 907 1235 976 proin

81 972 177 1026 bisex
195 973 248 1025 MS.
268 974 298 1024 in
317 991 407 1047 marg.
427 975 489 1026 Asc.
508 978 533 1028 2.
562 973 636 1041 Gud.
662 974 761 1043 Duisb.
788 976 851 1030 (tol.
880 974 959 1041 [ntis]
984 975 1055 1028 Edd.
1083 978 1179 1043 Leod„
1195 981 1232 1031 M.

26 1049 29 1054 '
80 1043 343 1098 mercaturus.
365 1045 429 1096 Car.
455 1043 554 1113 Steph.
582 1045 704 1100 HWolf.
734 1045 813 1115 sylb.
839 1046 954 1098 Larnbb.
981 1045 1066 1099 Goth.
1095 1048 1181 1116 idque
1200 1050 1233 1101 in

81 1115 196 1166 Annott.
218 1113 418 1183 praetulerunt
437 1117 524 1168 etiam
543 1116 588 1170 Or.
610 1125 641 1177 et
656 1115 784 1169 Kiihner.
807 1115 891 1169 Solus
911 1117 1022 1170 Mons.
1041 1117 1127 1170 habet
1145 1134 1234 1172 nonne

79 1183 211 1237 inherent
238 1187 268 1238 in
295 1182 347 1241 dis.
385 1184 557 1238 Bouhierius
576 1187 701 1240 coniecit
720 1203 772 1239 non
797 1189 886 1239 enim
914 1193 995 1239 erent
1017 1187 1049 1239 in
1071 1186 1131 1240 its.-
1157 1190 1234 1258 quod

77 1257 271 1308 necessarium
290 1271 349 1307 non
369 1262 419 1308 est.
458 1257 558 1329 Pergit
576 1276 649 1308 unus
670 1258 719 1309 Ox.
740 1274 809 1325 quae
831 1258 912 1325 ipse.
928 1258 990 1321 tibi,
1018 1257 1169 1313 aberrante
1193 1261 1233 1312 li·

76 1325 169 1379 brarii
188 1326 272 1377 oculo
291 1326 326 1377 ad
345 1326 451 1378 lineam
476 1329 702 1380 antecedentem.
733 1328 801 1380 Cod.
822 1331 897 1381 Mon.
919 1328 1148 1382 ehistetensis
1178 1334 1234 1384 in·

77 1403 229 1449 venerat.
269 1395 313 1446 Au
337 1433 343 1446 .
371 1405 525 1462 intexeret,
560 1417 634 1450 unus
658 1397 708 1449 Ox.
733 1399 907 1465 incinxerat,
936 1398 1024 1451 Marb.
1058 1399 1231 1454 invexerant.

72 1466 159 1535 Turn
175 1469 250 1518 Mon.
269 1470 296 1521 2.
315 1415 450 1532 {quidem
468 1483 521 1535 pro
541 1469 703 1536 etquidem.
741 1471 801 1521 Mr.

148 1573 233 1625 quum,
247 1563 338 1606 tumor
357 1555 386 1607 in
405 1558 497 1609 animo
521 1557 683 1623 resedisset]
718 1557 882 1623 „Residere
909 1559 941 1610 in
965 1559 1061 1611 animo
1086 1565 1232 1612 tumorem

78 1644 144 1680 eum
164 1627 296 1685 dicimus,
316 1627 366 1695 qui
385 1624 538 1680 haeretac
556 1636 696 1680 remanet.
735 1626 790 1680 Sed
808 1645 897 1697 quum
922 1631 1046 1693 constet,
1070 1629 1233 1702 aegritudi-

78 1715 147 1750 nem
171 1704 314 1749 vetustate
341 1694 418 1759 tolli,
446 1697 524 1748 infra
549 1697 654 1749 Aeetae
678 1698 752 1750 maio
778 1699 931 1752 inveterate
949 1705 1038 1751 tentor
1064 1699 1124 1751 eius
1143 1700 1234 1754 animi

74 1769 236 1828 'resederat
266 1767 295 1816 id
320 1774 374 1825 est,
402 1768 542 1818 remissus
568 1776 616 1818 aut
642 1769 754 1819 sedatus
781 1777 852 1836 erat,
882 1770 1095 1838 conquieverat.
1140 1770 1232 1823 Probo

81 1839 176 1912 igitur
193 1835 264 1888 libri
284 1834 340 1886 Ms.
367 1835 533 1901 lectionem,
559 1854 644 1905 quam
672 1837 763 1888 edidit
788 1836 954 1902 Cratander,
978 1846 1007 1890 et
1031 1841 1176 1892 Manutius
1201 1841 1233 1892 iu

81 1907 251 1978 quibusdam
277 1907 351 1957 suis.-
376 1906 464 1960 Oreum
483 1914 574 1960 tumor
591 1906 683 1958 animi
704 1907 864 1959 resedisset.
904 1907 952 1959 Sic
978 1908 1009 1959 in
1028 1903 1135 1960 Bruto:
1159 1911 1232 1962 Nom

81 1985 108 2032 et
127 1977 269 2030 contentio
293 1976 384 2028 nimia
407 1976 482 2029 vocis
505 1979 667 2039 resederet.
684 1984 710 2029 et
736 1981 818 2046 qnasi
844 1978 1022 2042 deferbuerat
1049 1981 1153 2042 oratio,
1182 1981 1233 2032 ubi
1283 2035 1286 2039 ,

79 2050 171 2133 vulgo
189 2048 330 2100 recideret
348 2045 467 2119 legitur.
505 2048 620 2101 Caelius
639 2048 694 2117 Ep.
714 2051 739 2103 2.
760 2048 824 2100 Lib.
843 2051 869 2103 8.
889 2050 924 2101 ad
944 2048 1128 2101 Ciceronem:
1149 2051 1234 2101 Mar-

80 2120 146 2174 celle
165 2123 284 2186 impetes
301 2119 470 2183 resederant,
489 2135 543 2171 nen
562 2119 678 2179 inertia,
697 2119 758 2183 sed,
777 2125 808 2171 ut
821 2117 892 2172 mibi
903 2120 1057 2182 videbatur,
1077 2118 1232 2173 consilio.“

79 2193 127 2245 Fr.
148 2191 231 2249 Febr.
268 2190 357 2242 Qnrrm
375 2197 465 2241 tumor
483 2190 573 2243 enimi
591 2189 755 2253 resedisset]
792 2189 987 2253 „Lectionem
1007 2189 1088 2242 tenui
1106 2189 1233 2257 Victorii

79 2263 142 2331 (qui
161 2277 227 2312 cum
247 2259 333 2328 Codd.
353 2259 461 2312 nostris
481 2262 611 2313 omnibus
630 2261 718 2312 fulcit
738 2261 823 2312 etiam
842 2260 999 2312 lectionem
1017 2260 1141 2323 inerant)
1160 2260 1230 2312 Pall.

15 2335 18 2338 ⁴
78 2351 124 2402 pr.
145 2337 315 2454 εεοὲιῇειη.
335 2329 431 2398 quinti
454 2339 487 2382 ut
511 2340 540 2383 et
558 2331 623 2383 Fab.
643 2329 718 2382 Pith.
739 2331 827 2383 missa
844 2330 962 2404 vulgata
987 2331 1080 2383 animo
1106 2330 1232 2383 resedis-

79 2403 154 2456 set.“
215 2418 230 2452 e
268 2439 274 2453 .
639 2443 645 2449 .

108 2528 110 2534 ,
152 2489 235 2541 quom
252 2479 342 2525 temer
360 2474 450 2527 enimi
467 2472 625 2537 resedisset]
663 2471 731 2524 Cod.
752 2471 824 2546 Aug.
845 2476 937 2526 timor.
966 2472 1045 2526 Alios
1065 2475 1106 2525 ait
1122 2472 1232 2528 babere

79 2544 187 2597 Brutus
206 2544 306 2596 animo.
343 2543 390 2596 Sic
410 2544 571 2611 sx,ncstri's
590 2543 663 2598 Edd.
684 2541 793 2597 Sturm.
813 2543 895 2596 Boul.
915 2543 1030 2595 Lambb.
1044 2542 1145 2601 [Goth.
1166 2543 1231 2596 Car.

81 2613 178 2684 steph.
217 2613 272 2668 Sed
295 2616 326 2666 iu
353 2614 449 2666 bamb.
478 2621 508 2666 et
527 2613 550 2664 F
552 2632 574 2663 r.
595 2614 678 2666 Febr.
705 2611 733 2664 le
757 2615 816 2664 itur
833 2613 863 2665 in
882 2616 983 2666 eninm.
1021 2613 1063 2664 De
1082 2613 1230 2666 locutione

80 2693 173 2738 tumor
197 2685 285 2738 animi
313 2686 432 2754 eiusque
464 2686 605 2736 sententia
640 2684 698 2736 vid.
734 2631 933 2752 disputantem
962 2682 1167 2735 Menckenium
1199 2684 1231 2734 in

81 2756 157 2810 Obss.
177 2757 209 2808 1..
229 2757 259 2806 1..
280 2772 307 2824 p.
328 2759 395 2811 987:
415 2756 466 2824 qui
486 2772 521 2807 ex
540 2755 648 2806 nostris
667 2753 751 2806 libris
770 2754 867 2806 laudat
885 2755 937 2807 111.
956 2758 998 2808 31.
1028 2759 1089 2804 eret
1109 2753 1232 2806 enimin

80 2822 186 2882 tumore
213 2830 329 2880 animes.
355 2826 402 2877 lV.
429 2829 477 2880 31:
509 2826 549 2876 ed
572 2833 693 2877 recentes
718 2823 801 2890 quest
818 2832 939 2876 tumores
962 2823 1051 2875 enimi
1077 2824 1232 2875 remedium

81 2896 221 2950 addidere.
243 2928 276 2938 -
296 2896 444 2948 scribitur
462 2895 611 2947 residisset
632 2898 663 2947 in
681 2911 739 2946 uno
759 2894 811 2948 Ox.
833 2903 861 2946 et
880 2894 953 2946 Gud.
973 2897 1013 2958 2.,
1031 2894 1180 2946 recedisset
1198 2895 1231 2946 in

79 2969 152 3040 Aug.
174 2966 209 3018 ln
229 2965 304 3017 Gud.
323 2973 389 3035 post
408 2964 529 3017 verbum
548 2965 665 3017 additur
683 2981 712 3016 se
731 2964 886 3036 conficiens.
924 2965 984 3017 Mr.

83 3064 86 3069 ’
153 3060 193 3114 est
212 3060 302 3104 autem
320 3053 468 3118 aegritudo
488 3078 521 3088 -
540 3055 610 3104 mali
628 3051 776 3115 recentior]
814 3052 1000 3114 „Haeccine
1025 3051 1111 3103 dubio
1134 3053 1232 3104 insiti·

80 3125 218 3185 tineent,
243 3131 270 3174 et
290 3140 326 3174 ex
343 3123 400 3173 alio
425 3121 489 3173 loco
512 3120 572 3171 huc
596 3121 712 3173 temere*
734 3129 763 3172 et
790 3137 856 3173 casu
874 3119 1042 3172 translata.“
1060 3123 1128 3175 Ern.
1166 3121 1233 3186 „Ut

79 3203 113 3247 tu
138 3192 227 3246 stulto
253 3193 373 3244 stultior
397 3192 445 3254 sis,
476 3191 527 3258 qui
550 3191 584 3242 de
616 3191 778 3240 inveterato
808 3189 885 3241 malo
913 3199 1066 3259 tantopere
1094 3207 1232 3246 moereas.

78 3266 156 3318 Haec
178 3257 273 3316 addita
291 3270 413 3330 propter
439 3260 637 3314 antecedentia
654 3258 802 3310 videntur.
841 3258 884 3310 Ea
908 3260 1024 3328 quidem
1047 3261 1142 3312 abesse
1165 3277 1233 3329 pos·

80 3346 163 3389 sunt:
190 3335 239 3387 sed
265 3334 334 3385 talia
361 3331 453 3384 multa
476 3332 675 3399 reperiuntur,
703 3345 774 3395 quae
801 3345 866 3379 cum
886 3330 981 3383 abesse
1006 3338 1135 3399 possunt,
1159 3339 1232 3396 tum,

79 3407 129 3459 nbi
148 3405 264 3457 adsunt.
292 3411 357 3474 apta
377 3400 475 3454 sunt.“
499 3401 610 3453 Nissen.
648 3398 827 3454 FAWolfius
855 3401 886 3452 in
906 3400 1012 3454 scholis
1038 3417 1096 3453 nou
1115 3401 1234 3468 quidem

81 3478 180 3547 spuria
203 3476 273 3526 haec
299 3491 361 3526 esse
386 3474 541 3535 existimat,
567 3472 615 3524 sed
641 3488 707 3522 suae
731 3468 853 3521 oblitum
881 3488 941 3524 esse
967 3489 1115 3541 personae,
1145 3489 1233 3540 quam

37 3555 40 3560 '
80 3548 256 3606 induxerat‚'
275 3543 563 3612 Ciceronem‚.quasi
591 3541 703 3610 aliquid
727 3541 848 3593 seorsim
876 3541 1033 3594 dicentem.
1070 3542 1106 3594 ln
1125 3543 1233 3607 eadem,

80 3637 136 3688 qua
154 3616 293 3679 Wolfius,
314 3615 456 3667 sententia
476 3621 521 3666 est
534 3613 587 3664 ·0r.
608 3611 723 3662 -Duo
743 3610 814 3662 Oxx.
835 3612 976 3664 omittunt
993 3618 1090 3664 autent.
1111 3612 1184 3664 Gud.
1205 3614 1232 3666 2.

78 3688 166 3741 habet
184 3687 229 3737 ati
248 3687 348 3739 docebo
368 3685 529 3751 aegritudo.
550 3685 624 3735 Mon.
642 3685 668 3737 2.
698 3684 753 3733 vel
772 3681 886 3734 docebo:
913 3682 995 3734 facili
1020 3684 1235 3752 permutatione

79 3761 239 3812 formarum
263 3765 290 3809 rt
319 3765 347 3809 et
369 3756 413 3807 at.
452 3756 505 3807 Pro
524 3753 593 3806 mati
619 3751 783 3805 recentis
803 3751 870 3805 ch.
890 3752 976 3805 Vind.
997 3759 1021 3809 l.
1049 3752 1136 3806 habet
1166 3753 1236 3806 mali
1261 3769 1264 3774 ·

79 3829 294 3898 praesentis.
333 3828 392 3878 Mr.

156 3918 213 3970 S'ed
230 3932 336 3969 maeres
355 3915 482 3969 videlicet
507 3915 592 3983 regni
617 3910 783 3978 deciderim]
817 3913 916 3977 „Erat
935 3913 1012 3965 enim
1038 3913 1095 3982 ipsi
1113 3932 1236 3970 aureum

82 3988 179 4042 vellus
198 3989 305 4062 pignus
325 3988 421 4068 regiae
439 3986 601 4059 dignitatis,
626 3999 683 4053 quo
708 3989 808 4051 erepto
831 4000 956 4057 regnum
980 3984 1118 4035 amissum
1137 3985 1177 4037 iri
1204 3986 1237 4044 in

81 4057 153 4112 ‘fatis
174 4059 267 4111 erat.“
287 4056 413 4108 Neidses.
435 4055 522 4106 Abest
539 4055 672 4107 videlicet
691 4071 707 4105 a
726 4052 813 4106 Codd.
833 4055 907 4106 Mon.
927 4057 952 4108 2.
975 4053 1085 4106 Gutt.
1105 4055 1172 4107 Post
1190 4056 1237 4106 de·
1298 4107 1304 4114 ,

84 4130 193 4184 tiderie
219 4147 292 4181 unus
312 4127 361 4179 Ox.
387 4126 466 4176 addit
493 4131 519 4176 et
548 4128 685 4191 opinione.
730 4126 797 4176 Post
822 4141 915 4191 regno·
934 4121 1041 4179 addunt
1066 4126 1139 4177 enim
1163 4124 1236 4178 Edd.

86 4202 166 4254 Junt.
192 4199 224 4253 A.
244 4200 274 4250 B.
296 4198 322 4250 S.
342 4198 376 4251 E.
398 4195 430 4247 C.
450 4196 519 4250 Ven.
540 4205 629 4247 nostr.
650 4196 713 4246 Asc.
736 4199 759 4247 1.
778 4197 804 4248 2.
825 4192 891 4247 Sola
908 4195 962 4247 Ed.
984 4194 1116 4249 HWolfli
1135 4193 1237 4248 habet:

87 4270 183 4336 Regno
210 4278 301 4321 eutem
320 4264 418 4329 (enim)
444 4281 498 4317 non
523 4281 606 4331 aequo
626 4273 679 4317 etc.
722 4264 757 4315 In
777 4281 852 4334 seqq¹
876 4265 949 4319 Gud,
971 4270 994 4321 l.
1016 4281 1097 4334 apr.
1117 4282 1155 4314 m.
1183 4266 1254 4332 pro'

89 4340 221 4393 sehabet
239 4341 296 4392 sed.
318 4338 391 4390 Gud.
412 4338 436 4388 2.
451 4335 621 4397 conitientis,
641 4334 728 4386 Marb.
750 4335 902 4402 co‘tcientis,
922 4343 981 4388 tres
994 4337 1063 4386 Oxx.
1083 4334 1237 4397 conficiens,

88 4428 163 4466 unus
181 4412 283 4476 licebat
301 4426 355 4483 pro
374 4410 467 4464 liceat.
504 4406 566 4461 Non
584 4405 663 4460 abest
681 4423 697 4458 a
716 4403 803 4464 Codd.
823 4406 895 4482 Aug.
918 4413 947 4460 et
962 4403 1039 4458 Gud.
1057 4407 1085 4461 2.
1106 4405 1166 4457 Mr.
1193 4407 1195 4410 ⁴
1229 4406 1232 4411 '
