2842 5070
204 287 272 354 aar
416 271 646 353 emanatus
665 286 914 363 ausaausa.
936 286 1168 356 orsaorsa.

211 454 345 519 maini
364 454 427 532 ira,
450 453 734 534 aimndesesmia,
747 453 891 534 odium,
904 458 1091 529 inimicitia,
1113 455 1293 532 discordia,
1316 462 1371 522 in-

211 537 373 625 digentia,
391 537 612 617 desiderium,
634 546 668 601 et
689 547 801 602 cetera
822 539 996 603 eiusmodi.

207 728 283 779 malo
306 724 406 779 alieno.
444 725 521 778 Hinc
545 726 593 778 vel
619 725 712 796 ipsum
739 726 908 779 Marcellum
932 724 1070 777 mutilum
1095 728 1163 790 esse,
1188 728 1238 779 vel
1256 727 1369 783 hanes

208 796 308 854 Tullio
327 799 416 869 »ῥῆσιν
444 796 609 849 addititiam
622 797 819 867 'spuriumque
843 798 958 850 'censeri
984 796 1096 860 debere,
1129 797 1204 849 mihi
1230 809 1298 852 nata
1324 810 1368 853 est

209 869 344 938 suspicio.
367 869 522 936 Utcunque
541 869 587 933 sit,
606 867 705 934 lectio,
724 870 810 938 quam
829 869 896 921 dant
912 868 1058 921 Ciceronis
1078 869 1263 938 exernplaria,
1283 888 1369 940 pror,-

208 957 255 991 τοι
275 947 317 992 est
335 938 502 1004 retinenda3
521 939 656 1004 simodo,
677 940 758 1008 quod„
770 940 813 993 Cl.
828 938 959 993 Bentleio
978 938 1108 1006 mihique
1126 957 1295 1008 persuasum
1314 951 1368 1007 est,

205 1009 319 1063 maana
342 1008 435 1062 alieno
458 1009 532 1063 malo
563 1026 622 1062 non
645 1010 682 1063 sit
706 1028 723 1062 a
745 1011 885 1063 librariis
914 1010 1063 1062 iniectum.
1107 1011 1164 1062 'Hic
1189 1012 1267 1064 enim
1290 1013 1374 1065 nuda*

207 1081 293 1150 ponit
310 1089 408 1133 noster
424 1080 588 1133 adfectuum
606 1066 1031 1149 norniua.;¹maleaolenliamqae
1049 1079 1180 1133 idoneam
1199 1099 1257 1134 esse
1276 1083 1368 1135 visam

207 1168 282 1221 quae
301 1151 477 1205 Graecorum
502 1150 727 1220 ἐπιχαιρεκακίαν
751 1153 938 1222 exprimeret,
964 1159 1043 1221 patet
1062 1168 1098 1203 ex
1124 1169 1184 1221 cap.
1204 1154 1253 1208 lx.
1272 1152 1366 1206 Mati-

207 1222 399 1288 valentiani,
429 1223 537 1292 inquit,
564 1223 853 1290 uoluptas-ennato
875 1223 998 1276 alterins
1020 1224 1080 1276 sine
1103 1224 1285 1277 emolumento
1303 1241 1365 1281 sao.

207 1293 281 1346 ,Vide
299 1303 329 1347 et
346 1294 496 1346 Laertium
519 1293 662 1359 v11‚<114.
699 1294 735 1346 D.

272 1371 403 1437 'Melane
420 1384 493 1436 malo
513 1380 624 1449 alieno]
662 1383 750 1449 „Hoc
774 1391 817 1435 est
841 1399 856 1435 a
882 1383 1052 1456 glossatore:
1083 1383 1213 1452 pertinet
1232 1385 1312 1437 enim
1330 1388 1366 1440 ad

207 1452 416 1520 definitionem,
437 1470 509 1524 quae
528 1454 606 1504 infra
624 1455 698 1508 est.“
722 1454 789 1506 Ean.
828 1454 927 1519 „Haec
949 1454 1007 1504 tria
1033 1454 1120 1506 verba
1140 1455 1190 1522 qui
1212 1455 1364 1523 deleverit,

207 1525 237 1576 ei
256 1540 313 1576 non
330 1527 498 1599 repugnem.
535 1525 646 1579 Habere
664 1534 762 1577 tamen
776 1531 842 1576 ‘eam
859 1525 921 1576 vim
937 1525 1083 1589 videntur,
1108 1533 1141 1576 ut
1159 1542 1272 1578 oausam
1289 1527 1365 1580 indi-

102 1634 104 1643 .
208 1604 285 1659 cent,
313 1596 347 1648 ob
366 1613 453 1667 quam
478 1595 677 1648 malivolentia
698 1595 842 1665 voluptati
865 1595 959 1664 potius
977 1594 1103 1647 subiecta
1121 1597 1168 1659 sit,
1195 1605 1280 1666 quam
1297 1599 1366 1651 libi-

206 1664 304 1719 dini.“
320 1664 432 1720 Nissen.
469 1666 590 1719 Unoinis
608 1666 679 1720 haec
696 1667 783 1720 verba
800 1665 990 1727 Wolfius,-ut
1007 1666 1090 1729 Erm,
1116 1667 1250 1720 inclusit:
1278 1669 1367 1738 plane

159 1753 165 1766 ⁴
205 1738 296 1789 eiecit
314 1736 399 1789 Solia.
425 1737 513 1789 nimis
540 1737 641 1802 calide,
671 1745 705 1789 ut
726 1754 796 1790 vere
815 1735 922 1789 ‘monet
940 1737 987 1789 Or.
1007 1737 1134 1790 Nobbius
1152 1755 1219 1791 cum
1237 1742 1364 1805 uncinis,

209 1807 338 1862 Omine
355 1808 472 1860 uncinis
490 1806 584 1860 habet.
613 1811 708 1862 ¹Recte
726 1808 777 1861 hio
795 1817 893 1861 monet
916 1808 983 1859 satis
1002 1825 1034 1860 ea
1053 1810 1131 1860 tueri
1150 1809 1289 1877 Nonium,
1314 1829 1365 1876 ne-

209 1894 266 1949 que
285 1879 352 1931 satis
372 1878 497 1950 exprimi
516 1872 738 1950 ἐπιχαιρεκακίαν
762 1896 834 1932 voce
851 1879 1058 1932 malevolentia.
1096 1880 1197 1950 Neque
1217 1898 1269 1956 ego
1289 1882 1364 1935 mihi

206 1949 243 2002 in'
254 1959 339 2004 tanto
358 1953 545 2022 optimorum,
575 1952 634 2004 imo
653 1952 791 2015 omnium,
818 1950 961 2002 librorum
985 1967 1123 2002 consensu
1149 1951 1240 2004 licere
1264 1954 1364 2006 censui

207 2020 319 2092 aliquid
337 2030 437 2075 contra
455 2022 602 2096 vulgatam
620 2022 729 2088 moliri,
756 2023 928 2091 praesertim
952 2038 1019 2073 cum
1037 2029 1072 2091 ¹ct
1099 2022 1275 2095 elegantiora
1293 2025 1361 2088 sint,

208 2110 295 2164 quam
310 2094 385 2162 quae
402 2093 555 2169 vulgarem
580 2093 767 2169 glossatorem
792 2093 949 2157 redoleant,
978 2100 1011 2144 ut
1030 2092 1187 2146 certissime
1206 2110 1237 2144 ea
1254 2093 1365 2166 legerit

207 2164 331 2230 Nouius,
356 2160 535 2236 'quamquam
560 2164 609 2230 (ut
632 2163 710 2215 haud
733 2162 817 2229 raro)
845 2171 983 2233 corrupto
1013 2161 1088 2215 libro
1110 2180 1183 2215 usus.
1227 2163 1362 2216 Fortasse

208 2236 305 2288 autem
323 2235 413 2288 alicui
431 2236 461 2287 id
479 2235 630 2305 placuerit,
656 2242 690 2285 ut
708 2233 818 2298 Cicero,
844 2234 953 2297 videns,
973 2231 1193 2303 ἐπιχαιρεκακίαν
1215 2235 1363 2287 nonsatis

207 2306 297 2359 reddi
307 2312 378 2358 voce
395 2305 602 2369 malevolentia,
621 2320 679 2357 non
696 2304 753 2356 tria
770 2314 883 2357 tantum
902 2305 956 2357 ista
973 2306 1069 2369 verba,
1096 2305 1147 2359 sed.
1161 2312 1293 2373 quatuor,
1313 2323 1364 2358 ex-

117 2442 120 2447 .
206 2372 336 2447 plicandi
354 2392 436 2427 causa
454 2375 608 2429 addiderit:
634 2378 744 2429 laetam
760 2379 834 2430 malo
853 2376 948 2430 alieno
967 2375 1177 2430 delectatio:
1205 2375 1262 2427 nisi
1286 2379 1363 2430 forte

207 2462 275 2498 eum
293 2446 325 2498 id
341 2446 474 2512 moverit,
499 2446 584 2516 quod,
609 2456 643 2499 ut
659 2442 739 2500 vides
764 2465 800 2500 ex
824 2448 1007 2500 annotatione
1025 2446 1158 2513 Victorii,
1186 2447 1260 2517 apud
1277 2449 1364 2501 Lae'r-

205 2517 283 2570 timn
301 2516 339 2569 in'
351 2518 395 2583 iis,
409 2535 487 2588 quae
505 2517 631 2581 subiecta
650 2526 717 2569 sunt
740 2522 774 2587 τῇ
791 2517 890 2591 ἡδονῇ,
913 2527 1097 2587 enumeratur
1123 2519 1231 2588 τέρψιςε
1265 2534 1364 2587 quam-

207 2605 293 2661 quam
306 2588 382 2640 'haec
400 2588 460 2659 ipsa
479 2588 628 2642 Ciceronis
652 2605 711 2642 non
735 2590 770 2642 ad
791 2590 911 2642 verbum
936 2585 1187 2642 reddunt'Graeca
1205 2590 1268 2654 ista,
1297 2606 1363 2640 cum

206 2676 302 2729 neque
328 2659 433 2728 κήλησις
460 2660 492 2711 in
526 2659 629 2712 iisdem
656 2667 844 2714 enumeretur
872 2678 887 2712 a
918 2659 1067 2723 Cicerone,
1100 2678 1194 2730 neque
1223 2658 1359 2726 διάχυσις,

53 2784 56 2791 ,
157 2730 160 2735 '
208 2732 338 2800 quamvis
356 2731 410 2793 hae
430 2747 544 2801 quoque
561 2731 705 2800 voluptati
723 2732 921 2795 subiicientur‚
952 2731 1106 2784 iactationi
1132 2740 1229 2783 autem
1255 2732 1362 2784 ibidem
1415 2742 1417 2750 ’

128 2816 131 2821 ’
207 2803 314 2865 (Ladrt.
334 2803 397 2854 Vll.
419 2804 492 2860 114.)
510 2801 588 2853 nihil
607 2801 788 2872 respondente
808 2819 880 2871 quae
899 2798 1016 2854 debebat
1035 2818 1093 2854 esse
1111 2801 1251 2871 καύχησις.
1272 2801 1361 2867 Quid?

241 2873 286 2925 'od
311 2873 343 2923 in
368 2871 438 2943 ipsis
462 2872 522 2924 illis
549 2873 667 2926 Graecis
690 2873 768 2926 hand
791 2873 869 2926 deest
891 2872 1082 2925 inconstantia
1110 2875 1177 2925 satis
1201 2873 1360 2942 conspicua.
1395 2924 1412 2945 x

154 2979 157 2983 -
231 2940 285 2994 uin
300 2943 379 2995 enim
397 2944 430 2994 in
447 2943 492 3010 iis,
513 2961 584 3014 quae
602 2942 748 3015 voluptati
767 2944 971 3009 subiiciuntur,
995 2944 1134 3012 partibus,
1160 2960 1291 3012 quaeque
1309 2944 1363 2994 im-

227 3014 375 3079 robantur,
395 3016 582 3068 enumeretur
599 3014 702 3086 τέρψις,
721 3014 819 3068 eadem
837 3016 930 3085 τέρψις
947 3015 969 3080 l.
991 3018 1050 3070 116.
1077 3015 1107 3066 in
1132 3015 1215 3067 rebus
1240 3015 1363 3066 rationa-

206 3030 313 3138 illisus
332 3093 361 3138 et
400 3085 571 3138 roba'bilibus
587 3086 718 3156 ponitur,
736 3092 837 3155 utpote
849 3087 953 3161 gaudio
973 3085 1017 3152 (τῇ
1031 3083 1121 3156 χαρᾷ)
1139 3085 1274 3151 subiecta,
1289 3085 1363 3154 quod

207 3154 240 3207 in
260 3156 339 3209 bonis
353 3103 555 3210 affectionibus
573 3157 703 3210 refertur
719 3155 742 3221 l.
764 3159 823 3212 115.
845 3167 918 3210 extr.
955 3158 1090 3209 Getarum
1114 3157 1151 3207 cf.
1178 3156 1247 3209 infr.
1267 3173 1292 3206 c.
1313 3156 1360 3206 lX.

167 3280 170 3284 ,
207 3228 251 3301 2⁰,
271 3228 328 3281 ubi
343 3227 491 3297 Voluptati
509 3245 628 3280 revera
645 3227 840 3280 subiiciuntur
858 3229 911 3280 ista
928 3228 1000 3280 tria:
1020 3227 1224 3287 malevolentia,
1244 3226 1364 3278 delecta·

207 3298 249 3352 tio
269 3300 365 3371 (quam
383 3300 558 3370 interpretes
575 3296 688 3365 κήλησιν
705 3297 864 3368 explicant)
884 3307 912 3351 et
932 3297 1059 3360 iactatio,
1086 3313 1171 3365 quam
1190 3295 1287 3362 τέρψιν
1307 3313 1364 3348 esse

205 3368 310 3423 tolsmt
327 3370 347 3421 ἱ.
368 3386 392 3423 e.
413 3366 579 3442 προτροπὴν
592 3375 640 3436 τῆς
656 3373 749 3438 ψυχῆς
764 3366 812 3420 tut
822 3369 862 3421 ad
881 3366 1048 3435 ἀνειμένον,
1058 3366 1138 3434 quasi
1156 3363 1266 3431 τρέψινι
1297 3370 1370 3417 οιιιιι’

207 3456 265 3511 quo
284 3441 464 3512 aliquantum
489 3440 632 3502 convenit,
663 3439 740 3508 quod
756 3447 801 3491 est
817 3442 844 3502 9,
863 3440 912 3494 21:
945 3437 1070 3490 laetatio
1094 3441 1135 3487 est
1158 3432 1287 3501 voluptas
1313 3454 1364 3503 ge.

206 3511 307 3579 eliens,
327 3520 355 3565 et
372 3528 405 3565 ae
423 3510 540 3579 efferens
556 3509 731 3564 insolentius.
753 3534 802 3561 —.
813 3509 877 3561 Vid.
897 3509 984 3560 etiarn
1002 3507 1036 3560 de
1055 3506 1119 3557 loco
1139 3512 1235 3556 nostro
1255 3508 1362 3560 Mureti

113 3602 115 3607 ·
206 3583 289 3638 Virr.
307 3586 400 3638 Lectt.
427 3584 474 3636 IV.
496 3574 537 3637 18.
561 3599 590 3651 p.
609 3578 653 3635 89.
679 3579 795 3633 Ruhnk.
814 3593 849 3621 ’-
885 3580 950 3631 Post
975 3576 1124 3629 delectatio
1148 3576 1179 3627 in
1198 3575 1265 3628 Cod.
1286 3577 1360 3653 Aug.

116 3690 118 3695 -
205 3656 338 3726 sequitur
355 3660 388 3708 el
406 3653 530 3706 iactatio.
567 3652 645 3704 Tam
663 3650 783 3704 (iud-l.
802 3647 888 3701 habet
906 3646 1006 3711 tidini,-
1034 3649 1067 3699 in
1085 3648 1168 3699 Vind.
1190 3651 1213 3701 l.
1233 3657 1298 3717 post
1316 3650 1363 3701 ira

205 3726 320 3803 additup
344 3716 521 3791 diffidentia3
553 3737 626 3772 unas
652 3722 701 3777 Ox.
728 3719 839 3772 omittit
861 3718 1026 3774 inimicitia:
1060 3719 1136 3788 quod
1161 3720 1280 3771 fortasse
1299 3736 1362 3772 cor-

204 3797 314 3851 rectori
339 3795 489 3847 ridebatur
518 3791 664 3845 contineri
690 3791 721 3841 in
746 3791 822 3844 odio.
867 3791 921 3843 Pro
945 3789 1116 3857 indigentia,
1150 3808 1235 3860 quam
1260 3805 1361 3843 vocem

204 3864 303 3920 nussits
321 3864 407 3916 habet
424 3863 483 3915 scri
503 3857 552 3915 to'r
590 3870 685 3917 meter
703 3861 881 3926 Ciceronem,
909 3863 940 3913 in
963 3878 1020 3914 uno
1046 3862 1113 3915 Cod.
1134 3861 1184 3914 Ox.
1209 3878 1361 3931 perperam

204 3937 344 3989 scribitur
354 3932 523 4002 diligentia.
549 3961 557 3968 -
630 3949 664 3985 en
689 3947 760 3984 voce
784 3931 842 3984 vid.
870 3931 1052 3985 Doederlein.
1081 3935 1155 3985 Lat.
1181 3931 1307 4001 Synon.
1331 3950 1359 3982 u.

86 3969 90 3977 ’
115 4043 120 4053 ,
203 4004 362 4076 etymon
382 4006 436 4058 ιιι
455 4020 484 4075 p.
507 4007 566 4059 ιιι.
587 4011 616 4056 ιτ
636 4004 694 4059 ns.
717 4029 751 4041 -
786 4004 821 4055 m
843 4003 901 4057 nne
919 4004 1023 4077 capsus
1045 4004 1153 4057 nabent
1177 4001 1362 4056 ιιιιιιιιιι

204 4075 438 4204 ἓοοέιιοιΜεοὰἆ.
468 4075 537 4129 (lxta
563 4072 652 4129 Rana.
677 4073 757 4129 Gud.
785 4073 883 4133 Duisb.
911 4076 998 4129 llllarb.
1027 4075 1101 4151 Aug.
1129 4077 1205 4132 Mon.
1229 4076 1254 4129 2.
1288 4073 1360 4126 Edd.

224 4186 232 4200 ι
271 4185 302 4273 a’t
326 4186 421 4273 σαντα
444 4217 581 4274 eiusmodi
587 4218 597 4287 ]
641 4218 791 4286 „Vaticana
816 4219 932 4274 mmcdi:
959 4220 1034 4272 sicut
1051 4217 1176 4272 cuimodi
1199 4233 1252 4288 pro
1271 4216 1362 4270 caiae-

202 4291 311 4348 modat
330 4289 412 4346 Gella.
450 4292 528 4358 „Sed
544 4293 621 4357 vide,
640 4310 678 4346 ne
695 4296 753 4345 non
771 4308 858 4361 super
875 4291 975 4345 literas
997 4290 1027 4344 ei
1043 4291 1083 4343 sit
1100 4291 1186 4342 ducta
1203 4289 1312 4341 lineola
1329 4289 1361 4343 in

204 4379 237 4418 so
256 4364 365 4431 codiee,
384 4362 470 4434 mam
488 4371 538 4416 aut
556 4364 589 4429 is,
616 4363 668 4434 qui
686 4363 821 4429 contulit,
868 4363 988 4427 etexit,
1013 4369 1062 4413 aut
1082 4360 1142 4431 ipse
1160 4360 1252 4414 Gebh.
1274 4359 1361 4412 colla·

204 4436 316 4503 tionem
333 4451 392 4499 non
410 4435 479 4492 eatis
496 4435 656 4510 diligenter
672 4435 840 4505 inspiciens.
865 4381 941 4489 lgm
959 4432 992 4487 in
1010 4447 1074 4485 meo
1094 4431 1252 4501 exemplari
1272 4431 1360 4483 talem
