2842 5070
165 305 227 373 ue
274 328 311 401 g
375 301 606 370 ocenoms
624 302 872 374 ansanum.
893 305 1125 374 nrsrurlr.

168 477 203 532 at
233 489 301 547 eos,
338 472 395 553 qui
427 490 463 532 se
494 469 702 555 aegritudini
732 471 942 548 dediderunt,
977 475 1127 548 miseros,¹
1169 475 1320 554 afflictos,

123 552 148 605 b·
170 571 396 626 aerumnosos,
418 554 637 620 calamitosos.
680 556 797 637 Itaque
823 575 889 616 non
916 559 1057 618 fortuito
1081 559 1207 617 factum
1229 559 1319 622 vide-

169 645 240 710 tur,
268 634 325 698 sed
347 646 421 697 ate
442 637 575 697 ratione
595 639 817 717 propositum,
851 647 890 699 ut
911 640 1090 718 separatim
1112 637 1153 700 de
1167 643 1319 724 'aegritu-

169 718 248 780 dine
270 716 365 781 etde
386 719 507 779 ceteris
526 719 837 799 perturbationibus
858 719 1104 801 disputaremus
1112 739 1127 782 ε.
1153 723 1190 780 in
1212 742 1250 782 ea
1271 731 1320 783 est

168 803 259 863 enim
280 803 353 861 fons
374 801 584 861 miseriarum
599 807 634 861 et
653 810 762 881 caput.
807 800 873 862 Sed
894 811 927 862 et
948 800 1168 886 aegritudinis
1190 811 1224 863 et
1245 805 1320 864 reli-

169 902 314 965 quorum
335 884 438 942 animi
458 882 653 943 morborum
674 903 742 946 uns
763 887 891 944 sanatio
912 892 973 961 est,
1002 904 1116 945 omnes
1138 886 1321 965 opinabiles

125 990 129 1003 ¹
169 985 241 1027 esse
262 973 296 1026 et
316 965 535 1042 voluntarios,
565 983 603 1024 ea
631 984 734 1045 reque
755 966 892 1048 suscipi,
921 965 1010 1046 quod
1031 968 1078 1028 ita
1100 977 1231 1028 rectum
1253 988 1322 1029 esse

97 1247 101 1254 -
169 1149 1323 1286 ..stt‚intentioribiblisbittit-titiotitt

167 1292 284 1345 Dedisse
301 1291 419 1344 videtur
436 1291 502 1343 Fre.
522 1288 605 1342 Febr.
626 1289 810 1361 (quamquam
829 1291 1010 1346 collatioEd.
1030 1293 1113 1344 Febr.
1134 1293 1222 1358 tacet)
1242 1294 1323 1350 dede-

168 1370 250 1416 runt.-
275 1362 362 1414 habet
385 1368 464 1414 certe
483 1361 525 1412 ita
541 1360 647 1413 lemma
665 1370 762 1417 annot.
782 1362 852 1430 eius,
880 1363 987 1431 inqua
1008 1363 1138 1431 scripsit:
1167 1365 1322 1428 „dederunt

168 1450 228 1486 esse
247 1435 279 1486 in
296 1432 379 1484 libris
396 1432 552 1496 veteribus,
571 1446 629 1483 non
647 1432 820 1496 dediderunt,
834 1432 990 1485 Lambinus
1002 1432 1167 1485 admonet.“
1193 1423 1321 1487 Edidisse

167 1505 285 1559 videtur
304 1505 392 1557 etiam
409 1503 479 1555 Dav.
499 1503 531 1554 in
549 1503 602 1554 Ed.
624 1507 648 1558 l.
668 1504 809 1556 dederunt.
853 1504 907 1555 Est
926 1504 1054 1556 enimin
1073 1504 1126 1556 Ed.
1146 1505 1232 1557 Verb.
1250 1505 1321 1558 haec

72 1584 75 1588 “
169 1576 230 1630 eius
249 1575 411 1629 annotatio:
439 1573 565 1647 „Vulgg
586 1573 632 1642 qui
649 1590 680 1626 se
698 1572 879 1642 aegritudini
897 1574 1135 1627 dediderunts.
1158 1592 1209 1627 nos
1228 1573 1328 1628 autem

168 1647 330 1722 elegantem
348 1643 440 1709 illam,
460 1661 546 1713 quam
565 1645 736 1715 recepimus,
755 1644 911 1697 lectionem
930 1647 1060 1698 Petrensi
1084 1654 1182 1698 nostro
1200 1647 1322 1716 aliisque

168 1718 317 1771 nonnullis
335 1715 442 1768 tlsstis
460 1713 625 1767 debemus.“
659 1716 723 1789 Ego
741 1731 821 1776 vero,
845 1715 917 1783 quid
934 1715 1001 1768 hcc¹
1014 1716 1053 1767 sit
1071 1717 1241 1790 elegantiae,
1266 1733 1323 1770 non

167 1789 268 1840 videre
286 1796 332 1839 me
350 1786 453 1838 fateor.
480 1785 616 1837 Ceterum
633 1783 741 1838 habent
759 1786 896 1842 dederunt
912 1795 970 1839 tres
983 1787 1053 1838 Oxx.
1069 1788 1153 1839 Vind.
1168 1792 1191 1842 1.
1213 1786 1284 1841 Gud.
1297 1791 1322 1842 2.

168 1859 338 1915 Gudblon.
360 1858 433 1920 1.2.
470 1855 563 1910 Verba
586 1855 719 1922 afflictos,
750 1871 936 1926 aerumnosos,
962 1855 1143 1910 calamitosos
1169 1858 1272 1912 desunt
1293 1859 1323 1909 in

167 1929 236 1983 cod.
262 1929 306 1981 Au
329 1967 335 1980 .
372 1928 433 1982 Mr.
496 1976 499 1982 ,
597 1977 600 1982 ,
899 1932 903 1943 ’

239 1947 339 2070 ltaqde
363 2015 419 2052 non
445 1994 562 2063 tonniis
588 1999 696 2063 factum
720 1995 848 2065 videtur]
884 1999 1008 2072 Legitur
1037 1993 1170 2064 fortuitu
1198 2000 1229 2050 in
1255 1999 1320 2053 Cod.

170 2070 269 2124 Duisb.
295 2070 367 2127 Edd.
387 2068 420 2120 A.
438 2068 470 2120 Β.
490 2067 520 2120 S.
539 2069 609 2119 Ven.
637 2076 726 2121 nostr.
754 2068 817 2121 Asc.
839 2073 863 2124 1.
900 2070 952 2122 Est
975 2069 1047 2122 haec
1073 2072 1167 2122 forma
1186 2071 1273 2122 etiam
1291 2071 1322 2121 in

171 2142 273 2196 multis
291 2140 375 2192 libris
393 2138 469 2209 apud
487 2136 546 2191 Cic.
571 2138 606 2192 de
625 2136 679 2190 Off.
698 2138 721 2191 l.
742 2143 785 2195 29.
806 2141 866 2194 103.
892 2156 979 2208 eaque
1001 2141 1113 2209 placuit
1132 2141 1322 2215 Heusingero,

172 2231 201 2283 q.
220 2231 248 2264 v.
277 2212 347 2280 ibiq.
372 2209 466 2262 laudd.
493 2209 621 2275 itemque
644 2209 826 2263 Gernhardo:
851 2228 879 2263 v.
904 2209 938 2274 ej.
959 2219 1054 2263 annot.
1075 2212 1110 2263 ad
1135 2228 1201 2265 eum
1218 2211 1322 2276 locum,

172 2292 204 2338 et
219 2283 331 2337 Beiero.
350 2279 420 2332 Add.
440 2295 492 2331 nos
510 2278 544 2330 ad
561 2279 621 2331 Cic.
641 2279 675 2331 de
693 2279 757 2331 niv.
778 2280 815 2334 ll.
837 2284 861 2334 7.
888 2298 917 2350 p.
937 2283 998 2336 319.
1018 2281 1057 2337 ll.
1079 2286 1120 2336 17.
1147 2300 1176 2352 p·
1196 2285 1258 2338 357.
1286 2283 1322 2334 ll.

172 2357 216 2411 28.
235 2371 264 2422 p.
284 2355 346 2406 40⁰.
367 2358 395 2401 et
413 2350 448 2401 ad
465 2350 499 2401 de
517 2349 588 2402 Fato
606 2352 631 2405 9.
656 2367 685 2419 p.
705 2352 766 2404 tol.
803 2352 952 2403 Praeterea
975 2350 1118 2404 Drakenb.
1144 2352 1179 2404 ad
1201 2352 1265 2404 biv.
1283 2351 1321 2404 11.

173 2427 218 2480 28.
238 2428 264 2477 1.
301 2419 375 2473 Sunt
394 2428 499 2485 autem,
519 2420 570 2488 qui
589 2418 783 2493 differentiam
800 2421 950 2490 utriusque
969 2424 1077 2475 formae
1094 2421 1171 2474 hanc
1189 2427 1322 2485 statuant,

173 2501 216 2559 ut,
235 2489 303 2544 cum
322 2489 440 2558 fortuito
459 2491 595 2555 dicamus,
621 2506 688 2543 casu
707 2492 913 2556 subaudiamus,
939 2493 1004 2560 quia
1023 2493 1061 2544 sit
1080 2493 1271 2546 adiectivum:
1300 2491 1323 2543 si

173 2581 241 2618 cum
259 2579 326 2616 cusu
344 2562 482 2636 iungatur
508 2561 612 2627 [veluti
630 2562 662 2613 in
679 2561 824 2623 locutione
843 2578 909 2616 caso
928 2570 954 2616 et
974 2563 1108 2629 fortuitu,
1134 2561 1180 2628 Ad
1197 2565 1322 2616 Herenn.

172 2635 196 2688 1.
218 2631 272 2700 lt]
290 2633 408 2701 fortuitu
428 2649 485 2688 esse
503 2631 666 2696 dicendum,
686 2633 762 2701 quod
779 2649 811 2685 re
828 2650 899 2686 vera
916 2631 1093 2687 Adverbium
1111 2642 1165 2691 est.
1192 2635 1238 2688 lta
1254 2633 1324 2686 Por·

173 2706 272 2760 cellin.
292 2706 324 2756 iu
341 2706 411 2756 Lex.
430 2702 460 2755 h.
479 2700 507 2755 ν’.
532 2721 561 2772 p.
581 2704 641 2757 318.
666 2719 690 2753 a.
711 2703 753 2755 ed.
774 2705 872 2756 Germ.
909 2705 970 2757 Mr.

244 2795 295 2847 sed
316 2807 334 2844 a
361 2799 388 2844 te
414 2791 521 2844 ratione
543 2789 734 2858 propositum]
773 2792 880 2844 Vocem
903 2796 931 2844 te
949 2792 1060 2861 oinittit
1078 2793 1144 2847 Cod.
1165 2793 1255 2847 Rehd.
1290 2793 1324 2846 ln

173 2865 258 2917 vind.
280 2868 304 2918 1.
325 2871 367 2914 est
383 2859 606 2933 praepositam
633 2861 666 2911 in
683 2862 771 2914 lllarb.
791 2864 965 2930 seperatim.
991 2866 1067 2917 llllon.
1088 2869 1112 2919 1.
1140 2863 1228 2916 habet
1246 2879 1323 2931 sepa·

74 2964 83 2976 ,
174 2934 263 2988 ratim
281 2933 366 2986 etde
384 2930 564 3000 aegritudine
587 2937 613 2983 et
631 2931 666 2984 de
683 2931 784 2984 ceteris
805 2940 875 3000 pert.
914 2933 992 2998 Quod
1009 2934 1126 2986 videtur
1142 2934 1324 2998 correctoris,

175 3006 227 3076 qui
243 3004 335 3057 vellet
353 3003 527 3077 significare,
546 3003 698 3072 separatim
718 3003 752 3055 de
770 2999 950 3069 aegritudine
972 3005 1148 3073 disputatum
1167 3022 1225 3058 esse
1251 3005 1324 3056 libro

76 3124 80 3139 ,
174 3077 273 3140 tertio,
294 3075 448 3145 separatim
461 3073 564 3127 deinde
583 3072 617 3126 de
635 3073 735 3125 ceteris
750 3074 1006 3143 perturbationibus
1019 3075 1097 3141 libro
1109 3084 1221 3145 quarto.
1242 3076 1325 3129 Certe

175 3147 217 3200 sic
235 3146 366 3220 intelligi
385 3145 493 3198 debent
506 3144 592 3196 verba
611 3144 759 3197 Ciceronis
780 3151 813 3196 et
831 3144 865 3198 de
884 3143 993 3198 ceteris.
1014 3177 1047 3186 -
1083 3148 1148 3199 Post
1167 3145 1325 3215 disputare-

84 3213 87 3217 ’
174 3234 236 3271 ntus
253 3217 327 3271 Gud.
346 3219 373 3271 2.
391 3216 490 3291 pergit
508 3216 585 3269 Haeo
603 3213 675 3267 enim
692 3222 743 3281 est,
769 3217 845 3268 Mon.
866 3220 890 3271 l.
909 3215 1006 3269 Duisb.
1030 3216 1061 3270 in
1085 3232 1119 3269 ea
1143 3217 1235 3270 enim
1260 3222 1325 3278 est,

87 3307 90 3311 ’
173 3287 265 3343 Rehd.
291 3290 322 3343 in
346 3303 380 3340 ea
407 3292 449 3340 est
474 3288 505 3353 fi
512 3288 548 3339 ni
554 3301 584 3350 s,
612 3286 715 3340 omisso
743 3283 825 3339 enine.
863 3289 928 3339 Post
950 3286 1001 3339 sed
1018 3286 1096 3339 deest
1122 3294 1148 3339 et
1171 3288 1203 3338 in
1221 3287 1325 3340 duobus

175 3361 244 3414 Oxx.
263 3358 337 3433 Aug.
356 3361 431 3411 blan.
451 3361 476 3414 1.
513 3359 548 3410 ln
565 3374 644 3426 seqq.
663 3356 833 3408 Bouhierius
851 3356 968 3409 assentit
982 3357 1124 3424 Bentleio,
1141 3358 1254 3433 legenti
1271 3357 1326 3411 Sed

175 3433 258 3500 quia
276 3438 331 3483 etc.
352 3447 379 3498 q.
398 3447 427 3480 v.
465 3427 544 3494 Quod
561 3427 627 3497 post
644 3442 701 3480 una
724 3429 835 3481 sanatio
855 3427 988 3496 sequitur
1006 3445 1063 3480 acc.
1084 3446 1109 3481 c.
1130 3428 1195 3493 ini,
1228 3430 1259 3482 id
1275 3444 1326 3499 per

173 3499 436 3570 breviloquentiam
453 3500 564 3551 factum
583 3504 638 3550 est:
659 3498 884 3572 intelligendum
902 3506 945 3550 est
965 3498 1114 3552 nimirum:
1142 3500 1326 3569 reputandum

174 3589 203 3624 v.
223 3570 398 3639 cogitandum
417 3569 499 3634 enim,
525 3584 618 3622 omnes
637 3577 691 3622 etc.
727 3571 835 3623 Vocem
855 3567 953 3622 animi
968 3569 1087 3638 omittit
1105 3569 1179 3625 Gud.
1199 3575 1226 3627 2.
1263 3573 1327 3624 Post

173 3642 330 3710 opinabiles
356 3655 415 3694 esse
440 3640 587 3692 omittitur
610 3644 637 3691 et
661 3639 693 3690 in
711 3638 778 3692 cod.
797 3637 871 3714 Aug.
907 3640 1009 3714 Pergit
1032 3641 1106 3695 Gud.
1126 3640 1326 3710 voluptarios,

173 3714 250 3766 lllon.
271 3717 296 3769 1.
323 3711 515 3764 toluntarias.
551 3710 611 3762 Mr.

247 3815 381 3868 coquere
399 3797 516 3864 srtscipi]
553 3794 624 3861 „Sic
648 3796 751 3849 melius
778 3800 904 3851 Petrens.
932 3801 1110 3861 Venilbl.
1140 3807 1170 3852 et
1194 3800 1327 3864 Froben,

64 3905 68 3909 ·
176 3885 262 3940 quam
284 3868 384 3942 vulgg.
411 3883 444 3920 ea
468 3882 550 3935 reque
577 3866 693 3934 suscipi.
732 3870 799 3920 lllox
822 3870 853 3920 in
871 3871 989 3927 Nervic.
1011 3880 1053 3923 est
1079 3885 1136 3923 non
1158 3872 1242 3925 modo
1264 3887 1327 3924 non

176 3940 258 3993 beuti.
296 3937 425 3992 Secunda
447 3953 518 3988 vero
540 3937 684 4006 particula
709 3955 816 4012 negans
842 3941 963 3993 minime
988 3950 1031 3993 est
1061 3943 1229 4008 necessaria,
1262 3958 1328 3994 cum

176 4028 239 4065 eam
256 4010 492 4080 praetermittere
504 4008 614 4061 soleant
631 4008 787 4077 scriptores
805 4012 921 4080 optimi,
940 4020 973 4063 ut
991 4012 1167 4064 ostendimus
1177 4014 1216 4076 „ad
1229 4013 1279 4065 lib.
1289 4011 1327 4064 11.

176 4099 202 4135 c.
222 4081 270 4136 5.“
288 4081 360 4134 nav.
385 4081 417 4132 iu
434 4081 487 4133 tta.
509 4084 534 4136 1.
571 4079 717 4133 Scribitur
739 4095 772 4132 ea
798 4098 882 4152 reque
905 4082 936 4133 in
960 4082 1045 4134 Codd.
1073 4085 1141 4137 Oxx.
1162 4100 1220 4136 sex.
1258 4085 1298 4136 Re
1320 4121 1326 4134 .

176 4154 249 4220 (sine
267 4152 363 4216 dubio)
383 4151 457 4204 Gud.
478 4156 502 4206 1.
522 4150 581 4215 (sed
600 4166 678 4218 puae,
696 4166 750 4220 pro
768 4155 834 4220 que)
852 4156 878 4206 2.
897 4153 985 4208 blarb.
1004 4153 1078 4207 Gud.
1098 4100 1327 4208 notationi.

176 4223 249 4292 Edd.
268 4225 302 4275 V.
320 4220 390 4274 Rob.
409 4220 508 4292 Steph.
526 4223 623 4277 llerw.
645 4221 735 4274 Gebh.
755 4221 825 4274 Dav.
846 4222 926 4286 (nod.
939 4225 965 4280 2.
979 4222 1019 4287 3.)
1037 4225 1108 4276 Ern.
1129 4241 1208 4295 seqq.
1233 4227 1329 4278 Monet

177 4295 231 4352 W.
251 4295 283 4346 in
305 4293 410 4346 scholis
434 4308 492 4345 non
519 4306 577 4347 esse
602 4292 784 4345 scribendum
813 4308 899 4363 eaque
922 4310 963 4360 re,
991 4295 1059 4365 quia
1080 4310 1113 4347 ea
1131 4310 1163 4347 re
1187 4297 1227 4348 sit
1249 4294 1328 4365 quasi

177 4384 268 4417 unum
284 4364 519 4429 venenatumst
537 4379 632 4435 quare,
651 4364 790 4430 utromodo.
818 4365 904 4417 Rene.
941 4364 997 4420 Sed
1014 4374 1183 4436 separantur
1200 4367 1233 4418 in
1251 4368 1329 4419 locu·

179 4438 259 4491 tione
281 4436 366 4506 deque
389 4450 431 4489 ea·
445 4450 478 4491 re
500 4443 529 4490 et
553 4449 637 4505 eaque
660 4435 695 4490 de
718 4451 760 4493 re.
801 4435 947 4514 Posterior
969 4437 1026 4491 boe
1048 4437 1114 4492 loco
1139 4427 1182 4491 dst
1205 4438 1238 4490 in
1262 4433 1327 4493 cod.
