<?xml version="1.0" encoding="UTF-8"?>
<!DOCTYPE html PUBLIC "-//W3C//DTD XHTML 1.0 Transitional//EN"
    "http://www.w3.org/TR/xhtml1/DTD/xhtml1-transitional.dtd">
<html xmlns="http://www.w3.org/1999/xhtml" xml:lang="en" lang="en">
 <head>
  <title>
</title>
<meta http-equiv="Content-Type" content="text/html;charset=utf-8" />
  <meta name='ocr-system' content='tesseract 3.04.00' />
  <meta name='ocr-capabilities' content='ocr_page ocr_carea ocr_par ocr_line ocrx_word'/>
</head>
<body>
  <div class='ocr_page' id='page_1' title='image "./mtulliiciceroni00davigoog_0368.png"; bbox 0 0 2842 5070; ppageno 0'>
   <div class='ocr_carea' id='block_1_1' title="bbox 550 271 1276 354">
    <p class='ocr_par' dir='ltr' id='par_1_1' title="bbox 550 271 1276 354">
     <span class='ocr_line' id='line_1_1' title="bbox 550 271 1276 354; baseline 0.006 -20"><span class='ocrx_word' id='word_1_1' title='bbox 550 272 679 354; x_wconf 72' lang='lat' dir='ltr'><strong>amaa</strong></span> <span class='ocrx_word' id='word_1_2' title='bbox 700 271 762 352; x_wconf 73' lang='grc' dir='ltr'><strong>ιν,</strong></span> <span class='ocrx_word' id='word_1_3' title='bbox 784 273 832 337; x_wconf 81' lang='lat'><strong>17.</strong></span> <span class='ocrx_word' id='word_1_4' title='bbox 1214 274 1276 338; x_wconf 84' lang='lat' dir='ltr'><strong>ase</strong></span> 
     </span>
    </p>
   </div>
   <div class='ocr_carea' id='block_1_2' title="bbox 123 433 1276 526">
    <p class='ocr_par' dir='ltr' id='par_1_2' title="bbox 123 433 1276 526">
     <span class='ocr_line' id='line_1_2' title="bbox 123 433 1276 526; baseline -0.003 -24"><span class='ocrx_word' id='word_1_5' title='bbox 123 437 337 504; x_wconf 70' lang='lat' dir='ltr'><strong>accessisset!</strong></span> <span class='ocrx_word' id='word_1_6' title='bbox 359 438 447 502; x_wconf 90' lang='lat' dir='ltr'><strong>Nata</strong></span> <span class='ocrx_word' id='word_1_7' title='bbox 461 445 548 499; x_wconf 88' lang='lat' dir='ltr'><strong>esset</strong></span> <span class='ocrx_word' id='word_1_8' title='bbox 566 434 744 526; x_wconf 82' lang='lat' dir='ltr'><strong>aegritudo</strong></span> <span class='ocrx_word' id='word_1_9' title='bbox 766 454 863 500; x_wconf 87' lang='lat' dir='ltr'><strong>nova.</strong></span> <span class='ocrx_word' id='word_1_10' title='bbox 892 433 956 496; x_wconf 86' lang='lat' dir='ltr'><strong>Sed</strong></span> <span class='ocrx_word' id='word_1_11' title='bbox 978 453 1016 497; x_wconf 86' lang='lat' dir='ltr'><strong>ea</strong></span> <span class='ocrx_word' id='word_1_12' title='bbox 1035 434 1174 500; x_wconf 86' lang='lat' dir='ltr'><strong>modica.</strong></span> <span class='ocrx_word' id='word_1_13' title='bbox 1202 435 1276 498; x_wconf 88' lang='lat' dir='ltr'><strong>Ma-</strong></span> 
     </span>
    </p>
   </div>
   <div class='ocr_carea' id='block_1_3' title="bbox 95 592 1280 1112">
    <p class='ocr_par' dir='ltr' id='par_1_3' title="bbox 95 592 1280 1112">
     <span class='ocr_line' id='line_1_3' title="bbox 193 592 1276 689; baseline -0.003 -13"><span class='ocrx_word' id='word_1_14' title='bbox 193 623 269 676; x_wconf 87' lang='lat' dir='ltr'><strong>Nata</strong></span> <span class='ocrx_word' id='word_1_15' title='bbox 287 627 359 674; x_wconf 88' lang='lat' dir='ltr'><strong>esset</strong></span> <span class='ocrx_word' id='word_1_16' title='bbox 377 619 528 689; x_wconf 72' lang='lat' dir='ltr'><strong><em>aegritudo</em></strong></span> <span class='ocrx_word' id='word_1_17' title='bbox 545 633 617 672; x_wconf 83' lang='lat' dir='ltr'><strong>aava</strong></span> <span class='ocrx_word' id='word_1_18' title='bbox 635 620 707 686; x_wconf 74' lang='lat' dir='ltr'><strong>sed]</strong></span> <span class='ocrx_word' id='word_1_19' title='bbox 743 619 859 685; x_wconf 80' lang='lat' dir='ltr'><strong>„Locus</strong></span> <span class='ocrx_word' id='word_1_20' title='bbox 871 653 872 656; x_wconf 55' lang='lat'><em>=</em></span> <span class='ocrx_word' id='word_1_21' title='bbox 884 618 935 672; x_wconf 76' lang='lat' dir='ltr'><strong>blo</strong></span> <span class='ocrx_word' id='word_1_22' title='bbox 962 634 1021 672; x_wconf 92' lang='lat' dir='ltr'><strong>non</strong></span> <span class='ocrx_word' id='word_1_23' title='bbox 1037 592 1155 671; x_wconf 65' lang='lat' dir='ltr'><strong>videtu&#39;r</strong></span> <span class='ocrx_word' id='word_1_24' title='bbox 1178 637 1276 673; x_wconf 86' lang='lat' dir='ltr'><strong>emen·</strong></span> 
     </span>
     <span class='ocr_line' id='line_1_4' title="bbox 124 689 1279 766; baseline -0.001 -21"><span class='ocrx_word' id='word_1_25' title='bbox 124 693 214 745; x_wconf 86' lang='lat' dir='ltr'><strong>datus.</strong></span> <span class='ocrx_word' id='word_1_26' title='bbox 252 692 343 758; x_wconf 79' lang='lat' dir='ltr'><strong>Quid?</strong></span> <span class='ocrx_word' id='word_1_27' title='bbox 363 692 388 743; x_wconf 87' lang='lat' dir='ltr'><strong>si</strong></span> <span class='ocrx_word' id='word_1_28' title='bbox 407 693 448 743; x_wconf 89' lang='lat' dir='ltr'><strong>sic</strong></span> <span class='ocrx_word' id='word_1_29' title='bbox 466 690 605 766; x_wconf 83' lang='lat' dir='ltr'><strong>legamus:</strong></span> <span class='ocrx_word' id='word_1_30' title='bbox 634 695 702 745; x_wconf 83' lang='lat' dir='ltr'><strong>nata</strong></span> <span class='ocrx_word' id='word_1_31' title='bbox 726 696 795 744; x_wconf 85' lang='lat' dir='ltr'><strong>esset</strong></span> <span class='ocrx_word' id='word_1_32' title='bbox 821 689 972 756; x_wconf 84' lang='lat' dir='ltr'><strong>aegritudo</strong></span> <span class='ocrx_word' id='word_1_33' title='bbox 991 704 1074 742; x_wconf 81' lang='lat' dir='ltr'><strong>nouo:</strong></span> <span class='ocrx_word' id='word_1_34' title='bbox 1101 705 1202 744; x_wconf 84' lang='lat' dir='ltr'><strong>necea</strong></span> <span class='ocrx_word' id='word_1_35' title='bbox 1219 707 1279 744; x_wconf 72' lang='lat' dir='ltr'><strong>mo</strong></span> 
     </span>
     <span class='ocr_line' id='line_1_5' title="bbox 95 759 1280 833; baseline -0.004 -14"><span class='ocrx_word' id='word_1_36' title='bbox 95 810 104 819; x_wconf 69' lang='grc'>,</span> <span class='ocrx_word' id='word_1_37' title='bbox 124 762 205 825; x_wconf 82' lang='lat' dir='ltr'><strong>dica;</strong></span> <span class='ocrx_word' id='word_1_38' title='bbox 223 767 438 829; x_wconf 77' lang='lat' dir='ltr'><strong>magnatorum</strong></span> <span class='ocrx_word' id='word_1_39' title='bbox 457 770 511 815; x_wconf 86' lang='lat' dir='ltr'><strong>etc.</strong></span> <span class='ocrx_word' id='word_1_40' title='bbox 531 761 618 831; x_wconf 82' lang='lat' dir='ltr'><strong>quid?</strong></span> <span class='ocrx_word' id='word_1_41' title='bbox 637 761 661 813; x_wconf 92' lang='lat' dir='ltr'><strong>si</strong></span> <span class='ocrx_word' id='word_1_42' title='bbox 679 762 736 833; x_wconf 61' lang='lat' dir='ltr'><strong>sice</strong></span> <span class='ocrx_word' id='word_1_43' title='bbox 756 766 824 815; x_wconf 82' lang='lat' dir='ltr'><strong>nata</strong></span> <span class='ocrx_word' id='word_1_44' title='bbox 842 767 914 814; x_wconf 90' lang='lat' dir='ltr'><strong>esset</strong></span> <span class='ocrx_word' id='word_1_45' title='bbox 932 759 1083 827; x_wconf 74' lang='lat' dir='ltr'><strong><em>aegritudo</em></strong></span> <span class='ocrx_word' id='word_1_46' title='bbox 1096 765 1191 815; x_wconf 76' lang='lat' dir='ltr'><strong>bauai</strong></span> <span class='ocrx_word' id='word_1_47' title='bbox 1207 762 1280 831; x_wconf 83' lang='lat' dir='ltr'><strong>quod</strong></span> 
     </span>
     <span class='ocr_line' id='line_1_6' title="bbox 123 831 1280 902; baseline 0 -16"><span class='ocrx_word' id='word_1_48' title='bbox 123 833 150 886; x_wconf 90' lang='lat' dir='ltr'><strong>si</strong></span> <span class='ocrx_word' id='word_1_49' title='bbox 167 841 239 886; x_wconf 84' lang='lat' dir='ltr'><strong>esset</strong></span> <span class='ocrx_word' id='word_1_50' title='bbox 256 835 309 887; x_wconf 87' lang='lat' dir='ltr'><strong>itta</strong></span> <span class='ocrx_word' id='word_1_51' title='bbox 327 832 445 897; x_wconf 87' lang='lat' dir='ltr'><strong>modica,</strong></span> <span class='ocrx_word' id='word_1_52' title='bbox 464 847 569 900; x_wconf 85' lang='lat' dir='ltr'><strong>magua</strong></span> <span class='ocrx_word' id='word_1_53' title='bbox 588 837 679 885; x_wconf 85' lang='lat' dir='ltr'><strong>tamea</strong></span> <span class='ocrx_word' id='word_1_54' title='bbox 696 841 751 886; x_wconf 90' lang='lat' dir='ltr'><strong>etc.</strong></span> <span class='ocrx_word' id='word_1_55' title='bbox 772 832 860 902; x_wconf 81' lang='lat' dir='ltr'><strong>quid?</strong></span> <span class='ocrx_word' id='word_1_56' title='bbox 879 832 903 883; x_wconf 90' lang='lat' dir='ltr'><strong>si</strong></span> <span class='ocrx_word' id='word_1_57' title='bbox 921 831 975 884; x_wconf 85' lang='lat' dir='ltr'><strong>sic:</strong></span> <span class='ocrx_word' id='word_1_58' title='bbox 1005 836 1072 884; x_wconf 83' lang='lat' dir='ltr'><strong>nata</strong></span> <span class='ocrx_word' id='word_1_59' title='bbox 1089 838 1162 885; x_wconf 89' lang='lat' dir='ltr'><strong>esset</strong></span> <span class='ocrx_word' id='word_1_60' title='bbox 1182 833 1280 901; x_wconf 84' lang='lat' dir='ltr'><strong>aegri·</strong></span> 
     </span>
     <span class='ocr_line' id='line_1_7' title="bbox 125 900 1280 972; baseline -0.001 -16"><span class='ocrx_word' id='word_1_61' title='bbox 125 905 189 964; x_wconf 84' lang='lat' dir='ltr'><strong>tudo</strong></span> <span class='ocrx_word' id='word_1_62' title='bbox 207 919 292 957; x_wconf 80' lang='lat' dir='ltr'><strong>novas</strong></span> <span class='ocrx_word' id='word_1_63' title='bbox 311 911 428 972; x_wconf 86' lang='lat' dir='ltr'><strong>quaeat</strong></span> <span class='ocrx_word' id='word_1_64' title='bbox 447 909 518 957; x_wconf 88' lang='lat' dir='ltr'><strong>esset</strong></span> <span class='ocrx_word' id='word_1_65' title='bbox 537 902 657 969; x_wconf 86' lang='lat' dir='ltr'><strong>modica,</strong></span> <span class='ocrx_word' id='word_1_66' title='bbox 676 919 782 970; x_wconf 86' lang='lat' dir='ltr'><strong>magua</strong></span> <span class='ocrx_word' id='word_1_67' title='bbox 800 909 893 956; x_wconf 83' lang='lat' dir='ltr'><strong>tamen</strong></span> <span class='ocrx_word' id='word_1_68' title='bbox 912 910 965 954; x_wconf 90' lang='lat' dir='ltr'><strong>etc.</strong></span> <span class='ocrx_word' id='word_1_69' title='bbox 988 900 1065 967; x_wconf 89' lang='lat' dir='ltr'><strong>[sunt</strong></span> <span class='ocrx_word' id='word_1_70' title='bbox 1082 901 1154 954; x_wconf 91' lang='lat' dir='ltr'><strong>haec</strong></span> <span class='ocrx_word' id='word_1_71' title='bbox 1177 903 1280 969; x_wconf 80' lang='lat' dir='ltr'><strong>„alio-</strong></span> 
     </span>
     <span class='ocr_line' id='line_1_8' title="bbox 125 972 1278 1047; baseline 0 -21"><span class='ocrx_word' id='word_1_72' title='bbox 125 973 216 1026; x_wconf 84' lang='lat' dir='ltr'><strong>rum“</strong></span> <span class='ocrx_word' id='word_1_73' title='bbox 235 975 266 1026; x_wconf 93' lang='lat' dir='ltr'><strong>in</strong></span> <span class='ocrx_word' id='word_1_74' title='bbox 283 976 414 1047; x_wconf 80' lang='lat' dir='ltr'><strong>margine</strong></span> <span class='ocrx_word' id='word_1_75' title='bbox 432 974 634 1027; x_wconf 80' lang='lat' dir='ltr'><strong>Lemserianae</strong></span> <span class='ocrx_word' id='word_1_76' title='bbox 652 984 676 1026; x_wconf 76' lang='lat' dir='ltr'><strong>a.</strong></span> <span class='ocrx_word' id='word_1_77' title='bbox 687 977 765 1029; x_wconf 78' lang='lat'><strong>1596.</strong></span> <span class='ocrx_word' id='word_1_78' title='bbox 784 982 933 1043; x_wconf 85' lang='lat' dir='ltr'><strong>praeterea</strong></span> <span class='ocrx_word' id='word_1_79' title='bbox 952 972 1145 1026; x_wconf 85' lang='lat' dir='ltr'><strong>Gothofredus</strong></span> <span class='ocrx_word' id='word_1_80' title='bbox 1183 976 1278 1032; x_wconf 72' lang='lat'><strong>,2³62</strong></span> 
     </span>
     <span class='ocr_line' id='line_1_9' title="bbox 125 992 1183 1112; baseline 0 -16"><span class='ocrx_word' id='word_1_81' title='bbox 125 1045 258 1098; x_wconf 88' lang='lat' dir='ltr'><strong>fortasse:</strong></span> <span class='ocrx_word' id='word_1_82' title='bbox 278 1060 327 1096; x_wconf 86' lang='lat' dir='ltr'><strong>nec</strong></span> <span class='ocrx_word' id='word_1_83' title='bbox 345 1060 383 1112; x_wconf 81' lang='lat' dir='ltr'><strong>ea</strong></span> <span class='ocrx_word' id='word_1_84' title='bbox 396 1043 521 1098; x_wconf 81' lang='lat' dir='ltr'><strong>modicas</strong></span> <span class='ocrx_word' id='word_1_85' title='bbox 540 1050 590 1097; x_wconf 89' lang='lat' dir='ltr'><strong>aut</strong></span> <span class='ocrx_word' id='word_1_86' title='bbox 609 1042 721 1098; x_wconf 82' lang='lat' dir='ltr'><strong>etiamsi</strong></span> <span class='ocrx_word' id='word_1_87' title='bbox 738 1043 859 1109; x_wconf 84' lang='lat' dir='ltr'><strong>modica,</strong></span> <span class='ocrx_word' id='word_1_88' title='bbox 877 1059 982 1110; x_wconf 82' lang='lat' dir='ltr'><strong>magua</strong></span> <span class='ocrx_word' id='word_1_89' title='bbox 1000 1050 1095 1096; x_wconf 81' lang='lat' dir='ltr'><strong>tamea</strong></span> <span class='ocrx_word' id='word_1_90' title='bbox 1107 992 1183 1110; x_wconf 51' lang='lat' dir='ltr'><strong>etadj</strong></span> 
     </span>
    </p>
   </div>
   <div class='ocr_carea' id='block_1_4' title="bbox 1195 1042 1363 1097">
    <p class='ocr_par' dir='ltr' id='par_1_4' title="bbox 1195 1042 1363 1097">
     <span class='ocr_line' id='line_1_10' title="bbox 1195 1042 1363 1097; baseline 0.006 -1"><span class='ocrx_word' id='word_1_91' title='bbox 1195 1042 1363 1097; x_wconf 64' lang='lat' dir='ltr'><strong>Laos-⁸</strong></span> 
     </span>
    </p>
   </div>
   <div class='ocr_carea' id='block_1_5' title="bbox 125 1111 1420 1238">
    <p class='ocr_par' dir='ltr' id='par_1_5' title="bbox 125 1111 1420 1238">
     <span class='ocr_line' id='line_1_11' title="bbox 125 1111 1420 1238; baseline -0.002 -70"><span class='ocrx_word' id='word_1_92' title='bbox 125 1114 217 1168; x_wconf 80' lang='lat' dir='ltr'><strong>binus.</strong></span> <span class='ocrx_word' id='word_1_93' title='bbox 238 1143 271 1161; x_wconf 77' lang='lat'><strong>—</strong></span> <span class='ocrx_word' id='word_1_94' title='bbox 289 1115 377 1189; x_wconf 85' lang='lat' dir='ltr'><strong>„Ego</strong></span> <span class='ocrx_word' id='word_1_95' title='bbox 395 1115 543 1237; x_wconf 59' lang='lat' dir='ltr'><strong>vulggtam</strong></span> <span class='ocrx_word' id='word_1_96' title='bbox 566 1115 724 1168; x_wconf 82' lang='lat' dir='ltr'><strong>lectionem</strong></span> <span class='ocrx_word' id='word_1_97' title='bbox 748 1113 807 1179; x_wconf 90' lang='lat' dir='ltr'><strong>[sed</strong></span> <span class='ocrx_word' id='word_1_98' title='bbox 824 1131 843 1167; x_wconf 92' lang='lat' dir='ltr'><strong>a</strong></span> <span class='ocrx_word' id='word_1_99' title='bbox 859 1113 980 1181; x_wconf 83' lang='lat' dir='ltr'><strong>modica]</strong></span> <span class='ocrx_word' id='word_1_100' title='bbox 1008 1132 1062 1184; x_wconf 89' lang='lat' dir='ltr'><strong>per</strong></span> <span class='ocrx_word' id='word_1_101' title='bbox 1079 1115 1281 1238; x_wconf 57' lang='lat' dir='ltr'><strong>dialogismum</strong></span> <span class='ocrx_word' id='word_1_102' title='bbox 1348 1156 1350 1160; x_wconf 49' lang='grc'><em>»</em></span> <span class='ocrx_word' id='word_1_103' title='bbox 1411 1111 1420 1131; x_wconf 82' lang='grc'><em>’</em></span> 
     </span>
    </p>
   </div>
   <div class='ocr_carea' id='block_1_6' title="bbox 124 1184 1347 1470">
    <p class='ocr_par' dir='ltr' id='par_1_6' title="bbox 127 1184 1290 1307">
     <span class='ocr_line' id='line_1_12' title="bbox 127 1184 1290 1307; baseline -0.002 -69"><span class='ocrx_word' id='word_1_104' title='bbox 127 1185 271 1255; x_wconf 86' lang='lat' dir='ltr'><strong>explicare</strong></span> <span class='ocrx_word' id='word_1_105' title='bbox 299 1185 435 1238; x_wconf 82' lang='lat' dir='ltr'>consuevi</span> <span class='ocrx_word' id='word_1_106' title='bbox 482 1202 516 1238; x_wconf 92' lang='lat' dir='ltr'><strong>oc</strong></span> <span class='ocrx_word' id='word_1_107' title='bbox 534 1184 627 1249; x_wconf 80' lang='lat' dir='ltr'><strong>ruodo,</strong></span> <span class='ocrx_word' id='word_1_108' title='bbox 652 1194 686 1237; x_wconf 92' lang='lat' dir='ltr'><strong>ut</strong></span> <span class='ocrx_word' id='word_1_109' title='bbox 713 1184 826 1238; x_wconf 86' lang='lat' dir='ltr'><strong>Stoicus</strong></span> <span class='ocrx_word' id='word_1_110' title='bbox 854 1184 1027 1307; x_wconf 83' lang='lat' dir='ltr'><strong>interroget,</strong></span> <span class='ocrx_word' id='word_1_111' title='bbox 1053 1185 1123 1254; x_wconf 89' lang='lat' dir='ltr'><strong>quid</strong></span> <span class='ocrx_word' id='word_1_112' title='bbox 1181 1193 1290 1237; x_wconf 82' lang='lat' dir='ltr'><strong>turum</strong></span> 
     </span>
    </p>

    <p class='ocr_par' dir='ltr' id='par_1_7' title="bbox 124 1251 1347 1470">
     <span class='ocr_line' id='line_1_13' title="bbox 124 1251 1347 1326; baseline 0 -18"><span class='ocrx_word' id='word_1_113' title='bbox 124 1251 235 1309; x_wconf 83' lang='lat' dir='ltr'><strong>Rutilio</strong></span> <span class='ocrx_word' id='word_1_114' title='bbox 254 1265 335 1321; x_wconf 86' lang='lat' dir='ltr'><strong>esset,</strong></span> <span class='ocrx_word' id='word_1_115' title='bbox 355 1255 388 1321; x_wconf 93' lang='lat' dir='ltr'><strong>si,</strong></span> <span class='ocrx_word' id='word_1_116' title='bbox 416 1274 505 1326; x_wconf 88' lang='lat' dir='ltr'><strong>quum</strong></span> <span class='ocrx_word' id='word_1_117' title='bbox 523 1257 622 1308; x_wconf 83' lang='lat' dir='ltr'><strong>fratris</strong></span> <span class='ocrx_word' id='word_1_118' title='bbox 640 1256 786 1326; x_wconf 79' lang='lat' dir='ltr'>repulsam</span> <span class='ocrx_word' id='word_1_119' title='bbox 803 1255 948 1308; x_wconf 86' lang='lat' dir='ltr'><strong>moderate</strong></span> <span class='ocrx_word' id='word_1_120' title='bbox 980 1264 1068 1321; x_wconf 81' lang='lat' dir='ltr'>erret,</span> <span class='ocrx_word' id='word_1_121' title='bbox 1095 1256 1184 1310; x_wconf 89' lang='lat' dir='ltr'><strong>etiam</strong></span> <span class='ocrx_word' id='word_1_122' title='bbox 1208 1255 1282 1308; x_wconf 86' lang='lat' dir='ltr'><strong>libe-</strong></span> <span class='ocrx_word' id='word_1_123' title='bbox 1340 1277 1347 1288; x_wconf 25' lang='grc' dir='ltr'>κ</span> 
     </span>
     <span class='ocr_line' id='line_1_14' title="bbox 124 1325 1282 1396; baseline 0 -17"><span class='ocrx_word' id='word_1_124' title='bbox 124 1343 171 1379; x_wconf 89' lang='lat' dir='ltr'><strong>ros</strong></span> <span class='ocrx_word' id='word_1_125' title='bbox 189 1325 346 1380; x_wconf 79' lang='lat' dir='ltr'><strong>amisisset?</strong></span> <span class='ocrx_word' id='word_1_126' title='bbox 363 1327 533 1396; x_wconf 82' lang='lat' dir='ltr'><strong>respondeat</strong></span> <span class='ocrx_word' id='word_1_127' title='bbox 550 1327 758 1396; x_wconf 84' lang='lat' dir='ltr'><strong>Peripateticus</strong></span> <span class='ocrx_word' id='word_1_128' title='bbox 775 1345 829 1396; x_wconf 89' lang='lat' dir='ltr'><strong>per</strong></span> <span class='ocrx_word' id='word_1_129' title='bbox 847 1326 1070 1392; x_wconf 85' lang='lat' dir='ltr'><strong>concessionem,</strong></span> <span class='ocrx_word' id='word_1_130' title='bbox 1099 1345 1166 1380; x_wconf 90' lang='lat' dir='ltr'><strong>eum</strong></span> <span class='ocrx_word' id='word_1_131' title='bbox 1184 1342 1282 1379; x_wconf 87' lang='lat' dir='ltr'><strong>casum</strong></span> 
     </span>
     <span class='ocr_line' id='line_1_15' title="bbox 125 1396 1341 1470; baseline 0 -22"><span class='ocrx_word' id='word_1_132' title='bbox 125 1413 228 1449; x_wconf 84' lang='lat' dir='ltr'><strong>novam</strong></span> <span class='ocrx_word' id='word_1_133' title='bbox 253 1397 370 1466; x_wconf 85' lang='lat' dir='ltr'><strong>quidem</strong></span> <span class='ocrx_word' id='word_1_134' title='bbox 397 1396 609 1470; x_wconf 79' lang='lat' dir='ltr'><strong>aegritudinem</strong></span> <span class='ocrx_word' id='word_1_135' title='bbox 637 1397 794 1449; x_wconf 88' lang='lat' dir='ltr'><strong>allaturum</strong></span> <span class='ocrx_word' id='word_1_136' title='bbox 818 1397 915 1461; x_wconf 83' lang='lat' dir='ltr'><strong>fuisse,</strong></span> <span class='ocrx_word' id='word_1_137' title='bbox 941 1414 1045 1449; x_wconf 85' lang='lat' dir='ltr'><strong>verum</strong></span> <span class='ocrx_word' id='word_1_138' title='bbox 1073 1414 1135 1449; x_wconf 85' lang='lat' dir='ltr'><strong>eam</strong></span> <span class='ocrx_word' id='word_1_139' title='bbox 1152 1396 1282 1450; x_wconf 86' lang='lat' dir='ltr'><strong>modera-</strong></span> <span class='ocrx_word' id='word_1_140' title='bbox 1339 1443 1341 1448; x_wconf 93' lang='lat'><strong>.</strong></span> 
     </span>
    </p>
   </div>
   <div class='ocr_carea' id='block_1_7' title="bbox 124 1466 1401 1556">
    <p class='ocr_par' dir='ltr' id='par_1_8' title="bbox 124 1466 1401 1556">
     <span class='ocr_line' id='line_1_16' title="bbox 124 1466 1401 1556; baseline 0 -37"><span class='ocrx_word' id='word_1_141' title='bbox 124 1475 196 1520; x_wconf 91' lang='lat' dir='ltr'><strong>tam:</strong></span> <span class='ocrx_word' id='word_1_142' title='bbox 228 1477 292 1520; x_wconf 91' lang='lat' dir='ltr'><strong>tum</strong></span> <span class='ocrx_word' id='word_1_143' title='bbox 311 1467 423 1520; x_wconf 91' lang='lat' dir='ltr'><strong>Stoicus</strong></span> <span class='ocrx_word' id='word_1_144' title='bbox 443 1467 574 1532; x_wconf 64' lang='lat' dir='ltr'><strong>resistats</strong></span> <span class='ocrx_word' id='word_1_145' title='bbox 590 1468 654 1519; x_wconf 84' lang='lat' dir='ltr'><strong>Etsi</strong></span> <span class='ocrx_word' id='word_1_146' title='bbox 676 1468 823 1520; x_wconf 86' lang='lat' dir='ltr'><strong>moderata</strong></span> <span class='ocrx_word' id='word_1_147' title='bbox 842 1475 923 1533; x_wconf 88' lang='lat' dir='ltr'><strong>essct,</strong></span> <span class='ocrx_word' id='word_1_148' title='bbox 947 1474 1044 1520; x_wconf 88' lang='lat' dir='ltr'><strong>tamen</strong></span> <span class='ocrx_word' id='word_1_149' title='bbox 1070 1485 1160 1536; x_wconf 86' lang='lat' dir='ltr'><strong>quum</strong></span> <span class='ocrx_word' id='word_1_150' title='bbox 1183 1466 1219 1519; x_wconf 85' lang='lat' dir='ltr'><strong>ad</strong></span> <span class='ocrx_word' id='word_1_151' title='bbox 1236 1485 1282 1519; x_wconf 91' lang='lat' dir='ltr'><strong>su·</strong></span> <span class='ocrx_word' id='word_1_152' title='bbox 1357 1521 1360 1525; x_wconf 68' lang='grc'>,</span> <span class='ocrx_word' id='word_1_153' title='bbox 1397 1542 1401 1556; x_wconf 29' lang='grc' dir='ltr'>ι</span> 
     </span>
    </p>
   </div>
   <div class='ocr_carea' id='block_1_8' title="bbox 124 1537 1283 1679">
    <p class='ocr_par' dir='ltr' id='par_1_9' title="bbox 124 1537 1283 1679">
     <span class='ocr_line' id='line_1_17' title="bbox 124 1537 1283 1613; baseline 0 -22"><span class='ocrx_word' id='word_1_154' title='bbox 124 1539 271 1608; x_wconf 85' lang='lat' dir='ltr'><strong>perierem</strong></span> <span class='ocrx_word' id='word_1_155' title='bbox 289 1538 504 1612; x_wconf 87' lang='lat' dir='ltr'><strong>adiungeretur,</strong></span> <span class='ocrx_word' id='word_1_156' title='bbox 524 1554 658 1613; x_wconf 86' lang='lat' dir='ltr'><strong>magnam</strong></span> <span class='ocrx_word' id='word_1_157' title='bbox 676 1540 813 1590; x_wconf 85' lang='lat' dir='ltr'><strong>futuram.</strong></span> <span class='ocrx_word' id='word_1_158' title='bbox 832 1537 909 1612; x_wconf 84' lang='lat' dir='ltr'><strong>Lego</strong></span> <span class='ocrx_word' id='word_1_159' title='bbox 929 1538 1017 1600; x_wconf 89' lang='lat' dir='ltr'><strong>enim,</strong></span> <span class='ocrx_word' id='word_1_160' title='bbox 1037 1545 1070 1588; x_wconf 91' lang='lat' dir='ltr'><strong>ut</strong></span> <span class='ocrx_word' id='word_1_161' title='bbox 1089 1538 1181 1590; x_wconf 87' lang='lat' dir='ltr'><strong>estin</strong></span> <span class='ocrx_word' id='word_1_162' title='bbox 1195 1554 1283 1610; x_wconf 79' lang='lat' dir='ltr'><strong>manu</strong></span> 
     </span>
     <span class='ocr_line' id='line_1_18' title="bbox 125 1607 1104 1679; baseline 0.001 -18"><span class='ocrx_word' id='word_1_163' title='bbox 125 1609 232 1679; x_wconf 88' lang='lat' dir='ltr'><strong>scripto</strong></span> <span class='ocrx_word' id='word_1_164' title='bbox 250 1610 362 1677; x_wconf 80' lang='lat' dir='ltr'><strong>Magus</strong></span> <span class='ocrx_word' id='word_1_165' title='bbox 381 1615 472 1663; x_wconf 81' lang='lat' dir='ltr'><strong>tamen</strong></span> <span class='ocrx_word' id='word_1_166' title='bbox 490 1610 569 1674; x_wconf 78' lang='lat' dir='ltr'><strong>facta</strong></span> <span class='ocrx_word' id='word_1_167' title='bbox 587 1615 660 1662; x_wconf 90' lang='lat' dir='ltr'><strong>esset</strong></span> <span class='ocrx_word' id='word_1_168' title='bbox 679 1607 869 1662; x_wconf 83' lang='lat' dir='ltr'><strong>accessione.“</strong></span> <span class='ocrx_word' id='word_1_169' title='bbox 905 1608 969 1662; x_wconf 83' lang='lat' dir='ltr'><strong>Fre.</strong></span> <span class='ocrx_word' id='word_1_170' title='bbox 990 1607 1104 1662; x_wconf 83' lang='lat' dir='ltr'><strong>Fabric.</strong></span> 
     </span>
    </p>
   </div>
   <div class='ocr_carea' id='block_1_9' title="bbox 66 1695 1356 4324">
    <p class='ocr_par' dir='ltr' id='par_1_10' title="bbox 127 1695 1283 1822">
     <span class='ocr_line' id='line_1_19' title="bbox 197 1695 1283 1765; baseline 0 -16"><span class='ocrx_word' id='word_1_171' title='bbox 197 1695 243 1749; x_wconf 87' lang='lat' dir='ltr'><strong>Sit</strong></span> <span class='ocrx_word' id='word_1_172' title='bbox 266 1713 300 1750; x_wconf 87' lang='lat' dir='ltr'><strong>ea</strong></span> <span class='ocrx_word' id='word_1_173' title='bbox 326 1696 454 1765; x_wconf 86' lang='lat' dir='ltr'><strong>modica]</strong></span> <span class='ocrx_word' id='word_1_174' title='bbox 490 1697 544 1749; x_wconf 82' lang='lat' dir='ltr'><strong>Est</strong></span> <span class='ocrx_word' id='word_1_175' title='bbox 568 1717 583 1751; x_wconf 89' lang='lat' dir='ltr'><strong>a</strong></span> <span class='ocrx_word' id='word_1_176' title='bbox 608 1698 652 1752; x_wconf 84' lang='lat' dir='ltr'><strong>cl.</strong></span> <span class='ocrx_word' id='word_1_177' title='bbox 677 1697 824 1750; x_wconf 86' lang='lat' dir='ltr'><strong>Bentleio:</strong></span> <span class='ocrx_word' id='word_1_178' title='bbox 852 1715 918 1751; x_wconf 88' lang='lat' dir='ltr'><strong>nam</strong></span> <span class='ocrx_word' id='word_1_179' title='bbox 943 1696 1060 1750; x_wconf 80' lang='lat' dir='ltr'><strong>Codices</strong></span> <span class='ocrx_word' id='word_1_180' title='bbox 1087 1696 1137 1753; x_wconf 86' lang='lat' dir='ltr'><strong>sed</strong></span> <span class='ocrx_word' id='word_1_181' title='bbox 1164 1711 1199 1750; x_wconf 89' lang='lat' dir='ltr'><strong>ea</strong></span> <span class='ocrx_word' id='word_1_182' title='bbox 1224 1712 1283 1749; x_wconf 75' lang='lat' dir='ltr'><strong>mo</strong></span> 
     </span>
     <span class='ocr_line' id='line_1_20' title="bbox 127 1765 966 1822; baseline 0.002 -2"><span class='ocrx_word' id='word_1_183' title='bbox 127 1765 201 1821; x_wconf 81' lang='lat' dir='ltr'><strong>dica.</strong></span> <span class='ocrx_word' id='word_1_184' title='bbox 239 1768 276 1822; x_wconf 90' lang='lat' dir='ltr'><strong>D.</strong></span> <span class='ocrx_word' id='word_1_185' title='bbox 311 1814 314 1820; x_wconf 95' lang='lat'><strong>.</strong></span> <span class='ocrx_word' id='word_1_186' title='bbox 960 1777 966 1789; x_wconf 75' lang='grc'><strong>“</strong></span> 
     </span>
    </p>

    <p class='ocr_par' dir='ltr' id='par_1_11' title="bbox 80 1837 1331 2808">
     <span class='ocr_line' id='line_1_21' title="bbox 196 1837 1282 1907; baseline 0 -15"><span class='ocrx_word' id='word_1_187' title='bbox 196 1837 253 1893; x_wconf 88' lang='lat' dir='ltr'><strong>Sed</strong></span> <span class='ocrx_word' id='word_1_188' title='bbox 270 1837 455 1907; x_wconf 65' lang='lat' dir='ltr'><strong>eaauodica]</strong></span> <span class='ocrx_word' id='word_1_189' title='bbox 491 1840 583 1904; x_wconf 86' lang='lat' dir='ltr'><strong>„Non</strong></span> <span class='ocrx_word' id='word_1_190' title='bbox 607 1840 684 1891; x_wconf 84' lang='lat' dir='ltr'><strong>forte</strong></span> <span class='ocrx_word' id='word_1_191' title='bbox 708 1854 856 1891; x_wconf 85' lang='lat' dir='ltr'><strong>necessum</strong></span> <span class='ocrx_word' id='word_1_192' title='bbox 874 1846 925 1903; x_wconf 86' lang='lat' dir='ltr'><strong>est,</strong></span> <span class='ocrx_word' id='word_1_193' title='bbox 953 1845 987 1891; x_wconf 91' lang='lat' dir='ltr'><strong>ut</strong></span> <span class='ocrx_word' id='word_1_194' title='bbox 1010 1838 1199 1891; x_wconf 80' lang='lat' dir='ltr'><strong>assentiamur</strong></span> <span class='ocrx_word' id='word_1_195' title='bbox 1215 1837 1282 1892; x_wconf 83' lang='lat' dir='ltr'><strong>viro</strong></span> 
     </span>
     <span class='ocr_line' id='line_1_22' title="bbox 126 1908 1283 1986; baseline -0.001 -25"><span class='ocrx_word' id='word_1_196' title='bbox 126 1908 210 1962; x_wconf 90' lang='lat' dir='ltr'><strong>docto</strong></span> <span class='ocrx_word' id='word_1_197' title='bbox 237 1909 294 1974; x_wconf 89' lang='lat' dir='ltr'><strong>illi,</strong></span> <span class='ocrx_word' id='word_1_198' title='bbox 317 1912 374 1980; x_wconf 37' lang='lat' dir='ltr'><strong>*qui</strong></span> <span class='ocrx_word' id='word_1_199' title='bbox 400 1909 525 1986; x_wconf 85' lang='lat' dir='ltr'><strong>legebat:</strong></span> <span class='ocrx_word' id='word_1_200' title='bbox 554 1908 602 1964; x_wconf 84' lang='lat' dir='ltr'><strong>Sit</strong></span> <span class='ocrx_word' id='word_1_201' title='bbox 628 1923 696 1963; x_wconf 85' lang='lat' dir='ltr'><strong>saue</strong></span> <span class='ocrx_word' id='word_1_202' title='bbox 719 1910 853 1964; x_wconf 74' lang='lat' dir='ltr'><strong>modicas</strong></span> <span class='ocrx_word' id='word_1_203' title='bbox 870 1924 975 1977; x_wconf 87' lang='lat' dir='ltr'><strong>magua</strong></span> <span class='ocrx_word' id='word_1_204' title='bbox 994 1916 1049 1961; x_wconf 91' lang='lat' dir='ltr'><strong>etc.</strong></span> <span class='ocrx_word' id='word_1_205' title='bbox 1087 1909 1184 1961; x_wconf 88' lang='lat' dir='ltr'><strong>Primo</strong></span> <span class='ocrx_word' id='word_1_206' title='bbox 1203 1909 1283 1961; x_wconf 91' lang='lat' dir='ltr'><strong>enim</strong></span> 
     </span>
     <span class='ocr_line' id='line_1_23' title="bbox 97 1979 1283 2050; baseline 0.001 -20"><span class='ocrx_word' id='word_1_207' title='bbox 97 2037 99 2040; x_wconf 8' lang='grc' dir='ltr'><em>Α</em></span> <span class='ocrx_word' id='word_1_208' title='bbox 126 1980 206 2032; x_wconf 92' lang='lat' dir='ltr'><strong>locus</strong></span> <span class='ocrx_word' id='word_1_209' title='bbox 224 1981 435 2034; x_wconf 88' lang='lat' dir='ltr'><strong>coniunctionis</strong></span> <span class='ocrx_word' id='word_1_210' title='bbox 453 1982 510 2046; x_wconf 87' lang='lat' dir='ltr'><strong>sed,</strong></span> <span class='ocrx_word' id='word_1_211' title='bbox 532 1982 560 2033; x_wconf 87' lang='lat' dir='ltr'><strong>si</strong></span> <span class='ocrx_word' id='word_1_212' title='bbox 577 1980 665 2033; x_wconf 87' lang='lat' dir='ltr'><strong>verba</strong></span> <span class='ocrx_word' id='word_1_213' title='bbox 687 1982 759 2032; x_wconf 87' lang='lat' dir='ltr'><strong>bene</strong></span> <span class='ocrx_word' id='word_1_214' title='bbox 783 1980 973 2050; x_wconf 86' lang='lat' dir='ltr'><strong>introspicias,</strong></span> <span class='ocrx_word' id='word_1_215' title='bbox 996 1981 1064 2032; x_wconf 90' lang='lat' dir='ltr'><strong>satis</strong></span> <span class='ocrx_word' id='word_1_216' title='bbox 1090 1979 1209 2032; x_wconf 83' lang='lat' dir='ltr'><strong>videtur</strong></span> <span class='ocrx_word' id='word_1_217' title='bbox 1233 1995 1283 2049; x_wconf 88' lang='lat' dir='ltr'><strong>op·</strong></span> 
     </span>
     <span class='ocr_line' id='line_1_24' title="bbox 125 2050 1284 2133; baseline 0.001 -31"><span class='ocrx_word' id='word_1_218' title='bbox 125 2058 273 2133; x_wconf 87' lang='lat' dir='ltr'><strong>portunus.</strong></span> <span class='ocrx_word' id='word_1_219' title='bbox 312 2052 420 2106; x_wconf 89' lang='lat' dir='ltr'><strong>Deinde</strong></span> <span class='ocrx_word' id='word_1_220' title='bbox 438 2060 503 2105; x_wconf 91' lang='lat' dir='ltr'><strong>ante</strong></span> <span class='ocrx_word' id='word_1_221' title='bbox 521 2068 623 2104; x_wconf 82' lang='lat' dir='ltr'><strong>vocem</strong></span> <span class='ocrx_word' id='word_1_222' title='bbox 641 2050 751 2104; x_wconf 86' lang='lat' dir='ltr'><strong>modica</strong></span> <span class='ocrx_word' id='word_1_223' title='bbox 774 2051 862 2104; x_wconf 84' lang='lat' dir='ltr'><strong>facile</strong></span> <span class='ocrx_word' id='word_1_224' title='bbox 880 2050 1049 2104; x_wconf 73' lang='lat' dir='ltr'><strong>subauditur</strong></span> <span class='ocrx_word' id='word_1_225' title='bbox 1071 2051 1205 2118; x_wconf 74' lang='lat' dir='ltr'><strong>aerumnis,</strong></span> <span class='ocrx_word' id='word_1_226' title='bbox 1234 2067 1284 2103; x_wconf 90' lang='lat' dir='ltr'><strong>cu·</strong></span> 
     </span>
     <span class='ocr_line' id='line_1_25' title="bbox 126 2118 1284 2197; baseline 0.003 -26"><span class='ocrx_word' id='word_1_227' title='bbox 126 2139 171 2172; x_wconf 80' lang='lat' dir='ltr'><strong>rus</strong></span> <span class='ocrx_word' id='word_1_228' title='bbox 189 2122 304 2175; x_wconf 89' lang='lat' dir='ltr'><strong>omissio</strong></span> <span class='ocrx_word' id='word_1_229' title='bbox 321 2122 409 2197; x_wconf 88' lang='lat' dir='ltr'><strong>longe</strong></span> <span class='ocrx_word' id='word_1_230' title='bbox 428 2131 471 2176; x_wconf 90' lang='lat' dir='ltr'><strong>est</strong></span> <span class='ocrx_word' id='word_1_231' title='bbox 489 2123 682 2175; x_wconf 85' lang='lat' dir='ltr'><strong>usitatissima.</strong></span> <span class='ocrx_word' id='word_1_232' title='bbox 719 2121 768 2175; x_wconf 86' lang='lat' dir='ltr'><strong>Sic</strong></span> <span class='ocrx_word' id='word_1_233' title='bbox 791 2121 877 2175; x_wconf 82' lang='lat' dir='ltr'><strong>Acad.</strong></span> <span class='ocrx_word' id='word_1_234' title='bbox 898 2121 936 2175; x_wconf 87' lang='lat'><strong>11.</strong></span> <span class='ocrx_word' id='word_1_235' title='bbox 955 2123 985 2180; x_wconf 76' lang='lat'><strong>4:</strong></span> <span class='ocrx_word' id='word_1_236' title='bbox 1010 2118 1090 2174; x_wconf 79' lang='lat' dir='ltr'><strong>bomo</strong></span> <span class='ocrx_word' id='word_1_237' title='bbox 1114 2127 1217 2174; x_wconf 83' lang='lat' dir='ltr'><strong>natura</strong></span> <span class='ocrx_word' id='word_1_238' title='bbox 1243 2121 1284 2174; x_wconf 85' lang='lat' dir='ltr'><strong>ie·</strong></span> 
     </span>
     <span class='ocr_line' id='line_1_26' title="bbox 125 2190 1282 2262; baseline 0.003 -20"><span class='ocrx_word' id='word_1_239' title='bbox 125 2190 260 2245; x_wconf 80' lang='lat' dir='ltr'><strong>nissimus</strong></span> <span class='ocrx_word' id='word_1_240' title='bbox 280 2225 311 2236; x_wconf 87' lang='lat'>-</span> <span class='ocrx_word' id='word_1_241' title='bbox 332 2224 365 2234; x_wconf 94' lang='lat'><em>-</em></span> <span class='ocrx_word' id='word_1_242' title='bbox 384 2191 559 2246; x_wconf 70' lang='lat' dir='ltr'><strong>stomachari</strong></span> <span class='ocrx_word' id='word_1_243' title='bbox 577 2199 668 2246; x_wconf 84' lang='lat' dir='ltr'><strong>tameo</strong></span> <span class='ocrx_word' id='word_1_244' title='bbox 687 2191 777 2261; x_wconf 84' lang='lat' dir='ltr'><strong>coepit</strong></span> <span class='ocrx_word' id='word_1_245' title='bbox 795 2202 849 2250; x_wconf 88' lang='lat' dir='ltr'><strong>etc.</strong></span> <span class='ocrx_word' id='word_1_246' title='bbox 870 2210 894 2245; x_wconf 90' lang='lat' dir='ltr'><strong>c.</strong></span> <span class='ocrx_word' id='word_1_247' title='bbox 916 2194 964 2248; x_wconf 78' lang='lat'><strong>15:</strong></span> <span class='ocrx_word' id='word_1_248' title='bbox 983 2208 1052 2260; x_wconf 80' lang='lat' dir='ltr'><strong>quae</strong></span> <span class='ocrx_word' id='word_1_249' title='bbox 1063 2191 1282 2262; x_wconf 73' lang='lat' dir='ltr'><strong>perdifficuiter,</strong></span> 
     </span>
     <span class='ocr_line' id='line_1_27' title="bbox 125 2260 1331 2338; baseline 0 -24"><span class='ocrx_word' id='word_1_250' title='bbox 125 2260 346 2317; x_wconf 68' lang='lat' dir='ltr'><strong>internoscantur</strong></span> <span class='ocrx_word' id='word_1_251' title='bbox 372 2271 473 2323; x_wconf 86' lang='lat' dir='ltr'><strong>tamea.</strong></span> <span class='ocrx_word' id='word_1_252' title='bbox 502 2273 531 2316; x_wconf 91' lang='lat' dir='ltr'><strong>et</strong></span> <span class='ocrx_word' id='word_1_253' title='bbox 558 2264 674 2316; x_wconf 79' lang='lat' dir='ltr'><strong>similia.</strong></span> <span class='ocrx_word' id='word_1_254' title='bbox 711 2266 856 2333; x_wconf 79' lang='lat' dir='ltr'><strong>Postremo</strong></span> <span class='ocrx_word' id='word_1_255' title='bbox 881 2263 1029 2338; x_wconf 81' lang='lat' dir='ltr'><strong>eleganter</strong></span> <span class='ocrx_word' id='word_1_256' title='bbox 1052 2263 1162 2316; x_wconf 88' lang='lat' dir='ltr'><strong>dicitur</strong></span> <span class='ocrx_word' id='word_1_257' title='bbox 1187 2263 1284 2336; x_wconf 89' lang='lat' dir='ltr'><strong>aegri·</strong></span> <span class='ocrx_word' id='word_1_258' title='bbox 1324 2317 1331 2327; x_wconf 58' lang='lat'><em>,</em></span> 
     </span>
     <span class='ocr_line' id='line_1_28' title="bbox 126 2333 1285 2404; baseline 0.002 -20"><span class='ocrx_word' id='word_1_259' title='bbox 126 2333 195 2385; x_wconf 91' lang='lat' dir='ltr'><strong>tudo</strong></span> <span class='ocrx_word' id='word_1_260' title='bbox 213 2350 315 2401; x_wconf 83' lang='lat' dir='ltr'><strong>asagaa</strong></span> <span class='ocrx_word' id='word_1_261' title='bbox 334 2337 458 2388; x_wconf 75' lang='lat' dir='ltr'><strong>accessio</strong></span> <span class='ocrx_word' id='word_1_262' title='bbox 476 2333 550 2401; x_wconf 73' lang='lat' dir='ltr'><strong>fieri,</strong></span> <span class='ocrx_word' id='word_1_263' title='bbox 576 2353 666 2403; x_wconf 89' lang='lat' dir='ltr'><strong>quum</strong></span> <span class='ocrx_word' id='word_1_264' title='bbox 684 2336 764 2387; x_wconf 87' lang='lat' dir='ltr'><strong>illius</strong></span> <span class='ocrx_word' id='word_1_265' title='bbox 783 2335 942 2388; x_wconf 88' lang='lat' dir='ltr'><strong>accessione</strong></span> <span class='ocrx_word' id='word_1_266' title='bbox 966 2352 994 2386; x_wconf 92' lang='lat' dir='ltr'><strong>m</strong></span> <span class='ocrx_word' id='word_1_267' title='bbox 1033 2351 1141 2404; x_wconf 88' lang='lat' dir='ltr'><strong>nopere</strong></span> <span class='ocrx_word' id='word_1_268' title='bbox 1160 2351 1194 2386; x_wconf 87' lang='lat' dir='ltr'><strong>au</strong></span> <span class='ocrx_word' id='word_1_269' title='bbox 1218 2341 1285 2386; x_wconf 87' lang='lat' dir='ltr'><strong>etur</strong></span> 
     </span>
     <span class='ocr_line' id='line_1_29' title="bbox 127 2351 1284 2474; baseline 0.001 -19"><span class='ocrx_word' id='word_1_270' title='bbox 127 2403 167 2468; x_wconf 87' lang='lat' dir='ltr'><strong>id,</strong></span> <span class='ocrx_word' id='word_1_271' title='bbox 186 2421 243 2474; x_wconf 86' lang='lat' dir='ltr'><strong>quo</strong></span> <span class='ocrx_word' id='word_1_272' title='bbox 263 2406 386 2458; x_wconf 86' lang='lat' dir='ltr'><strong>accedat.</strong></span> <span class='ocrx_word' id='word_1_273' title='bbox 425 2406 502 2457; x_wconf 84' lang='lat' dir='ltr'><strong>Talis</strong></span> <span class='ocrx_word' id='word_1_274' title='bbox 521 2405 648 2458; x_wconf 82' lang='lat' dir='ltr'><strong>formula</strong></span> <span class='ocrx_word' id='word_1_275' title='bbox 666 2415 708 2459; x_wconf 88' lang='lat' dir='ltr'><strong>est</strong></span> <span class='ocrx_word' id='word_1_276' title='bbox 727 2406 774 2458; x_wconf 87' lang='lat' dir='ltr'><strong>Or.</strong></span> <span class='ocrx_word' id='word_1_277' title='bbox 804 2406 835 2459; x_wconf 91' lang='lat' dir='ltr'><strong>in</strong></span> <span class='ocrx_word' id='word_1_278' title='bbox 853 2406 944 2458; x_wconf 83' lang='lat' dir='ltr'><strong>Pison.</strong></span> <span class='ocrx_word' id='word_1_279' title='bbox 966 2403 1020 2470; x_wconf 82' lang='lat'><strong>[37.</strong></span> <span class='ocrx_word' id='word_1_280' title='bbox 1044 2425 1051 2458; x_wconf 76' lang='lat' dir='ltr'><strong>a</strong></span> <span class='ocrx_word' id='word_1_281' title='bbox 1083 2421 1145 2457; x_wconf 87' lang='lat' dir='ltr'><strong>cum</strong></span> <span class='ocrx_word' id='word_1_282' title='bbox 1169 2351 1223 2457; x_wconf 60' lang='lat' dir='ltr'><strong>eidi</strong></span> <span class='ocrx_word' id='word_1_283' title='bbox 1245 2403 1284 2458; x_wconf 87' lang='lat' dir='ltr'><strong>ad</strong></span> 
     </span>
     <span class='ocr_line' id='line_1_30' title="bbox 80 2475 1284 2544; baseline 0.004 -22"><span class='ocrx_word' id='word_1_284' title='bbox 80 2508 83 2522; x_wconf 90' lang='lat'><strong>.</strong></span> <span class='ocrx_word' id='word_1_285' title='bbox 123 2475 267 2542; x_wconf 82' lang='lat' dir='ltr'><strong>pristinas</strong></span> <span class='ocrx_word' id='word_1_286' title='bbox 290 2476 382 2528; x_wconf 83' lang='lat' dir='ltr'><strong>clades</strong></span> <span class='ocrx_word' id='word_1_287' title='bbox 399 2475 522 2530; x_wconf 85' lang='lat' dir='ltr'><strong>accessio</strong></span> <span class='ocrx_word' id='word_1_288' title='bbox 540 2475 643 2539; x_wconf 70' lang='lat' dir='ltr'><strong>fuisset</strong></span> <span class='ocrx_word' id='word_1_289' title='bbox 667 2475 800 2530; x_wconf 79' lang='lat' dir='ltr'><strong>Aetoliae</strong></span> <span class='ocrx_word' id='word_1_290' title='bbox 818 2477 979 2544; x_wconf 81' lang='lat' dir='ltr'><strong>repentinus</strong></span> <span class='ocrx_word' id='word_1_291' title='bbox 1004 2475 1148 2538; x_wconf 82' lang='lat' dir='ltr'><strong>interitus,</strong></span> <span class='ocrx_word' id='word_1_292' title='bbox 1178 2475 1284 2528; x_wconf 78' lang='lat' dir='ltr'><strong>Florus</strong></span> 
     </span>
     <span class='ocr_line' id='line_1_31' title="bbox 125 2544 1280 2616; baseline -0.001 -18"><span class='ocrx_word' id='word_1_293' title='bbox 125 2546 180 2598; x_wconf 91' lang='lat' dir='ltr'><strong>III.</strong></span> <span class='ocrx_word' id='word_1_294' title='bbox 200 2549 233 2602; x_wconf 82' lang='lat'><strong>6:</strong></span> <span class='ocrx_word' id='word_1_295' title='bbox 259 2556 285 2600; x_wconf 87' lang='lat' dir='ltr'><strong>et</strong></span> <span class='ocrx_word' id='word_1_296' title='bbox 307 2546 407 2614; x_wconf 83' lang='lat' dir='ltr'><strong>pirata</strong></span> <span class='ocrx_word' id='word_1_297' title='bbox 426 2544 643 2600; x_wconf 75' lang='lat' dir='ltr'><strong>Mithridaticae</strong></span> <span class='ocrx_word' id='word_1_298' title='bbox 667 2546 830 2616; x_wconf 78' lang='lat' dir='ltr'><strong>provinciae</strong></span> <span class='ocrx_word' id='word_1_299' title='bbox 848 2549 940 2611; x_wconf 74' lang='lat' dir='ltr'><strong>factus</strong></span> <span class='ocrx_word' id='word_1_300' title='bbox 964 2547 1105 2600; x_wconf 76' lang='lat' dir='ltr'><strong>accessio‘·</strong></span> <span class='ocrx_word' id='word_1_301' title='bbox 1125 2545 1187 2597; x_wconf 91' lang='lat' dir='ltr'><strong>Val.</strong></span> <span class='ocrx_word' id='word_1_302' title='bbox 1207 2548 1280 2599; x_wconf 83' lang='lat' dir='ltr'><strong>Max.</strong></span> 
     </span>
     <span class='ocr_line' id='line_1_32' title="bbox 124 2616 1284 2688; baseline 0 -20"><span class='ocrx_word' id='word_1_303' title='bbox 124 2617 202 2669; x_wconf 86' lang='lat' dir='ltr'>VIII.</span> <span class='ocrx_word' id='word_1_304' title='bbox 224 2620 252 2671; x_wconf 75' lang='lat' dir='ltr'><strong>t:</strong></span> <span class='ocrx_word' id='word_1_305' title='bbox 273 2618 409 2688; x_wconf 80' lang='lat' dir='ltr'><strong>quantula</strong></span> <span class='ocrx_word' id='word_1_306' title='bbox 426 2617 541 2672; x_wconf 87' lang='lat' dir='ltr'><strong>Socrati</strong></span> <span class='ocrx_word' id='word_1_307' title='bbox 559 2618 683 2687; x_wconf 78' lang='lat' dir='ltr'><strong>accessio</strong></span> <span class='ocrx_word' id='word_1_308' title='bbox 701 2619 875 2685; x_wconf 65' lang='lat' dir='ltr'><strong>istaistare</strong></span> <span class='ocrx_word' id='word_1_309' title='bbox 893 2616 1012 2671; x_wconf 83' lang='lat' dir='ltr'><strong>scientia</strong></span> <span class='ocrx_word' id='word_1_310' title='bbox 1031 2618 1112 2671; x_wconf 86' lang='lat' dir='ltr'><strong>erat!</strong></span> <span class='ocrx_word' id='word_1_311' title='bbox 1129 2616 1190 2668; x_wconf 83' lang='lat' dir='ltr'><strong>vid.</strong></span> <span class='ocrx_word' id='word_1_312' title='bbox 1211 2631 1284 2684; x_wconf 86' lang='lat' dir='ltr'><strong>quo·</strong></span> 
     </span>
     <span class='ocr_line' id='line_1_33' title="bbox 124 2686 1283 2808; baseline -0.001 -68"><span class='ocrx_word' id='word_1_313' title='bbox 124 2703 182 2808; x_wconf 61' lang='lat' dir='ltr'><strong>gae</strong></span> <span class='ocrx_word' id='word_1_314' title='bbox 204 2687 310 2743; x_wconf 86' lang='lat' dir='ltr'><strong>Minue.</strong></span> <span class='ocrx_word' id='word_1_315' title='bbox 335 2689 397 2741; x_wconf 87' lang='lat' dir='ltr'><strong>Fel.</strong></span> <span class='ocrx_word' id='word_1_316' title='bbox 417 2691 460 2745; x_wconf 67' lang='grc' dir='ltr'><strong>Ἃ.</strong></span> <span class='ocrx_word' id='word_1_317' title='bbox 487 2697 516 2741; x_wconf 88' lang='lat' dir='ltr'><strong>et</strong></span> <span class='ocrx_word' id='word_1_318' title='bbox 536 2690 631 2742; x_wconf 87' lang='lat' dir='ltr'><strong>Heius.</strong></span> <span class='ocrx_word' id='word_1_319' title='bbox 658 2690 693 2742; x_wconf 87' lang='lat' dir='ltr'><strong>ad</strong></span> <span class='ocrx_word' id='word_1_320' title='bbox 717 2687 820 2754; x_wconf 84' lang='lat' dir='ltr'><strong>Vellei.</strong></span> <span class='ocrx_word' id='word_1_321' title='bbox 845 2691 955 2742; x_wconf 83' lang='lat' dir='ltr'><strong>Patere.</strong></span> <span class='ocrx_word' id='word_1_322' title='bbox 980 2689 1018 2742; x_wconf 92' lang='lat'><strong>11.</strong></span> <span class='ocrx_word' id='word_1_323' title='bbox 1043 2691 1060 2744; x_wconf 80' lang='lat'>2</span> <span class='ocrx_word' id='word_1_324' title='bbox 1081 2687 1109 2740; x_wconf 87' lang='lat'><strong>.“</strong></span> <span class='ocrx_word' id='word_1_325' title='bbox 1143 2686 1283 2755; x_wconf 72' lang='lat' dir='ltr'><strong>Wopkens</strong></span> 
     </span>
    </p>

    <p class='ocr_par' dir='ltr' id='par_1_12' title="bbox 66 2763 1356 4324">
     <span class='ocr_line' id='line_1_34' title="bbox 141 2763 943 2815; baseline 0.006 -8"><span class='ocrx_word' id='word_1_326' title='bbox 141 2775 191 2812; x_wconf 93' lang='lat' dir='ltr'><strong>.c.</strong></span> <span class='ocrx_word' id='word_1_327' title='bbox 233 2798 239 2810; x_wconf 79' lang='grc'><strong>.</strong></span> <span class='ocrx_word' id='word_1_328' title='bbox 262 2763 343 2815; x_wconf 73' lang='lat' dir='ltr'><strong>laos</strong></span> <span class='ocrx_word' id='word_1_329' title='bbox 365 2798 372 2810; x_wconf 95' lang='lat'><strong>.</strong></span> <span class='ocrx_word' id='word_1_330' title='bbox 593 2763 602 2774; x_wconf 88' lang='lat'>&#39;</span> <span class='ocrx_word' id='word_1_331' title='bbox 819 2764 823 2771; x_wconf 81' lang='grc'><em>’</em></span> <span class='ocrx_word' id='word_1_332' title='bbox 933 2794 943 2812; x_wconf 83' lang='lat'><strong>.</strong></span> 
     </span>
     <span class='ocr_line' id='line_1_35' title="bbox 117 2777 1284 2899; baseline 0 -17"><span class='ocrx_word' id='word_1_333' title='bbox 117 2848 121 2857; x_wconf 92' lang='lat'><em>·</em></span> <span class='ocrx_word' id='word_1_334' title='bbox 196 2777 254 2883; x_wconf 56' lang='lat' dir='ltr'><strong>Sldd</strong></span> <span class='ocrx_word' id='word_1_335' title='bbox 272 2848 305 2883; x_wconf 93' lang='lat' dir='ltr'><strong>ea</strong></span> <span class='ocrx_word' id='word_1_336' title='bbox 329 2778 451 2899; x_wconf 51' lang='lat' dir='ltr'><strong>allodica]</strong></span> <span class='ocrx_word' id='word_1_337' title='bbox 488 2832 667 2896; x_wconf 86' lang='lat' dir='ltr'><strong>„Lambinus</strong></span> <span class='ocrx_word' id='word_1_338' title='bbox 691 2830 833 2883; x_wconf 87' lang='lat' dir='ltr'><strong>correxit:</strong></span> <span class='ocrx_word' id='word_1_339' title='bbox 862 2827 987 2884; x_wconf 85' lang='lat' dir='ltr'><strong>Etiamsi</strong></span> <span class='ocrx_word' id='word_1_340' title='bbox 1009 2829 1133 2882; x_wconf 87' lang='lat' dir='ltr'><strong>modica:</strong></span> <span class='ocrx_word' id='word_1_341' title='bbox 1167 2829 1284 2883; x_wconf 88' lang='lat' dir='ltr'><strong>Bentle-</strong></span> 
     </span>
     <span class='ocr_line' id='line_1_36' title="bbox 127 2899 1283 2964; baseline 0.003 -15"><span class='ocrx_word' id='word_1_342' title='bbox 127 2899 188 2951; x_wconf 91' lang='lat' dir='ltr'><strong>ius:</strong></span> <span class='ocrx_word' id='word_1_343' title='bbox 209 2899 256 2952; x_wconf 89' lang='lat' dir='ltr'><strong>Sit</strong></span> <span class='ocrx_word' id='word_1_344' title='bbox 275 2917 308 2953; x_wconf 89' lang='lat' dir='ltr'><strong>ea</strong></span> <span class='ocrx_word' id='word_1_345' title='bbox 326 2902 447 2956; x_wconf 82' lang='lat' dir='ltr'><strong>modica.</strong></span> <span class='ocrx_word' id='word_1_346' title='bbox 467 2903 529 2955; x_wconf 89' lang='lat' dir='ltr'><strong>Nec</strong></span> <span class='ocrx_word' id='word_1_347' title='bbox 547 2919 617 2954; x_wconf 87' lang='lat' dir='ltr'><strong>vero</strong></span> <span class='ocrx_word' id='word_1_348' title='bbox 636 2901 674 2954; x_wconf 89' lang='lat' dir='ltr'><strong>sit</strong></span> <span class='ocrx_word' id='word_1_349' title='bbox 692 2902 934 2954; x_wconf 89' lang='lat' dir='ltr'><strong>accommodatum</strong></span> <span class='ocrx_word' id='word_1_350' title='bbox 948 2900 1074 2964; x_wconf 84' lang='lat' dir='ltr'><strong>videtur,</strong></span> <span class='ocrx_word' id='word_1_351' title='bbox 1093 2901 1283 2953; x_wconf 81' lang='lat' dir='ltr'><strong>antecedente</strong></span> 
     </span>
     <span class='ocr_line' id='line_1_37' title="bbox 107 2970 1281 3044; baseline 0.003 -23"><span class='ocrx_word' id='word_1_352' title='bbox 107 2977 156 3039; x_wconf 24' lang='lat' dir='ltr'><strong>*et</strong></span> <span class='ocrx_word' id='word_1_353' title='bbox 181 2970 368 3040; x_wconf 84' lang='lat' dir='ltr'><strong>subsequente</strong></span> <span class='ocrx_word' id='word_1_354' title='bbox 395 2979 472 3024; x_wconf 87' lang='lat' dir='ltr'><strong>esset.</strong></span> <span class='ocrx_word' id='word_1_355' title='bbox 508 2972 706 3042; x_wconf 83' lang='lat' dir='ltr'><strong>Wopkensius</strong></span> <span class='ocrx_word' id='word_1_356' title='bbox 731 2974 842 3032; x_wconf 79' lang='lat' dir='ltr'><strong>frustra</strong></span> <span class='ocrx_word' id='word_1_357' title='bbox 867 2972 997 3025; x_wconf 86' lang='lat' dir='ltr'><strong>defendit</strong></span> <span class='ocrx_word' id='word_1_358' title='bbox 1013 2972 1177 3044; x_wconf 84' lang='lat' dir='ltr'><strong>vulgatam:</strong></span> <span class='ocrx_word' id='word_1_359' title='bbox 1207 2988 1281 3041; x_wconf 84' lang='lat' dir='ltr'><strong>quae</strong></span> 
     </span>
     <span class='ocr_line' id='line_1_38' title="bbox 127 3040 1284 3111; baseline 0 -19"><span class='ocrx_word' id='word_1_360' title='bbox 127 3040 207 3092; x_wconf 87' lang='lat' dir='ltr'><strong>enim</strong></span> <span class='ocrx_word' id='word_1_361' title='bbox 226 3041 310 3094; x_wconf 80' lang='lat' dir='ltr'><strong>affert</strong></span> <span class='ocrx_word' id='word_1_362' title='bbox 329 3043 470 3111; x_wconf 83' lang='lat' dir='ltr'><strong>exempla,</strong></span> <span class='ocrx_word' id='word_1_363' title='bbox 496 3059 528 3095; x_wconf 85' lang='lat' dir='ltr'><strong>ea</strong></span> <span class='ocrx_word' id='word_1_364' title='bbox 545 3041 604 3094; x_wconf 89' lang='lat' dir='ltr'><strong>huc</strong></span> <span class='ocrx_word' id='word_1_365' title='bbox 622 3059 681 3095; x_wconf 91' lang='lat' dir='ltr'><strong>non</strong></span> <span class='ocrx_word' id='word_1_366' title='bbox 699 3043 820 3094; x_wconf 86' lang='lat' dir='ltr'><strong>iaciunt.</strong></span> <span class='ocrx_word' id='word_1_367' title='bbox 856 3042 978 3095; x_wconf 85' lang='lat' dir='ltr'><strong>Parvula</strong></span> <span class='ocrx_word' id='word_1_368' title='bbox 1002 3041 1086 3094; x_wconf 91' lang='lat' dir='ltr'><strong>Iocus</strong></span> <span class='ocrx_word' id='word_1_369' title='bbox 1112 3040 1218 3094; x_wconf 82' lang='lat' dir='ltr'><strong>mendo</strong></span> <span class='ocrx_word' id='word_1_370' title='bbox 1241 3040 1284 3092; x_wconf 81' lang='lat' dir='ltr'><strong>la-</strong></span> 
     </span>
     <span class='ocr_line' id='line_1_39' title="bbox 126 3110 1284 3179; baseline 0.002 -18"><span class='ocrx_word' id='word_1_371' title='bbox 126 3110 218 3176; x_wconf 89' lang='lat' dir='ltr'><strong>borat,</strong></span> <span class='ocrx_word' id='word_1_372' title='bbox 237 3112 279 3163; x_wconf 88' lang='lat' dir='ltr'><strong>ita</strong></span> <span class='ocrx_word' id='word_1_373' title='bbox 296 3113 434 3165; x_wconf 84' lang='lat' dir='ltr'><strong>sanando:</strong></span> <span class='ocrx_word' id='word_1_374' title='bbox 464 3113 558 3169; x_wconf 81' lang='lat' dir='ltr'><strong>Quid?</strong></span> <span class='ocrx_word' id='word_1_375' title='bbox 581 3114 617 3179; x_wconf 88' lang='lat' dir='ltr'><strong>si,</strong></span> <span class='ocrx_word' id='word_1_376' title='bbox 642 3129 703 3165; x_wconf 89' lang='lat' dir='ltr'><strong>cum</strong></span> <span class='ocrx_word' id='word_1_377' title='bbox 721 3113 753 3165; x_wconf 88' lang='lat' dir='ltr'><strong>id</strong></span> <span class='ocrx_word' id='word_1_378' title='bbox 770 3115 864 3179; x_wconf 77' lang='lat' dir='ltr'><strong>ferret</strong></span> <span class='ocrx_word' id='word_1_379' title='bbox 888 3111 1006 3173; x_wconf 86' lang='lat' dir='ltr'><strong>modice,</strong></span> <span class='ocrx_word' id='word_1_380' title='bbox 1033 3111 1284 3169; x_wconf 79' lang='lat' dir='ltr'><strong>moratiberorum</strong></span> 
     </span>
     <span class='ocr_line' id='line_1_40' title="bbox 127 3180 1284 3251; baseline -0.001 -18"><span class='ocrx_word' id='word_1_381' title='bbox 127 3180 302 3247; x_wconf 80' lang='lat' dir='ltr'><strong>accessisset,</strong></span> <span class='ocrx_word' id='word_1_382' title='bbox 328 3188 360 3235; x_wconf 91' lang='lat' dir='ltr'><strong>et</strong></span> <span class='ocrx_word' id='word_1_383' title='bbox 375 3189 444 3242; x_wconf 9' lang='lat' dir='ltr'><strong>gnata</strong></span> <span class='ocrx_word' id='word_1_384' title='bbox 463 3189 532 3236; x_wconf 83' lang='lat' dir='ltr'><strong>esset</strong></span> <span class='ocrx_word' id='word_1_385' title='bbox 550 3184 698 3251; x_wconf 78' lang='lat' dir='ltr'><strong>aegritudo</strong></span> <span class='ocrx_word' id='word_1_386' title='bbox 716 3198 797 3249; x_wconf 86' lang='lat' dir='ltr'><strong>nova,</strong></span> <span class='ocrx_word' id='word_1_387' title='bbox 815 3182 865 3235; x_wconf 88' lang='lat' dir='ltr'><strong>sed</strong></span> <span class='ocrx_word' id='word_1_388' title='bbox 883 3198 914 3234; x_wconf 90' lang='lat' dir='ltr'><strong>ea</strong></span> <span class='ocrx_word' id='word_1_389' title='bbox 939 3183 1068 3236; x_wconf 82' lang='lat' dir='ltr'><strong>modica?</strong></span> <span class='ocrx_word' id='word_1_390' title='bbox 1107 3182 1220 3247; x_wconf 83' lang='lat' dir='ltr'><strong>Magna</strong></span> <span class='ocrx_word' id='word_1_391' title='bbox 1240 3187 1284 3233; x_wconf 89' lang='lat' dir='ltr'><strong>ta-</strong></span> 
     </span>
     <span class='ocr_line' id='line_1_41' title="bbox 126 3251 1283 3319; baseline 0 -15"><span class='ocrx_word' id='word_1_392' title='bbox 126 3269 188 3305; x_wconf 84' lang='lat' dir='ltr'><strong>meo</strong></span> <span class='ocrx_word' id='word_1_393' title='bbox 204 3253 284 3318; x_wconf 70' lang='lat' dir='ltr'><strong>faeta</strong></span> <span class='ocrx_word' id='word_1_394' title='bbox 303 3261 376 3308; x_wconf 86' lang='lat' dir='ltr'><strong>esset</strong></span> <span class='ocrx_word' id='word_1_395' title='bbox 394 3252 552 3306; x_wconf 85' lang='lat' dir='ltr'><strong>accessio.“</strong></span> <span class='ocrx_word' id='word_1_396' title='bbox 571 3251 703 3306; x_wconf 71' lang='lat' dir='ltr'><strong>Bouhier.</strong></span> <span class='ocrx_word' id='word_1_397' title='bbox 720 3283 755 3295; x_wconf 91' lang='lat'><strong>·-</strong></span> <span class='ocrx_word' id='word_1_398' title='bbox 776 3252 948 3319; x_wconf 87' lang='lat' dir='ltr'><strong>„Bentleius</strong></span> <span class='ocrx_word' id='word_1_399' title='bbox 967 3254 1007 3305; x_wconf 86' lang='lat' dir='ltr'><strong>sit</strong></span> <span class='ocrx_word' id='word_1_400' title='bbox 1026 3265 1060 3304; x_wconf 90' lang='lat' dir='ltr'><strong>ea</strong></span> <span class='ocrx_word' id='word_1_401' title='bbox 1077 3251 1196 3305; x_wconf 84' lang='lat' dir='ltr'><strong>modica.</strong></span> <span class='ocrx_word' id='word_1_402' title='bbox 1224 3267 1283 3304; x_wconf 92' lang='lat' dir='ltr'><strong>non</strong></span> 
     </span>
     <span class='ocr_line' id='line_1_42' title="bbox 66 3321 1344 3394; baseline 0.001 -19"><span class='ocrx_word' id='word_1_403' title='bbox 66 3348 75 3356; x_wconf 82' lang='lat'>·</span> <span class='ocrx_word' id='word_1_404' title='bbox 125 3324 206 3377; x_wconf 88' lang='lat' dir='ltr'><strong>bene.</strong></span> <span class='ocrx_word' id='word_1_405' title='bbox 243 3326 366 3378; x_wconf 90' lang='lat' dir='ltr'><strong>Deberet</strong></span> <span class='ocrx_word' id='word_1_406' title='bbox 385 3342 443 3378; x_wconf 90' lang='lat' dir='ltr'><strong>esse</strong></span> <span class='ocrx_word' id='word_1_407' title='bbox 461 3323 558 3391; x_wconf 73' lang='lat' dir='ltr'><strong>fuerit.</strong></span> <span class='ocrx_word' id='word_1_408' title='bbox 580 3352 612 3362; x_wconf 91' lang='lat'>-</span> <span class='ocrx_word' id='word_1_409' title='bbox 631 3323 688 3378; x_wconf 87' lang='lat' dir='ltr'><strong>Sed</strong></span> <span class='ocrx_word' id='word_1_410' title='bbox 704 3341 808 3376; x_wconf 89' lang='lat' dir='ltr'><strong>verum</strong></span> <span class='ocrx_word' id='word_1_411' title='bbox 825 3332 903 3394; x_wconf 89' lang='lat' dir='ltr'><strong>puto.</strong></span> <span class='ocrx_word' id='word_1_412' title='bbox 932 3331 975 3375; x_wconf 85' lang='lat' dir='ltr'><strong>est</strong></span> <span class='ocrx_word' id='word_1_413' title='bbox 993 3321 1163 3375; x_wconf 89' lang='lat' dir='ltr'><strong>obiicientis.</strong></span> <span class='ocrx_word' id='word_1_414' title='bbox 1192 3322 1223 3373; x_wconf 89' lang='lat' dir='ltr'><strong>in</strong></span> <span class='ocrx_word' id='word_1_415' title='bbox 1241 3339 1285 3376; x_wconf 90' lang='lat' dir='ltr'><strong>se·</strong></span> <span class='ocrx_word' id='word_1_416' title='bbox 1342 3360 1344 3364; x_wconf 89' lang='lat'><em>-</em></span> 
     </span>
     <span class='ocr_line' id='line_1_43' title="bbox 126 3390 1283 3468; baseline 0.001 -22"><span class='ocrx_word' id='word_1_417' title='bbox 126 3405 233 3464; x_wconf 79' lang='lat' dir='ltr'><strong>quante</strong></span> <span class='ocrx_word' id='word_1_418' title='bbox 257 3397 409 3468; x_wconf 77' lang='lat' dir='ltr'><strong>responsio</strong></span> <span class='ocrx_word' id='word_1_419' title='bbox 430 3396 504 3449; x_wconf 90' lang='lat' dir='ltr'><strong>est.“</strong></span> <span class='ocrx_word' id='word_1_420' title='bbox 527 3397 595 3450; x_wconf 83' lang='lat' dir='ltr'><strong>Era.</strong></span> <span class='ocrx_word' id='word_1_421' title='bbox 623 3394 745 3466; x_wconf 68' lang='lat' dir='ltr'><strong>&#39;‚‚Nihil</strong></span> <span class='ocrx_word' id='word_1_422' title='bbox 775 3393 957 3448; x_wconf 89' lang='lat' dir='ltr'><strong>correctione</strong></span> <span class='ocrx_word' id='word_1_423' title='bbox 986 3410 1055 3464; x_wconf 85' lang='lat' dir='ltr'><strong>opus</strong></span> <span class='ocrx_word' id='word_1_424' title='bbox 1086 3392 1161 3444; x_wconf 88' lang='lat' dir='ltr'><strong>est.“</strong></span> <span class='ocrx_word' id='word_1_425' title='bbox 1187 3390 1283 3447; x_wconf 78' lang='lat' dir='ltr'><strong>Kibss.</strong></span> 
     </span>
     <span class='ocr_line' id='line_1_44' title="bbox 127 3462 1341 3538; baseline -0.001 -20"><span class='ocrx_word' id='word_1_426' title='bbox 127 3466 173 3518; x_wconf 84' lang='lat' dir='ltr'><strong>Or.</strong></span> <span class='ocrx_word' id='word_1_427' title='bbox 204 3468 331 3538; x_wconf 88' lang='lat' dir='ltr'><strong>scripsit:</strong></span> <span class='ocrx_word' id='word_1_428' title='bbox 353 3500 385 3511; x_wconf 96' lang='lat'><em>-</em></span> <span class='ocrx_word' id='word_1_429' title='bbox 417 3467 499 3533; x_wconf 80' lang='lat' dir='ltr'><strong>„Sed</strong></span> <span class='ocrx_word' id='word_1_430' title='bbox 517 3483 551 3520; x_wconf 86' lang='lat' dir='ltr'><strong>ea</strong></span> <span class='ocrx_word' id='word_1_431' title='bbox 575 3465 719 3522; x_wconf 82' lang='lat' dir='ltr'><strong>modica.“</strong></span> <span class='ocrx_word' id='word_1_432' title='bbox 745 3493 778 3504; x_wconf 93' lang='grc'>-</span> <span class='ocrx_word' id='word_1_433' title='bbox 814 3464 964 3518; x_wconf 88' lang='lat' dir='ltr'><strong>Nimirum</strong></span> <span class='ocrx_word' id='word_1_434' title='bbox 982 3473 1015 3517; x_wconf 90' lang='lat' dir='ltr'><strong>ut</strong></span> <span class='ocrx_word' id='word_1_435' title='bbox 1033 3464 1220 3538; x_wconf 84' lang='lat' dir='ltr'><strong>significaret,</strong></span> <span class='ocrx_word' id='word_1_436' title='bbox 1254 3481 1284 3518; x_wconf 87' lang='lat' dir='ltr'><strong>se</strong></span> <span class='ocrx_word' id='word_1_437' title='bbox 1336 3462 1341 3468; x_wconf 50' lang='lat'>⁸</span> 
     </span>
     <span class='ocr_line' id='line_1_45' title="bbox 126 3534 1356 3607; baseline 0.002 -21"><span class='ocrx_word' id='word_1_438' title='bbox 126 3536 211 3606; x_wconf 89' lang='lat' dir='ltr'><strong>plane</strong></span> <span class='ocrx_word' id='word_1_439' title='bbox 229 3541 365 3594; x_wconf 86' lang='lat' dir='ltr'><strong>accedere</strong></span> <span class='ocrx_word' id='word_1_440' title='bbox 379 3539 568 3592; x_wconf 66' lang='lat' dir='ltr'><strong>Fabricianae</strong></span> <span class='ocrx_word' id='word_1_441' title='bbox 586 3537 645 3590; x_wconf 93' lang='lat' dir='ltr'><strong>loci</strong></span> <span class='ocrx_word' id='word_1_442' title='bbox 663 3536 910 3607; x_wconf 84' lang='lat' dir='ltr'><strong>interpretationi,</strong></span> <span class='ocrx_word' id='word_1_443' title='bbox 931 3553 1016 3604; x_wconf 86' lang='lat' dir='ltr'><strong>quam</strong></span> <span class='ocrx_word' id='word_1_444' title='bbox 1029 3534 1084 3589; x_wconf 89' lang='lat' dir='ltr'><strong>hac</strong></span> <span class='ocrx_word' id='word_1_445' title='bbox 1097 3535 1283 3589; x_wconf 88' lang='lat' dir='ltr'><strong>distinctions</strong></span> <span class='ocrx_word' id='word_1_446' title='bbox 1349 3557 1356 3569; x_wconf 81' lang='lat'><strong>·</strong></span> 
     </span>
     <span class='ocr_line' id='line_1_46' title="bbox 127 3604 1284 3680; baseline 0.001 -22"><span class='ocrx_word' id='word_1_447' title='bbox 127 3624 206 3658; x_wconf 90' lang='lat' dir='ltr'><strong>suam</strong></span> <span class='ocrx_word' id='word_1_448' title='bbox 231 3625 345 3680; x_wconf 86' lang='lat' dir='ltr'><strong>quoque</strong></span> <span class='ocrx_word' id='word_1_449' title='bbox 378 3611 450 3663; x_wconf 89' lang='lat' dir='ltr'><strong>fecit</strong></span> <span class='ocrx_word' id='word_1_450' title='bbox 475 3610 665 3665; x_wconf 80' lang='lat' dir='ltr'><strong>FAWolfius:</strong></span> <span class='ocrx_word' id='word_1_451' title='bbox 694 3616 762 3662; x_wconf 83' lang='lat' dir='ltr'><strong>nata</strong></span> <span class='ocrx_word' id='word_1_452' title='bbox 784 3614 858 3661; x_wconf 91' lang='lat' dir='ltr'><strong>esset</strong></span> <span class='ocrx_word' id='word_1_453' title='bbox 882 3607 1034 3674; x_wconf 80' lang='lat' dir='ltr'><strong>aegritudo</strong></span> <span class='ocrx_word' id='word_1_454' title='bbox 1057 3604 1144 3660; x_wconf 79' lang='lat' dir='ltr'><strong>nond.</strong></span> <span class='ocrx_word' id='word_1_455' title='bbox 1177 3606 1227 3658; x_wconf 87' lang='lat' dir='ltr'><strong>sed</strong></span> <span class='ocrx_word' id='word_1_456' title='bbox 1248 3620 1284 3659; x_wconf 78' lang='lat' dir='ltr'><strong>ea</strong></span> 
     </span>
     <span class='ocr_line' id='line_1_47' title="bbox 127 3677 1294 3747; baseline 0.002 -19"><span class='ocrx_word' id='word_1_457' title='bbox 127 3677 255 3731; x_wconf 85' lang='lat' dir='ltr'><strong>modica.</strong></span> <span class='ocrx_word' id='word_1_458' title='bbox 281 3697 384 3747; x_wconf 85' lang='lat' dir='ltr'><strong>magua</strong></span> <span class='ocrx_word' id='word_1_459' title='bbox 407 3689 498 3734; x_wconf 81' lang='lat' dir='ltr'><strong>tamea</strong></span> <span class='ocrx_word' id='word_1_460' title='bbox 524 3683 600 3747; x_wconf 74' lang='lat' dir='ltr'><strong>faeta</strong></span> <span class='ocrx_word' id='word_1_461' title='bbox 623 3686 693 3733; x_wconf 89' lang='lat' dir='ltr'><strong>esset</strong></span> <span class='ocrx_word' id='word_1_462' title='bbox 717 3678 856 3732; x_wconf 87' lang='lat' dir='ltr'><strong>accessio.</strong></span> <span class='ocrx_word' id='word_1_463' title='bbox 892 3686 922 3731; x_wconf 90' lang='lat' dir='ltr'><strong>et</strong></span> <span class='ocrx_word' id='word_1_464' title='bbox 943 3677 1058 3729; x_wconf 88' lang='lat' dir='ltr'><strong>merito.</strong></span> <span class='ocrx_word' id='word_1_465' title='bbox 1096 3677 1224 3729; x_wconf 88' lang='lat' dir='ltr'><strong>Handius</strong></span> <span class='ocrx_word' id='word_1_466' title='bbox 1249 3677 1294 3730; x_wconf 78' lang='lat' dir='ltr'><strong>ad‘</strong></span> 
     </span>
     <span class='ocr_line' id='line_1_48' title="bbox 126 3746 1285 3818; baseline -0.001 -15"><span class='ocrx_word' id='word_1_467' title='bbox 126 3748 357 3818; x_wconf 85' lang='lat' dir='ltr'><strong>Wopkensium:</strong></span> <span class='ocrx_word' id='word_1_468' title='bbox 392 3752 545 3817; x_wconf 86' lang='lat' dir='ltr'><strong>„Orellius</strong></span> <span class='ocrx_word' id='word_1_469' title='bbox 563 3752 657 3806; x_wconf 87' lang='lat' dir='ltr'><strong>dedit:</strong></span> <span class='ocrx_word' id='word_1_470' title='bbox 683 3757 751 3805; x_wconf 82' lang='lat' dir='ltr'><strong>nata</strong></span> <span class='ocrx_word' id='word_1_471' title='bbox 769 3757 842 3806; x_wconf 87' lang='lat' dir='ltr'><strong>esset</strong></span> <span class='ocrx_word' id='word_1_472' title='bbox 859 3748 1009 3818; x_wconf 79' lang='lat' dir='ltr'><strong>aegritudo</strong></span> <span class='ocrx_word' id='word_1_473' title='bbox 1028 3763 1109 3801; x_wconf 87' lang='lat' dir='ltr'><strong>aoua.</strong></span> <span class='ocrx_word' id='word_1_474' title='bbox 1138 3773 1170 3786; x_wconf 87' lang='lat'><em>-</em></span> <span class='ocrx_word' id='word_1_475' title='bbox 1199 3746 1285 3814; x_wconf 89' lang='lat' dir='ltr'><strong>„Sed</strong></span> 
     </span>
     <span class='ocr_line' id='line_1_49' title="bbox 128 3817 1286 3891; baseline 0 -19"><span class='ocrx_word' id='word_1_476' title='bbox 128 3835 162 3872; x_wconf 90' lang='lat' dir='ltr'><strong>ea</strong></span> <span class='ocrx_word' id='word_1_477' title='bbox 179 3820 323 3889; x_wconf 86' lang='lat' dir='ltr'><strong>modica.“</strong></span> <span class='ocrx_word' id='word_1_478' title='bbox 348 3849 382 3861; x_wconf 92' lang='lat'><em>-</em></span> <span class='ocrx_word' id='word_1_479' title='bbox 417 3822 528 3889; x_wconf 85' lang='lat' dir='ltr'><strong>Magna</strong></span> <span class='ocrx_word' id='word_1_480' title='bbox 547 3829 637 3878; x_wconf 79' lang='lat' dir='ltr'><strong>tamen</strong></span> <span class='ocrx_word' id='word_1_481' title='bbox 660 3826 737 3891; x_wconf 73' lang='lat' dir='ltr'><strong>facta</strong></span> <span class='ocrx_word' id='word_1_482' title='bbox 755 3829 828 3876; x_wconf 89' lang='lat' dir='ltr'><strong>esset</strong></span> <span class='ocrx_word' id='word_1_483' title='bbox 850 3817 983 3874; x_wconf 82' lang='lat' dir='ltr'><strong>accessio.</strong></span> <span class='ocrx_word' id='word_1_484' title='bbox 1020 3818 1095 3884; x_wconf 86' lang='lat' dir='ltr'><strong>Quae</strong></span> <span class='ocrx_word' id='word_1_485' title='bbox 1122 3819 1163 3872; x_wconf 84' lang='lat' dir='ltr'><strong>ita</strong></span> <span class='ocrx_word' id='word_1_486' title='bbox 1180 3819 1286 3882; x_wconf 69' lang='lat' dir='ltr'><strong>distre·</strong></span> 
     </span>
     <span class='ocr_line' id='line_1_50' title="bbox 126 3889 1313 3966; baseline -0.001 -25"><span class='ocrx_word' id='word_1_487' title='bbox 126 3889 376 3956; x_wconf 82' lang='lat' dir='ltr'><strong>huntur,&#39;Gicero</strong></span> <span class='ocrx_word' id='word_1_488' title='bbox 399 3894 444 3946; x_wconf 92' lang='lat' dir='ltr'><strong>ele</strong></span> <span class='ocrx_word' id='word_1_489' title='bbox 465 3903 548 3948; x_wconf 89' lang='lat' dir='ltr'><strong>anter</strong></span> <span class='ocrx_word' id='word_1_490' title='bbox 571 3902 769 3966; x_wconf 77' lang='lat' dir='ltr'><strong>coraposuerat</strong></span> <span class='ocrx_word' id='word_1_491' title='bbox 796 3893 905 3954; x_wconf 69' lang='lat' dir='ltr'><strong>iubae</strong></span> <span class='ocrx_word' id='word_1_492' title='bbox 916 3890 1078 3949; x_wconf 81' lang='lat' dir='ltr'><strong>sententia:</strong></span> <span class='ocrx_word' id='word_1_493' title='bbox 1116 3897 1183 3945; x_wconf 84' lang='lat' dir='ltr'><strong>nata</strong></span> <span class='ocrx_word' id='word_1_494' title='bbox 1212 3897 1284 3944; x_wconf 82' lang='lat' dir='ltr'><strong>esset</strong></span> <span class='ocrx_word' id='word_1_495' title='bbox 1311 3935 1313 3940; x_wconf 93' lang='lat'><strong>.</strong></span> 
     </span>
     <span class='ocr_line' id='line_1_51' title="bbox 95 3962 1286 4034; baseline 0 -20"><span class='ocrx_word' id='word_1_496' title='bbox 95 3990 97 3995; x_wconf 96' lang='lat'>·</span> <span class='ocrx_word' id='word_1_497' title='bbox 128 3963 289 4027; x_wconf 74' lang='lat' dir='ltr'><strong>aegritudo,</strong></span> <span class='ocrx_word' id='word_1_498' title='bbox 316 3965 365 4016; x_wconf 89' lang='lat' dir='ltr'><strong>sed</strong></span> <span class='ocrx_word' id='word_1_499' title='bbox 391 3981 426 4016; x_wconf 81' lang='lat' dir='ltr'><strong>ex</strong></span> <span class='ocrx_word' id='word_1_500' title='bbox 474 3964 709 4034; x_wconf 87' lang='lat' dir='ltr'><strong>eripateticorum</strong></span> <span class='ocrx_word' id='word_1_501' title='bbox 738 3964 851 4017; x_wconf 79' lang='lat' dir='ltr'><strong>ratione</strong></span> <span class='ocrx_word' id='word_1_502' title='bbox 878 3962 999 4026; x_wconf 86' lang='lat' dir='ltr'><strong>modica,</strong></span> <span class='ocrx_word' id='word_1_503' title='bbox 1033 3966 1125 4016; x_wconf 82' lang='lat' dir='ltr'><strong>tamen</strong></span> <span class='ocrx_word' id='word_1_504' title='bbox 1155 3979 1188 4015; x_wconf 91' lang='lat' dir='ltr'><strong>re</strong></span> <span class='ocrx_word' id='word_1_505' title='bbox 1215 3978 1286 4015; x_wconf 82' lang='lat' dir='ltr'><strong>vera</strong></span> 
     </span>
     <span class='ocr_line' id='line_1_52' title="bbox 127 4034 1282 4104; baseline -0.001 -18"><span class='ocrx_word' id='word_1_506' title='bbox 127 4048 233 4099; x_wconf 83' lang='lat' dir='ltr'><strong>magna</strong></span> <span class='ocrx_word' id='word_1_507' title='bbox 258 4039 331 4087; x_wconf 88' lang='lat' dir='ltr'><strong>esset</strong></span> <span class='ocrx_word' id='word_1_508' title='bbox 349 4035 481 4099; x_wconf 88' lang='lat' dir='ltr'><strong>accessio,</strong></span> <span class='ocrx_word' id='word_1_509' title='bbox 510 4034 557 4088; x_wconf 94' lang='lat' dir='ltr'><strong>cui</strong></span> <span class='ocrx_word' id='word_1_510' title='bbox 584 4035 684 4088; x_wconf 90' lang='lat' dir='ltr'><strong>modus</strong></span> <span class='ocrx_word' id='word_1_511' title='bbox 709 4034 840 4088; x_wconf 86' lang='lat' dir='ltr'><strong>adhiberi</strong></span> <span class='ocrx_word' id='word_1_512' title='bbox 857 4051 917 4088; x_wconf 90' lang='lat' dir='ltr'><strong>non</strong></span> <span class='ocrx_word' id='word_1_513' title='bbox 938 4040 1040 4102; x_wconf 82' lang='lat' dir='ltr'><strong>posset.</strong></span> <span class='ocrx_word' id='word_1_514' title='bbox 1077 4034 1155 4086; x_wconf 86' lang='lat' dir='ltr'><strong>Ilaec</strong></span> <span class='ocrx_word' id='word_1_515' title='bbox 1182 4041 1282 4104; x_wconf 87' lang='lat' dir='ltr'><strong>aperte</strong></span> 
     </span>
     <span class='ocr_line' id='line_1_53' title="bbox 127 4103 1282 4161; baseline -0.003 -4"><span class='ocrx_word' id='word_1_516' title='bbox 127 4122 194 4157; x_wconf 89' lang='lat' dir='ltr'><strong>sana</strong></span> <span class='ocrx_word' id='word_1_517' title='bbox 218 4113 285 4157; x_wconf 87' lang='lat' dir='ltr'><strong>sunt</strong></span> <span class='ocrx_word' id='word_1_518' title='bbox 312 4104 438 4157; x_wconf 86' lang='lat' dir='ltr'><strong>omnia.“</strong></span> <span class='ocrx_word' id='word_1_519' title='bbox 474 4106 582 4161; x_wconf 84' lang='lat' dir='ltr'><strong>Verum</strong></span> <span class='ocrx_word' id='word_1_520' title='bbox 607 4115 664 4160; x_wconf 88' lang='lat' dir='ltr'><strong>est:</strong></span> <span class='ocrx_word' id='word_1_521' title='bbox 696 4123 762 4158; x_wconf 88' lang='lat' dir='ltr'><strong>sana</strong></span> <span class='ocrx_word' id='word_1_522' title='bbox 789 4113 864 4156; x_wconf 84' lang='lat' dir='ltr'><strong>sunt·</strong></span> <span class='ocrx_word' id='word_1_523' title='bbox 893 4104 957 4158; x_wconf 61' lang='lat' dir='ltr'><strong>‘ssd</strong></span> <span class='ocrx_word' id='word_1_524' title='bbox 980 4117 1039 4155; x_wconf 86' lang='lat' dir='ltr'><strong>non</strong></span> <span class='ocrx_word' id='word_1_525' title='bbox 1065 4104 1183 4158; x_wconf 84' lang='lat' dir='ltr'><strong>videtur</strong></span> <span class='ocrx_word' id='word_1_526' title='bbox 1207 4103 1282 4155; x_wconf 85' lang='lat' dir='ltr'><strong>iusta</strong></span> 
     </span>
     <span class='ocr_line' id='line_1_54' title="bbox 119 4172 1283 4247; baseline -0.004 -17"><span class='ocrx_word' id='word_1_527' title='bbox 119 4175 217 4237; x_wconf 55' lang='lat' dir='ltr'><strong>„fuisse</strong></span> <span class='ocrx_word' id='word_1_528' title='bbox 242 4176 346 4229; x_wconf 86' lang='lat' dir='ltr'><strong>Orellii</strong></span> <span class='ocrx_word' id='word_1_529' title='bbox 372 4175 601 4247; x_wconf 87' lang='lat' dir='ltr'><strong>reprehendendi</strong></span> <span class='ocrx_word' id='word_1_530' title='bbox 627 4193 722 4229; x_wconf 89' lang='lat' dir='ltr'><strong>causa:</strong></span> <span class='ocrx_word' id='word_1_531' title='bbox 757 4176 809 4245; x_wconf 89' lang='lat' dir='ltr'><strong>qui</strong></span> <span class='ocrx_word' id='word_1_532' title='bbox 832 4176 857 4227; x_wconf 91' lang='lat' dir='ltr'><strong>si</strong></span> <span class='ocrx_word' id='word_1_533' title='bbox 881 4177 958 4228; x_wconf 84' lang='lat' dir='ltr'><strong>forte</strong></span> <span class='ocrx_word' id='word_1_534' title='bbox 981 4172 1087 4228; x_wconf 86' lang='lat' dir='ltr'><strong>nimius</strong></span> <span class='ocrx_word' id='word_1_535' title='bbox 1105 4175 1163 4226; x_wconf 85' lang='lat' dir='ltr'><strong>fuit</strong></span> <span class='ocrx_word' id='word_1_536' title='bbox 1189 4175 1221 4226; x_wconf 89' lang='lat' dir='ltr'><strong>in</strong></span> <span class='ocrx_word' id='word_1_537' title='bbox 1239 4173 1283 4225; x_wconf 90' lang='lat' dir='ltr'><strong>di·</strong></span> 
     </span>
     <span class='ocr_line' id='line_1_55' title="bbox 127 4242 1283 4324; baseline -0.005 -24"><span class='ocrx_word' id='word_1_538' title='bbox 127 4248 310 4324; x_wconf 79' lang='lat' dir='ltr'><strong>stinguendO,</strong></span> <span class='ocrx_word' id='word_1_539' title='bbox 329 4247 414 4301; x_wconf 87' lang='lat' dir='ltr'><strong>nimis</strong></span> <span class='ocrx_word' id='word_1_540' title='bbox 432 4248 519 4300; x_wconf 87' lang='lat' dir='ltr'><strong>fuisse</strong></span> <span class='ocrx_word' id='word_1_541' title='bbox 537 4265 638 4318; x_wconf 90' lang='lat' dir='ltr'><strong>parcus</strong></span> <span class='ocrx_word' id='word_1_542' title='bbox 655 4245 772 4299; x_wconf 82' lang='lat' dir='ltr'><strong>videtur</strong></span> <span class='ocrx_word' id='word_1_543' title='bbox 790 4245 928 4312; x_wconf 88' lang='lat' dir='ltr'><strong>Handius,</strong></span> <span class='ocrx_word' id='word_1_544' title='bbox 954 4243 1070 4300; x_wconf 87' lang='lat' dir='ltr'><strong>nonnisi</strong></span> <span class='ocrx_word' id='word_1_545' title='bbox 1089 4242 1283 4299; x_wconf 86' lang='lat' dir='ltr'><strong>distinctioni·</strong></span> 
     </span>
    </p>
   </div>
   <div class='ocr_carea' id='block_1_10' title="bbox 127 4313 1372 4389">
    <p class='ocr_par' dir='ltr' id='par_1_13' title="bbox 127 4313 1372 4389">
     <span class='ocr_line' id='line_1_56' title="bbox 127 4313 1372 4389; baseline -0.006 -18"><span class='ocrx_word' id='word_1_546' title='bbox 127 4319 178 4371; x_wconf 93' lang='lat' dir='ltr'><strong>bus</strong></span> <span class='ocrx_word' id='word_1_547' title='bbox 196 4320 357 4378; x_wconf 84' lang='lat' dir='ltr'><strong>minoribus</strong></span> <span class='ocrx_word' id='word_1_548' title='bbox 374 4319 486 4389; x_wconf 82' lang='lat' dir='ltr'><strong>positis.</strong></span> <span class='ocrx_word' id='word_1_549' title='bbox 524 4317 604 4385; x_wconf 86' lang='lat' dir='ltr'><strong>Quod</strong></span> <span class='ocrx_word' id='word_1_550' title='bbox 620 4327 717 4374; x_wconf 87' lang='lat' dir='ltr'><strong>autem</strong></span> <span class='ocrx_word' id='word_1_551' title='bbox 734 4317 812 4370; x_wconf 90' lang='lat' dir='ltr'><strong>idem</strong></span> <span class='ocrx_word' id='word_1_552' title='bbox 829 4318 928 4371; x_wconf 88' lang='lat' dir='ltr'><strong>omisit</strong></span> <span class='ocrx_word' id='word_1_553' title='bbox 944 4332 1022 4372; x_wconf 80' lang='lat' dir='ltr'><strong>noua.</strong></span> <span class='ocrx_word' id='word_1_554' title='bbox 1038 4324 1077 4383; x_wconf 85' lang='lat' dir='ltr'><strong>et,</strong></span> <span class='ocrx_word' id='word_1_555' title='bbox 1104 4331 1170 4368; x_wconf 87' lang='lat' dir='ltr'><strong>cum</strong></span> <span class='ocrx_word' id='word_1_556' title='bbox 1188 4313 1283 4382; x_wconf 85' lang='lat' dir='ltr'><strong>Wop-</strong></span> <span class='ocrx_word' id='word_1_557' title='bbox 1370 4357 1372 4361; x_wconf 71' lang='grc'>,</span> 
     </span>
    </p>
   </div>
   <div class='ocr_carea' id='block_1_11' title="bbox 128 4384 1283 4469">
    <p class='ocr_par' dir='ltr' id='par_1_14' title="bbox 128 4384 1283 4469">
     <span class='ocr_line' id='line_1_57' title="bbox 128 4384 1283 4469; baseline -0.007 -27"><span class='ocrx_word' id='word_1_558' title='bbox 128 4387 243 4469; x_wconf 71' lang='lat' dir='ltr'><strong>hensio,</strong></span> <span class='ocrx_word' id='word_1_559' title='bbox 261 4392 349 4457; x_wconf 72' lang='lat' dir='ltr'><strong>facta,</strong></span> <span class='ocrx_word' id='word_1_560' title='bbox 376 4390 405 4443; x_wconf 90' lang='lat' dir='ltr'><strong>id</strong></span> <span class='ocrx_word' id='word_1_561' title='bbox 430 4389 549 4461; x_wconf 86' lang='lat' dir='ltr'><strong>utrique</strong></span> <span class='ocrx_word' id='word_1_562' title='bbox 573 4387 667 4445; x_wconf 81' lang='lat' dir='ltr'><strong>invito</strong></span> <span class='ocrx_word' id='word_1_563' title='bbox 691 4387 826 4444; x_wconf 76' lang='lat' dir='ltr'><strong>accidisse</strong></span> <span class='ocrx_word' id='word_1_564' title='bbox 849 4389 991 4446; x_wconf 87' lang='lat' dir='ltr'><strong>existimo.</strong></span> <span class='ocrx_word' id='word_1_565' title='bbox 1029 4391 1095 4442; x_wconf 90' lang='lat' dir='ltr'><strong>Non</strong></span> <span class='ocrx_word' id='word_1_566' title='bbox 1118 4384 1220 4438; x_wconf 85' lang='lat' dir='ltr'><strong>absona</strong></span> <span class='ocrx_word' id='word_1_567' title='bbox 1240 4390 1283 4437; x_wconf 89' lang='lat' dir='ltr'><strong>est</strong></span> 
     </span>
    </p>
   </div>
   <div class='ocr_carea' id='block_1_12' title="bbox 0 0 1430 5070">
    <p class='ocr_par' dir='ltr' id='par_1_15' title="bbox 0 0 1430 5070">
     <span class='ocr_line' id='line_1_58' title="bbox 0 0 1430 5070; baseline 0 0"><span class='ocrx_word' id='word_1_568' title='bbox 0 0 1430 5070; x_wconf 95' lang='lat' dir='ltr'><strong> </strong></span> 
     </span>
    </p>
   </div>
  </div>
 </body>
</html>
