2842 5070
585 274 717 367 nmen
735 302 798 384 ιν,
819 307 851 371 a.
1113 345 1119 355 ι
1223 304 1286 369 aea
1382 363 1384 365 ,

129 469 195 534 Sed
216 469 257 533 de
277 471 400 533 ceteris
422 466 542 532 studiis
563 469 630 542 alio
651 469 724 531 loco
739 476 781 529 et
806 466 968 545 dicemus,
982 478 984 489 '
1000 468 1030 529 si
1058 484 1138 529 usus
1170 470 1284 546 fuerit,
1305 468 1327 532 3

131 562 165 617 et
184 571 282 635 saepe
311 551 466 617 diximus.
517 551 706 632 Sapientiae
733 548 882 630 studium
910 557 1007 624 vetus
1028 546 1065 608 id
1087 546 1220 630 quidem
1248 552 1285 610 in

128 636 272 702 nostrisx
300 632 367 706 sed,
392 641 501 696 tamen
534 641 610 694 ante
642 630 752 694 Laelii
783 640 925 694 aetatem
957 639 991 694 et
1022 628 1187 712 Scipionis
1216 652 1285 695 non
1334 692 1338 701 ,

128 717 276 799 reperio,
304 733 387 796 quos
417 715 585 798 appellare
605 715 729 797 possim
760 715 967 776 nominatim.
1023 712 1149 775 Quibus
1175 710 1307 784 adole

128 800 297 862 eventibus
319 798 469 859 Stoicum
491 798 556 858 Dio
581 816 675 857 auem
698 804 732 858 et
751 794 986 858 Academicum
1009 791 1214 855 Carneadem
1234 797 1286 856 vi-

73 908 74 911 ¹
101 910 103 917 ·
130 861 193 944 deo
215 880 256 942 ad
277 879 435 941 Senatum
457 879 497 941 ab
518 817 778 940 Atheniensibus
806 879 924 938 missos
946 877 1176 963 esse‘legetos,
1220 877 1287 940 Qui
1336 912 1338 920 ι

128 984 229 1043 quum
251 965 302 1023 rei
323 962 483 1043 publicae
503 962 630 1030 nullam
643 977 798 1043 umquam
820 968 950 1041 partem
962 960 1162 1044 attigissent,
1184 968 1287 1020 esset·
1364 1011 1368 1024 ,

130 1112 180 1165 Sic
199 1111 266 1166 cod.
287 1111 370 1163 Vind.
393 1116 416 1166 l.
435 1110 521 1163 habet
538 1108 620 1162 amul
637 1125 692 1175 cc,
717 1107 791 1161 Gud.
810 1112 837 1166 2.
863 1109 947 1163 simul
964 1114 1002 1161 ct.
1039 1109 1119 1162 Idem
1137 1118 1204 1179 poet
1222 1125 1287 1162 coe·

126 1183 239 1252 pisaent
257 1181 334 1233 addit
350 1188 490 1249 putamus.
528 1182 609 1233 Unus
628 1181 678 1232 Ox.
698 1178 784 1232 habet
801 1180 873 1233 velle
893 1179 1109 1249 porcionem.
1139 1176 1287 1233 Jaeero·
1332 1181 1339 1190 ’

127 1258 191 1304 rme.
212 1251 246 1303 ad
265 1251 328 1303 biv.
348 1253 395 1304 Vl.
415 1255 438 1307 l.
459 1254 485 1305 6.
505 1260 603 1303 nostro
627 1251 691 1301 loco
709 1251 770 1325 legi
798 1251 912 1304 volebat
930 1250 1017 1317 simul
1038 1251 1118 1316 velle,
1144 1252 1286 1303 refutatu·

131 1322 274 1374 ibidema
298 1321 423 1374 Dukero.
452 1321 534 1373 Conf.
563 1321 598 1373 ad
625 1320 864 1374 eundernlocum
888 1321 1031 1373 Drakenb.
1057 1340 1086 1390 p.
1112 1323 1152 1376 15.
1177 1339 1219 1390 sq.
1241 1320 1285 1373 ed.

127 1392 235 1466 stuttg.
272 1391 343 1443 Add.
371 1391 528 1448 Tursellin.
549 1391 584 1443 de
609 1391 745 1443 Particul.
763 1384 798 1462 Ῥ.
819 1394 880 1448 950.
902 1391 944 1444 ed.
965 1392 1111 1447 Schwarz.
1142 1391 1284 1446 Goerenz.

81 1472 83 1477 ⁴
111 1463 276 1517 *adlocum
295 1461 398 1513 Acadd.
419 1461 493 1512 laud.
513 1479 541 1528 p.
561 1463 605 1515 98.
632 1461 692 1512 Mr.
834 1511 840 1522 ,

140 1561 142 1565 -
196 1532 254 1586 Sed
272 1532 305 1584 de
323 1530 427 1584 ceteris
445 1531 550 1584 studiis
575 1530 634 1583 alio
659 1532 719 1585 loco
744 1538 771 1584 et
796 1528 930 1598 dicemus]
957 1532 1026 1584 Duo*
1047 1531 1117 1583 Oxx.
1145 1532 1284 1585 omittunt

127 1601 242 1656 studiis.
280 1605 388 1654 Vocem
408 1608 434 1653 et
454 1603 593 1653 omittunt
612 1602 711 1667 iidem,
730 1619 799 1654 cum
816 1602 900 1654 Vind.
921 1607 945 1656 1.
979 1602 1013 1653 ln
1031 1603 1153 1656 Mona.
1173 1602 1285 1676 legitur
1339 1607 1350 1615 ”

85 1698 89 1703 ·
127 1672 263 1726 dictemus
275 1689 329 1742 pro
340 1672 471 1724 dicemus.
501 1673 696 1741 scriptionem
714 1673 741 1725 ei
750 1689 816 1726 usus
830 1671 930 1739 fuerit,
946 1670 1023 1741 quod
1036 1671 1087 1723 vix
1104 1688 1206 1740 operae
1216 1690 1284 1743 pre·

126 1740 277 1806 tiuinfuit,
287 1742 402 1795 defendi
413 1743 444 1792 in
454 1741 655 1811 symbolarum
663 1743 748 1795 Critt.
770 1744 893 1812 specim.
905 1743 927 1795 1.
938 1761 965 1811 p.
978 1745 1020 1796 18.
1034 1751 1134 1810 contra
1143 1743 1283 1813 aliquem,

127 1813 179 1882 qui
192 1812 424 1887 corrigivolebat
435 1813 462 1865 ai
471 1828 538 1864 neus
556 1813 667 1877 feret,
686 1813 771 1865 celsi
782 1829 849 1882 naus
867 1813 1020 1876 tulerit,
1039 1812 1086 1864 vel
1098 1811 1127 1864 si
1141 1829 1222 1879 opus
1238 1815 1283 1880 fu-

127 1884 198 1936 erit:
215 1883 300 1951 'quod
317 1899 395 1934 nunc
414 1899 472 1935 non
490 1891 603 1952 repeto:
626 1883 674 1934 sed
693 1883 738 1952 iis,
759 1900 829 1952 quos
847 1883 887 1934 ibi
905 1883 1029 1945 laudavi,
1048 1882 1128 1947 adde,
1148 1901 1219 1951 quae
1238 1901 1284 1934 su-

87 1983 93 1993 ·
126 1972 183 2023 pra
199 1953 300 2005 monui
318 1953 353 2005 ad
372 1954 408 2006 ll.
430 1956 472 2011 16.
493 1954 766 2021 ampiectentem
794 1953 982 2013 Lindemann.
1008 1951 1045 2003 de
1066 1953 1198 2005 formulis
1224 1953 1283 2007 Usu

126 2022 223 2078 venire
245 2032 274 2076 et
295 2023 352 2077 Usu
371 2023 482 2076 euenire
501 2024 532 2074 in
550 2022 681 2076 Seebodii
699 2025 735 2076 N.
756 2022 877 2076 Archiv.
896 2024 917 2074 f.
938 2021 1042 2076 Philol.
1064 2025 1183 2079 18261.
1210 2025 1235 2077 5.
1256 2027 1282 2080 6.
1347 2071 1350 2082 .

148 2136 155 2150 .
176 2098 236 2150 137.
257 2095 344 2146 eiusd.
365 2093 557 2147 Lindemanni
568 2092 704 2146 Addenda
722 2093 756 2146 ad
775 2093 932 2146 editionem
949 2093 1092 2145 librorum
1109 2095 1144 2145 ad
1154 2094 1282 2146 Herenn.

125 2113 215 2236 fliips.
237 2168 326 2230 1828.)
344 2183 372 2235 Ρ.
392 2167 446 2220 699
457 2192 487 2201 -
499 2167 558 2219 toa.
578 2162 613 2217 de
631 2171 728 2216 nostro
747 2164 811 2216 loco
829 2181 858 2233 Ρ.
879 2167 939 2218 tot.
969 2165 1034 2216 Otto
1053 2163 1085 2215 in
1102 2165 1223 2216 Excurs.
1244 2166 1282 2218 11.

126 2235 161 2297 ad
178 2237 238 2289 Cic.
258 2237 320 2288 Cat.
340 2235 406 2299 maj.
426 2253 454 2304 Ρ.
475 2237 641 2290 tte-230.
661 2250 712 2286 nos
734 2234 769 2287 ad
787 2234 871 2286 Tusc.
898 2236 920 2287 l.
947 2237 991 2289 36.
1020 2237 1062 2288 te.
1089 2234 1225 2287 Ceterum
1251 2235 1283 2287 in
1393 2283 1395 2286 ⁴

126 2323 185 2359 uno
205 2308 254 2360 Ox.
274 2324 306 2358 re
324 2323 394 2358 vera
412 2314 465 2370 est,
488 2305 564 2374 quod
587 2304 703 2357 volebat
727 2305 780 2357 ille
809 2312 966 2371 corrector,
988 2305 1016 2356 ei
1033 2321 1115 2372 opus
1131 2305 1227 2370 fuerit.
1249 2329 1300 2348 -·

124 2379 178 2430 Per
201 2376 224 2427 ‘t
243 2376 310 2428 Cod.
329 2376 414 2427 Vind.
435 2380 459 2429 l.
479 2391 518 2426 ac
536 2374 772 2442 ecepe‘diet'mue.
810 2376 892 2428 Idem
909 2374 995 2427 habet
1012 2381 1088 2428 vetus
1108 2384 1141 2429 et
1159 2376 1281 2446 quidem.

126 2472 161 2484 -
179 2394 282 2498 i'erbis
307 2445 473 2512 Sapientiae
496 2445 618 2497 studium
645 2444 859 2515 philosophiam
882 2446 1011 2518 intelligi
1034 2463 1117 2499 neino
1143 2456 1185 2499 est
1212 2447 1284 2517 quin

125 2516 230 2569 videat.
267 2515 309 2568 De
326 2516 475 2568 locutione
493 2522 571 2568 octus
588 2515 621 2568 id
643 2514 754 2582 quidem
779 2545 811 2557 -
832 2516 883 2567 sed
899 2522 991 2568 tamen
1009 2515 1086 2567 idem
1105 2519 1168 2568 fere
1186 2518 1283 2570 dicen·

126 2587 205 2652 dum,
226 2584 406 2711 qpodpppra
423 2587 446 2641 1.
466 2590 491 2641 3.
511 2590 537 2642 6.
557 2586 592 2640 ad
608 2586 696 2638 verba
715 2585 749 2638 ab
768 2585 883 2653 optimis
894 2585 963 2639 eltis
989 2585 1102 2655 quidem
1126 2586 1209 2654 ciria,
1234 2589 1283 2640 ubi

127 2665 271 2710 nannet.
345 2673 370 2709 r.
735 2690 737 2694 Α

74 2723 78 2733 ’
195 2727 362 2782 Sedtcmen
380 2735 443 2783 unte
462 2725 559 2781 Laelii
575 2733 694 2781 aetatem
712 2733 739 2779 et
766 2724 923 2794 Scipionis]
951 2727 993 2780 De
1017 2735 1142 2796 utroque
1167 2743 1283 2781 accura—
1346 2740 1349 2744 ’

124 2799 182 2850 tius
199 2798 334 2868 loquitur
352 2799 452 2852 Cicero
472 2799 504 2850 iu
521 2799 611 2852 Bruto
629 2802 674 2863 21,
693 2801 736 2853 83.
757 2798 791 2849 de
809 2798 927 2850 Amicit.
947 2793 973 2852 2.
993 2797 1028 2849 de
1046 2799 1115 2868 Rep.
1134 2799 1157 2851 1.
1179 2801 1220 2853 12.
1241 2800 1280 2851 cf.

124 2869 244 2923 uuenut
262 2871 294 2921 in
312 2869 388 2921 uisi.
400 2857 472 2922 crit.
487 2869 593 2938 Eloqu.
613 2871 694 2923 nom.
713 2886 743 2938 p.
761 2869 805 2922 as.
816 2901 848 2911 -
861 2871 905 2923 eo.
916 2899 949 2909 -
968 2869 1002 2920 tn
1021 2867 1088 2921 cod.
1108 2869 1182 2993 Aug.
1208 2859 1282 2945 negt.

124 2948 176 2992 tur
192 2956 248 2992 non
267 2939 403 3005 reperi.
440 2942 514 2992 Mox.
534 2958 607 2991 unus
627 2939 677 2991 Ox.
696 2938 782 2990 habet
798 2955 912 3006 possum
929 2955 983 3008 pro
998 2939 1113 3007 poesim.
1179 2940 1225 2992 ud.
1255 2945 1279 2995 1.

123 3009 341 3062 nonominatim
359 3009 446 3073 (sic).
468 3009 542 3060 Gud.
563 3012 588 3064 2.
609 3007 709 3077 quitus
727 3008 996 3074 adolescentes.
1016 3012 1076 3062 Mr.

194 3078 321 3133 Stoicum
339 3079 493 3146 Diogenem
511 3078 752 3132 &Academicum
771 3077 959 3144 Carneadem]
988 3080 1089 3142 „Hanc
1108 3080 1140 3131 in
1158 3097 1221 3133 rem
1240 3083 1278 3132 cf.

102 3200 104 3202 .
126 3149 240 3202 Gellius
258 3151 295 3202 N.
314 3149 347 3200 A.
367 3151 455 3201 xvtl.
476 3151 518 3203 21.
538 3150 659 3210 xv.,1l.
687 3148 803 3201 sueton.
828 3150 862 3201 de
887 3149 963 3201 Clur.
983 3149 1060 3200 Orat.
1090 3166 1114 3200 c.
1139 3153 1164 3203 1.
1190 3150 1281 3203 Athe-

78 3244 86 3255 s
123 3237 229 3288 nacum
246 3220 310 3274 ΧΠ.
330 3236 355 3271 c.
374 3222 418 3274 68.
441 3218 519 3271 Xlll.
539 3236 568 3288 Ρ.
588 3218 701 3273 61617.
721 3234 789 3278 cum
805 3219 1018 3270 Animadverss.
1037 3219 1072 3272 T.
1092 3220 1155 3271 Vll.
1174 3237 1203 3289 Ρ.
1217 3223 1278 3276 313.
1349 3239 1369 3258 „

123 3291 236 3344 Fabric.
255 3291 286 3343 B.
307 3290 358 3343 Gr.
379 3290 413 3345 T.
433 3291 486 3342 111.
512 3308 539 3358 Ρ.
560 3291 621 3343 483.
649 3287 778 3343 Kiihner.
805 3289 839 3341 de
859 3288 989 3341 Ciceron.
1010 3289 1041 3339 in
1064 3288 1281 3359 Philosophiam

123 3361 237 3415 meritis
255 3380 283 3432 p.
299 3364 325 3416 9.
341 3379 401 3430 sqq.
425 3361 604 3430 interpretes
623 3359 657 3412 ad
674 3359 756 3432 Diog.
776 3360 871 3413 baert.
885 3361 934 3411 Vl.
954 3360 997 3413 81.
1016 3361 1169 3414 Levezow.
1198 3360 1280 3414 Gom·

74 3449 77 3452 ·
123 3442 243 3488 mentat.
262 3433 297 3484 dc
316 3432 459 3485 Carneade
478 3431 606 3504 Diogene
626 3439 655 3485 et
673 3430 800 3483 Critolao
819 3430 901 3484 etde
925 3430 1018 3483 causis
1036 3430 1165 3503 neglecti
1191 3433 1279 3484 studii

122 3504 321 3576 philosophiae
343 3502 417 3572 apud
440 3503 571 3572 antiquos
590 3504 738 3556 Romanos.
759 3500 877 3565 Stettin,
904 3499 1002 3555 1795.“
1025 3498 1138 3553 Setuci.
1175 3501 1281 3578 Dioge-

123 3592 174 3628 nes
193 3575 251 3627 fuit
259 3573 441 3643 Babylonius,
460 3572 617 3626 Carneades
636 3573 808 3643 Cyrenaeus.
829 3571 974 3638 Tertium,
994 3570 1153 3624 Critolaum
1165 3574 1280 3644 Peripa·

123 3645 254 3710 teticum,
273 3654 306 3696 ut
323 3645 418 3695 minus
436 3644 557 3709 clarum,
580 3642 722 3714 praeterit
740 3642 851 3695 Cicero.
888 3641 958 3693 Fuit
976 3658 1009 3694 ea
1026 3642 1133 3716 legatio
1158 3660 1183 3695 a.
1204 3662 1231 3696 u.
1252 3661 1278 3696 c.

123 3718 185 3772 595.
205 3747 238 3760 ·-
259 3714 408 3767 Scribitur·
420 3713 569 3782 Diogenen
588 3716 620 3765 in
639 3713 713 3767 Gud.
735 3717 813 3767 l.⁴ut
837 3712 918 3779 (sine
937 3712 1023 3764 dubio
1046 3713 1119 3765 elle
1142 3713 1162 3775 .)
1188 3714 1287 3768 edidit.
1371 3747 1398 3762 ,·

123 3788 192 3841 Dav.
211 3781 378 3855 Dycgenem'
391 3791 426 3837 et
447 3783 679 3838 Achademicum
705 3785 736 3835 in
761 3786 836 3836 Mon.
861 3786 886 3840 2.
912 3783 1057 3836 Posterius
1079 3729 1165 3837 hain
1191 3787 1278 3838 etiam

124 3855 214 3909 Marb.
234 3858 287 3908 Pro
306 3856 387 3909 video
411 3856 443 3907 in
460 3868 518 3909 uno
537 3857 586 3910 Ox.
607 3864 651 3909 est
667 3855 770 3909 videto.
798 3855 839 3908 De
859 3870 901 3918 eo,
921 3855 971 3923 qui
989 3853 1039 3906 hic
1058 3853 1177 3922 obtinet,
1195 3857 1279 3911 verbi

122 3925 200 3981 viden
218 3943 270 3976 usu
288 3925 348 3977 rid.
366 3927 459 3978 Beier.
478 3927 513 3978 ad
536 3927 668 3979 Laelium
686 3929 729 3989 16,
747 3928 793 3982 56.
810 3944 839 3996 Ρ.
858 3929 902 3981 89.
923 3925 965 3978 ed.
986 3923 1052 3989 mai.
1073 3926 1133 3979 Mr.

194 3996 296 4049 missos
314 4011 375 4048 ease
392 3995 511 4062 legatos]
530 3997 672 4061 „Factum
688 3995 745 4049 hnc
760 4005 801 4049 est
820 4005 932 4060 oratore
947 3998 984 4048 Μ.
996 3996 1102 4049 Catone
1120 3997 1280 4054 incivitate
1331 4017 1337 4026 ·

122 4077 157 4122 et
170 4069 270 4122 Plauto
288 4075 371 4136 poeta
389 4067 421 4117 in
439 4083 523 4117 scena
539 4067 671 4132 florente,
690 4083 691 4086 ¹
732 4067 767 4118 od
786 4062 1051 4119 est'adolesoentiae
1075 4067 1219 4137 Scipionis
1246 4079 1276 4123 et

121 4139 216 4192 Laelii
234 4135 380 4208 tempus.“
417 4137 564 4193 Gamerae.
583 4137 668 4190 Ccdd.
718 4130 778 4188 indJ
798 4140 825 4190 1.
845 4145 874 4189 et
896 4136 970 4258 Aug.
998 4153 1052 4207 pro
1076 4154 1137 4192 esse
1165 4142 1276 4206 legatos

121 4211 228 4264 habent
256 4213 368 4277 legatos
392 4224 460 4261 esee.
505 4207 578 4260 Gud.
602 4207 713 4260 omittit
736 4221 805 4259 esse.
829 4206 911 4260 Unde
932 4207 1038 4276 siquis
1060 4210 1192 4280 spurium
1217 4225 1276 4264 ease

122 4283 284 4354 suspicetur
300 4281 420 4334 verbum
440 4278 656 4331 substantivum.
693 4278 753 4330 Mc.
802 4297 805 4302 ·
1008 4300 1012 4306 ·
1376 4279 1377 4283 ’

194 4353 248 4411 oei
266 4369 345 4420 quum
363 4349 550 4421 reipublicae
567 4350 675 4402 nullum
692 4361 811 4417 unquam
827 4350 946 4416 purtem]
967 4349 1035 4403 Ccd.
1060 4353 1138 4404 Mon:
1160 4353 1187 4405 2.
1213 4349 1274 4401 nul-

123 4425 197 4479 lam
226 4424 404 4495 reipublicae.
448 4421 532 4478 vind.
561 4424 587 4477 l.
609 4423 724 4489 partem
746 4419 854 4478 nullam
875 4431 1009 4490 unquam.
1045 4421 1140 4477 Duiob.
1168 4420 1277 4475 nuttam
