2842 5070
337 340 341 344 ’
416 382 417 387 ,
454 388 475 424 ·.
512 325 641 391 LIBER
662 326 723 406 tv,
744 329 773 393 o.
928 371 937 376 ..
961 335 986 389 ’.
1154 327 1217 394 185

64 495 166 558 sectio
186 494 278 557 trulla
299 499 368 557 este
390 493 496 554 stulta
515 501 627 554 autem
639 488 825 576 aegritudo
847 500 966 568 cetea,
987 509 1052 573 qua
1071 489 1217 554 afficiun-

63 587 122 639 tur
153 578 188 638 iu
222 576 315 637 malis
338 576 492 656 opinatis,
526 577 720 655 animosque
741 572 921 635 demittunt
952 580 987 635 et
1007 573 1218 646 contrahunt,

62 661 188 723 rationi
209 674 276 720 oon
298 657 593 737 obtemperantes
619 655 734 738 ltaque
754 655 835 718 haec
854 658 967 736 prima
986 653 1136 717 definitio
1157 664 1219 734 eat,

62 750 101 803 ut
122 740 300 827 aegritudo
322 743 368 801 sit
388 740 502 817 enimi,
528 737 895 823 ¹adversante-rationo,
923 739 1120 802 contractio,
1163 737 1219 799 Sic

59 866 128 891 Ὗ*

135 922 301 977 Praesentia
314 939 351 965 ·-
365 920 441 975 mali
458 918 641 989 rapientia
658 919 771 987 affectio
790 922 870 974 nulla
888 928 945 986 eat;
967 921 1051 975 stulti
1070 953 1103 966 -·
1121 921 1218 990 aegri·

65 995 130 1047 tudo
155 1001 196 1047 eet
218 993 282 1060 ea,]
319 993 417 1059 „Tria
441 992 472 1043 in
497 991 554 1044 hoc
578 993 642 1045 loco
661 993 871 1046 sollicitantur:
892 993 994 1063 ‘primo
1013 993 1120 1062 duplex
1137 993 1219 1068 gani-

66 1066 152 1130 tivus‚
171 1065 243 1118 mati
260 1063 397 1132 sapiends
414 1061 541 1128 affectio:
561 1063 628 1116 dein
638 1063 814 1132 permutatio
826 1063 879 1115 iata
888 1065 1013 1128 numeri,
1031 1063 1219 1132 rtutttaegrt·

66 1137 145 1199 tado,
163 1150 219 1204 qua
237 1133 408 1199 afficiantur,
436 1141 581 1202 postremo
608 1133 744 1202 repetitio
771 1133 984 1186 coniunctionis
1002 1140 1101 1187 auten.
1138 1134 1219 1200 Quod

65 1206 100 1258 ad
114 1205 331 1274 ,repetitionem
357 1203 571 1257 coniunctionis
594 1211 624 1257 et
648 1205 764 1256 numeri
789 1204 1017 1257 vicissitudinem
1045 1205 1160 1271 attinet,
1174 1206 1218 1273 in

65 1275 110 1327 hie
130 1275 217 1329 ‘nihil
236 1274 450 1327 sollicitandum
476 1291 533 1334 esse
561 1282 736 1339 monstrant,
766 1291 838 1343 quae
862 1290 914 1327 nos
942 1275 977 1327 ad
1000 1273 1085 1327 Acad.
1111 1276 1149 1328 ll.
1173 1278 1216 1331 tt.
1269 1336 1285 1342 Ἴ,
1331 1290 1342 1298 ·

66 1345 108 1415 [p.
128 1348 169 1401 53.
191 1343 270 1410 (37.)]
296 1353 326 1398 et
350 1345 435 1396 tusc.
462 1345 516 1398 111.
536 1347 580 1399 18.
601 1345 639 1414 [p.
662 1347 721 1399 118.
747 1343 826 1410 (86)].
862 1345 1016 1415 Duplicem
1041 1362 1112 1398 vero
1131 1346 1220 1399 Geni·
1386 1398 1391 1405 ,

65 1417 159 1469 tivum
177 1433 244 1489 egre
268 1415 371 1469 iciam
389 1415 569 1467 vindicatum
586 1415 670 1467 video
693 1414 728 1466 ab
747 1416 827 1468 erud.
847 1415 1034 1478 schroedero,
1056 1434 1145 1485 quem
1167 1417 1218 1469 hie

64 1495 94 1539 et
112 1486 232 1540 alibi-su
269 1501 285 1537 o
304 1485 440 1538 cecinisse
459 1485 577 1538 nollem.
596 1485 673 1538 .Nos
691 1493 787 1546 nostra
805 1487 1000 1560 adiungemus.
1026 1487 1106 1539 Infra
1123 1503 1148 1540 c.
1168 1490 1217 1543 ta:

65 1557 233 1611 ualetudinis
259 1554 660 1624 comoriaconqueeaotioae.
686 1563 716 1607 et
740 1571 839 1608 rursus
863 1558 990 1626 corporis
1020 1562 1061 1608 est
1085 1558 1220 1626 quaedam
1249 1600 1250 1606 .
1331 1564 1338 1574 ·
1362 1563 1365 1573 “

66 1634 133 1696 apta
150 1624 453 1695 figuro‘r‘aemdrorum,
473 1643 497 1679 c.
520 1628 567 1681 ll:
599 1625 698 1680 tatae
715 1630 758 1678 est
774 1626 881 1691 functio
901 1628 1035 1694 quaedam
1061 1627 1106 1679 oet
1128 1626 1220 1681 enini

65 1700 108 1750 vel
124 1697 256 1764 eorporis
270 1697 418 1764 gravioria
434 1695 528 1763 operia
546 1700 572 1749 et
591 1697 724 1750 maneria.
743 1699 912 1774 prolsigar.
932 1699 965 1754 ὅτ
990 1697 1086 1752 studia
1103 1698 1219 1768 dedique

65 1768 179 1835 generis
197 1783 231 1821 ao
248 1767 375 1832 familiae
393 1773 510 1829 vertrae,
527 1764 857 1830 vinatiadumanitutie
874 1777 928 1824 etc.
948 1768 1089 1821 Nelleor.
1110 1771 1147 1822 11.
1166 1771 1217 1826 ⁶82

67 1854 184 1906 quorum
203 1835 332 1902 (artiurn)
356 1844 397 1890 eet
410 1835 555 1903 viudiciuae
578 1837 727 1890 macrum.
765 1839 852 1891 Plura
878 1839 991 1891 Gortius
1009 1838 1137 1895 ad‘Sall.
1157 1840 1218 1893 Cat.

66 1911 111 1974 24,
130 1912 157 1965 4.
178 1908 229 1976 [De
246 1907 301 1960 hao
319 1924 352 1960 re
370 1907 507 1961 dixerunt
524 1908 654 1960 Perizon.
674 1907 709 1959 ad
727 1907 823 1963 Sanct.
842 1910 912 1960 Min.
926 1911 952 1974 1,
966 1911 993 1972 3,
1013 1911 1055 1964 lt.
1074 1908 1217 1962 Drakenb.

67 1979 102 2032 ad
120 1981 184 2035 Liv.
204 1980 246 2043 tt,
268 1979 372 2033 15.·11.
392 1977 470 2030 Gort.
490 1977 525 2029 ad
543 1977 603 2030 cic.
622 1978 677 2048 Ep.
699 1979 747 2031 vt.
767 1981 812 2042 111,
830 1982 874 2034 30.
893 1981 1049 2031 Burmann.
1068 1979 1218 2033 adhucan.

66 2053 93 2113 9,
112 2053 137 2107 8.
158 2051 298 2102 Goerenz.
318 2048 353 2100 ad
362 2048 431 2100 =Gic.
451 2048 485 2101 de
504 2049 592 2122 [segg.
613 2050 639 2113 1,
659 2050 701 2103 17.
721 2066 749 2119 p.
771 2053 830 2106 169.
852 2050 956 2102 Badem
976 2049 1121 2102 adSenec.
1133 2052 1218 2104 Herc.

66 2123 123 2172 fur.
143 2123 204 2176 118.
227 2120 316 2175 Henr.
337 2119 414 2170 Voss.
435 2118 467 2169 in
484 2118 634 2171 Theocrit.
654 2136 682 2188 p.
701 2120 729 2175 ὅ.
756 2121 859 2172 Livius
877 2121 945 2173 adeo
962 2121 1112 2190 triplicem
1132 2122 1221 2176 Goni-

66 2193 161 2244 tivnm
179 2191 297 2260 posuit„
316 2191 435 2243 Praefat.
455 2191 485 2244 3:
506 2187 614 2242 iuvabit
633 2216 664 2229 -
684 2205 779 2243 rerum
802 2184 1221 2259 gesturum'memoriae.pre'n·

66 2262 140 2329 cipit
166 2267 308 2314 terraram
331 2259 429 2328 populi
452 2287 485 2297 -
508 2267 559 2312 τηε·
576 2259 669 2327 ipsum
700 2261 877 2315 coarctetur.
907 2261 1041 2328 Huad.]“
1074 2263 1220 2330 Woptm.
1280 2312 1290 2318 .

67 2334 159 2385 hectt.
187 2329 266 2383 Tull.
294 2333 368 2386 111..
388 2330 483 2395 „Dav⁸
509 2347 576 2383 cum
600 2330 731 2384 Bentleio
756 2332 913 2405 legendum
930 2331 960 2383 h.
980 2331 1001 2383 l.
1021 2333 1223 2387 existimabant
1309 2374 1313 2385 .

68 2400 201 2472 capienti,
221 2409 250 2454 et
267 2399 368 2471 paullo
386 2409 450 2469 post
467 2400 568 2454 stultia.
606 2399 663 2453 Sed
688 2402 770 2469 prius
797 2402 991 2472 quidemnon
1018 2420 1077 2457 esse
1095 2421 1223 2458 necessa-

68 2474 149 2528 rium
167 2471 264 2524 docuit
283 2470 395 2540 Wopk.
407 2471 430 2523 1.
452 2473 499 2525 162
519 2470 596 2539 quod
613 2471 647 2523 ad
665 2471 813 2540 posteriue·
825 2472 936 2525 sufficit
952 2473 1106 2526 restituere
1124 2477 1221 2541 realta,

69 2543 146 2612 quod
171 2550 214 2594 est
236 2543 268 2595 in
294 2540 546 2611 plerisque-Codri.
572 2540 660 2594 etium
683 2541 714 2591 in
733 2542 803 2616 Reg.
830 2551 859 2595 et
876 2559 933 2596 uno
952 2542 1054 2596 Leid.‘.‘
1078 2543 1167 2598 Βοιώ.
1192 2573 1223 2585 -

69 2612 218 2683 „sepienti
235 2643 267 2656 -
288 2610 391 2664 stultia.
431 2612 475 2664 Ita
492 2611 640 2669 locumin
657 2610 735 2666 MSS.
763 2622 933 2683 corruptum
958 2613 1121 2668 emendavit
1137 2617 1223 2668 Bent-

70 2685 153 2738 leius.
173 2683 296 2757 Vulgata
313 2683 411 2748 lectio,
429 2681 565 2750 supientia
583 2691 613 2735 et
630 2685 724 2748 stulti,
742 2692 817 2738 stare
835 2684 969 2753 nequit.“
980 2683 1096 2755 Laidem.
1115 2685 1224 2751 ,Prae-

69 2754 158 2808 sentia
176 2752 398 2820 malisopa‘entie
416 2753 526 2818 affectio
543 2754 620 2807 nulla
638 2760 679 2806 cat
696 2755 715 2805 i.
736 2770 760 2807 e.
779 2755 926 2824 praesenti
944 2756 1019 2818 malo
1036 2756 1148 2827 sapiens
1165 2773 1224 2809 non

69 2825 211 2878 afficitur:
232 2842 296 2876 nam
315 2841 347 2876 ea
365 2825 442 2877 foret
460 2824 620 2898 aegritudo,
640 2842 695 2893 qua
713 2826 869 2894 sapientem
889 2842 988 2878 carere
996 2827 1224 2881 demonstratum

71 2906 122 2951 eat.
152 2897 183 2948 L.
209 2896 262 2948 111.
296 2894 443 2946 Bentleius
466 2895 528 2968 legi
559 2895 674 2947 volebat
696 2895 819 2962 rapienti
847 2905 877 2950 et
905 2912 974 2948 mox
995 2897 1126 2953 stultie.“
1153 2899 1223 2957 Erit.

70 2966 192 3032 „Bentl
211 2964 441 3028 stultis,·Bnher.
462 2966 547 3017 stulta
566 2965 747 3039 corrigunt*
765 2969 910 3020 Neutrum
930 2967 1017 3031 bene,
1044 2971 1119 3022 Nam
1137 2971 1225 3023 verba

69 3036 127 3089 hoc
155 3036 238 3087 modo
266 3035 497 3110 interpungenda
521 3043 600 3087 sunt:
633 3036 714 3089 stulti
740 3043 842 3102 autem,
866 3037 1018 3104 aegritudo
1036 3047 1078 3093 eat
1100 3055 1142 3106 ea,
1159 3056 1224 3109 pua
1252 3088 1255 3092 .

72 3105 268 3173 cfficiuntur;“
286 3105 401 3157 Nissen.
438 3104 591 3172 „Bentleii
610 3107 751 3162 correctio
769 3108 892 3174 rapienti
908 3109 1021 3161 firmari
1045 3110 1164 3162 videtur
1190 3113 1224 3163 ab

71 3178 183 3247 aliquot
213 3178 283 3232 Oxi.
333 3174 434 3229 stultis
467 3183 509 3228 est
542 3175 575 3226 in
602 3175 689 3230 Codd.
709 3177 817 3230 nullo.
858 3177 948 3230 states·
979 3179 1046 3230 dedi
1076 3196 1112 3232 ex
1140 3180 1224 3245 Edu,

70 3256 188 3320 praeter
204 3246 274 3299 Dar.
296 3253 325 3299 et
342 3246 427 3312 tall,
451 3245 592 3311 omnibus,
619 3246 676 3297 nisi
695 3247 771 3314 quod
788 3247 840 3302 W.
861 3248 893 3298 in
910 3248 1010 3303 EM.
1039 3257 1069 3300 et
1087 3248 1154 3303 Sch'.
1175 3268 1225 3304 ex.
1326 3233 1341 3254 ⁸

70 3319 174 3372 hibent
191 3320 287 3381 stulto,
306 3317 383 3386 quod
400 3326 444 3370 eat
461 3317 493 3369 in
511 3316 578 3370 cod.
597 3315 691 3390 Reg.“
710 3314 760 3373 Or.
797 3317 911 3382 „codd
931 3321 1019 3372 stultu
1037 3326 1144 3372 autemr
1165 3338 1226 3376 me-

72 3391 130 3442 lius
156 3390 207 3442 alii
228 3387 375 3442 stultorum
397 3388 548 3456 aegritudo
571 3394 622 3451 eat,
655 3388 759 3441 omisso
786 3395 884 3440 cutem.
918 3390 965 3441 'lta
986 3390 1095 3460 optime
1113 3390 1227 3445 intelli-

37 3457 41 3464 ’
73 3462 154 3534 gitur
173 3477 293 3529 sequens
310 3458 505 3525 afficiuntur.“
523 3458 667 3523 FAWotf.
686 3459 718 3510 in
736 3458 812 3515 sch„
835 3459 1013 3524 „Commode
1039 3462 1170 3516 Bremius
1191 3463 1227 3516 ad
1332 3507 1339 3524 ,

73 3534 133 3586 Cic.
154 3531 189 3585 de
208 3532 291 3583 tina.
311 3530 349 3584 t1.
370 3534 395 3585 t.
415 3549 443 3602 p
460 3533 528 3586 13⁷:
548 3529 721 3597 afficiuntur,
740 3531 790 3594 ait,
811 3531 865 3583 etsi
882 3531 1036 3614 singularis
1061 3534 1224 3603 praecessit,

67 3619 107 3646 ¹-
119 3602 281 3654 Kiihnerus
300 3601 429 3655 defendit
446 3601 546 3654 stulta:
573 3601 622 3657 sed
640 3599 804 3670 oppositum
822 3602 960 3668 sapienter
982 3602 1111 3670 requirit
1134 3604 1226 3658 stadt.

74 3707 107 3717 -
127 3672 266 3737 Afficitur
284 3672 463 3725 incommode
480 3673 646 3745 ambiguum
665 3675 747 3724 esset.
783 3673 871 3725 Recte
889 3672 1032 3725 Haudius:
1060 3674 1127 3726 Non
1144 3690 1227 3744 prae-

74 3753 130 3797 stat
154 3744 185 3792 in
208 3741 263 3793 hac
286 3741 453 3795 definitione
476 3744 576 3795 staltis.
613 3742 722 3794 Eadem
747 3743 858 3795 ratione
881 3751 963 3796 antea
986 3744 1097 3796 dictum
1120 3755 1163 3797 est
1179 3760 1227 3798 ed·

71 3811 208 3884 pientiaf‘
228 3811 277 3863 Or.
315 3814 382 3864 Non
399 3813 528 3883 defendit
545 3812 641 3866 tttthn.
660 3814 759 3877 delta,
778 3813 826 3867 sed
842 3817 973 3884 praefert
995 3814 1087 3880 etalii,
1114 3817 1226 3869 dicens:

75 3886 107 3936 in
126 3881 215 3947 stulti,
242 3883 371 3950 quamvis
389 3899 447 3935 non
470 3884 621 3938 conveniat
646 3885 779 3954 sequenti
801 3885 908 3954 plurali
935 3885 1108 3953 efficiuntur,
1136 3887 1227 3941 latere

75 3965 174 4007 tamen
199 3952 355 4023 pluralem,
382 3953 505 4021 indeque
528 3956 637 4007 factum
660 3972 720 4008 este
738 3965 772 4007 ut
791 3956 850 4010 cic.
869 3959 1013 4023 transiret
1031 3958 1065 4010 ad
1082 3957 1228 4028 pluralem

77 4023 251 4092 efficiuntur:
272 4030 304 4074 ut
321 4023 356 4075 de
375 4023 411 4074 N.
431 4023 466 4075 D.
485 4023 508 4075 1.
528 4023 647 4079 382‘doe
663 4026 739 4079 idem
756 4026 821 4092 ticet·
839 4029 963 4081 indeo:
984 4054 1021 4093 ··1
1042 4045 1076 4081 ex
1094 4044 1228 4098 queem
1334 4042 1341 4049 ·

15 4100 20 4111 “
76 4094 156 4152 beati
174 4101 253 4164 atque
272 4094 379 4148 oeterni
395 4093 600 4160 intelligantur.
639 4095 697 4150 Mr.
798 4140 801 4145 .
1189 4124 1191 4129 <

68 4211 73 4219 .
149 4165 300 4234 rapientia
318 4195 350 4208 -
371 4164 485 4229 stulta]
522 4166 566 4218 lta
590 4165 665 4230 dedi,
689 4183 756 4218 cum
785 4165 883 4222 tAw.
914 4169 945 4221 in
971 4169 1024 4222 nt.
1043 4172 1069 4225 1.
1097 4179 1127 4224 et
1144 4173 1170 4226 3.
1198 4179 1228 4224 et

77 4239 174 4303 stne,
194 4255 231 4290 ex
248 4235 332 4289 Godd.
352 4236 422 4320 Reg.
442 4234 512 4288 Pall.
532 4235 673 4300 omnibus,
691 4239 754 4287 Vat.
767 4239 848 4290 ¹Ilion.
868 4241 893 4293 1.
914 4236 1227 4311 quinque'Oxx.Rehd.

78 4311 152 4370 Gud.
170 4312 252 4365 zet
275 4322 332 4359 uno
356 4307 436 4360 [reid.
474 4305 553 4372 Quod
574 4322 644 4362 tero
668 4307 750 4360 aiunt
773 4307 855 4361 etetti
875 4312 1066 4363 necessarium
1095 4326 1164 4374 esse,
1195 4316 1230 4362 u't

70 4389 240 4451 opponatur
263 4378 446 4432 antecedenti
476 4375 626 4444 sapienties
663 4377 832 4432 idaeum,
846 4397 904 4434 non
929 4390 987 4435 eat:
1017 4381 1115 4434 eadem
1141 4380 1230 4443 enim,

81 4468 255 4523 quamquam
278 4449 377 4522 paullo
401 4448 534 4515 liberior,
565 4456 607 4502 est
628 4448 825 4520 oppositioei
841 4453 955 4508 ·.eeribaa
980 4453 1085 4508 muas
1121 4449 1230 4504 aceedit
