2842 5070
492 300 625 365 mnne
644 298 708 379 111,
731 302 781 369 re.
821 363 824 366 ,
1180 309 1222 376 91

66 467 154 530 malo
179 488 219 530 ae
262 466 425 534 itudinem
454 465 541 529 effici
561 476 708 538 consent,
730 464 790 529 sed
811 466 982 548 insperato
1008 478 1044 531 et
1063 491 1124 534 nec
1145 475 1238 555 opi·=

65 559 144 612 nato
166 572 218 612 ma
235 571 266 615 o.
309 551 368 610 Ilst
398 547 434 609 id
462 546 594 630 quidem
617 568 683 609 non
707 548 876 611 mediocre
904 549 946 611 ad
974 553 1221 635 aegritudinem

65 633 268 721 augendamz
302 631 463 694 videntur
493 633 582 692 enim
606 634 721 694 omnia
750 635 926 713 repentina
951 636 1122 719 graviora.
1173 638 1221 698 Ex

66 717 134 783 hoc.
150 724 184 778 et
205 717 266 778 illa
288 718 364 776 iure
386 711 580 777 laudantur:

167 799 245 879 Ego
266 817 357 879 quum
375 798 486 877 genui,
510 793 574 857 tdm
593 797 780 858 moriturum
798 793 890 874 scivi,
917 806 951 860 et
972 800 1003 861 ei
1024 801 1073 862 rei
1095 796 1223 866 sdstole'.

68 1013 101 1023 ·-
119 987 173 1037 Pro
190 982 268 1049 effici
285 992 327 1036 est
348 983 413 1049 fieri
430 981 462 1034 in
479 983 554 1034 Mon.
573 983 600 1037 2.
620 997 678 1034 uno
696 983 747 1037 Ox.
766 982 850 1035 Vind.
868 985 895 1039 2.
921 982 992 1036 Edd.
1018 984 1051 1036 A.
1077 986 1107 1036 Β.
1125 984 1165 1037 ·s.
1185 987 1220 1038 Ε,

49 1055 98 1108 ’0.
117 1057 186 1110 Ven.
206 1061 291 1108 nostr.
312 1054 375 1107 Asc.
395 1054 418 1106 1.
438 1055 466 1107 2.Χ
484 1054 564 1105 Junt.
598 1052 634 1102 ln
652 1052 718 1105 eod.
740 1053 812 1107 [lud.
836 1057 859 1108 1.
887 1063 930 1106 est
949 1042 1159 1122 aegritudine}
1190 1057 1222 1108 in

66 1128 138 1180 Gud.
158 1130 183 1182 2.
209 1134 238 1178 et
260 1143 316 1179 uno
342 1126 391 1178 Ox.
417 1123 506 1190 affici,
533 1123 564 1174 in
584 1123 657 1176 Gud.
685 1132 729 1177 est
754 1124 851 1177 uolunt
873 1141 928 1194 pro
950 1134 1068 1180 censent.
1096 1130 1170 1179 Mon.
1189 1129 1219 1182 2.

63 1206 161 1252 censet.
187 1198 259 1272 Aug.
280 1196 429 1263 inspirato.
468 1196 529 1250 Mr.

52 1283 56 1295 ¹
132 1271 181 1323 ord
198 1269 342 1337 insperato
360 1273 400 1323 et,
413 1281 461 1317 nec
484 1264 597 1333 opinato
619 1263 717 1332 matu]
754 1301 773 1329 ,‚
782 1263 839 1328 Sic,
863 1275 896 1318 ut
921 1268 1084 1321 emendavit
1107 1271 1219 1336 Lamb,

62 1341 172 1416 legitur
189 1343 220 1393 in
239 1338 369 1410 Gryphii
388 1336 555 1404 exemplari.
593 1333 628 1386 ln
646 1336 712 1388 aliis
736 1334 863 1410 vulgatis
888 1339 990 1406 copula
1020 1347 1046 1391 et
1072 1341 1146 1393 male
1173 1342 1220 1393 ab·

62 1413 134 1466 est.“
152 1414 266 1465 Brutus.
304 1411 367 1476 „tit
384 1406 563 1474 necopinato
581 1414 664 1458 vetus
684 1406 783 1469 codex,
804 1407 875 1458 item
895 1407 972 1461 MSS.
993 1408 1125 1476 suffridi,
1147 1413 1219 1467 Pell.

60 1501 114 1538 sec.
126 1492 201 1536 tert.
224 1481 317 1552 quint.
338 1480 430 1531 Vatic.
464 1478 558 1552 Vulgo
584 1482 611 1528 et
634 1475 808 1529 omittunt.“
825 1475 909 1529 Gett.
946 1479 1058 1532 Habent
1087 1489 1112 1533 et
1131 1482 1219 1535 codd.

60 1559 129 1632 Reg.
151 1553 225 1607 Gud.
248 1557 271 1606 l.
285 1555 317 1606 2.
337 1551 410 1624 Aug.
431 1548 518 1602 Marb.
538 1546 622 1618 Vind.
644 1551 667 1601 l.
688 1551 714 1602 2.
735 1549 809 1598 Mon.
832 1552 855 1602 l.
874 1550 901 1602 2.
922 1557 1046 1618 quatuor
1060 1551 1130 1602 Oxx.
1146 1553 1219 1605 Edd.

61 1630 110 1680 Fr.
130 1625 212 1678 Febr.
233 1632 262 1675 et
281 1622 360 1693 sylb.
381 1629 411 1672 et
429 1618 495 1670 inde
514 1637 530 1670 a
549 1616 700 1672 Gebhardo
719 1633 825 1670 omnes.
845 1618 913 1671 God.
934 1622 1008 1675 Mon.
1029 1623 1055 1678 2.
1082 1621 1170 1673 habet
1190 1629 1219 1676 et

60 1694 323 1763 necinopinato.
359 1691 445 1742 Plane
464 1697 562 1740 nostro
579 1688 644 1740 loco
663 1689 766 1739 similis
792 1698 834 1741 est
857 1689 891 1742 ad
917 1689 992 1742 hanc
1017 1691 1151 1744 lectionis
1168 1712 1220 1745 ra-

60 1770 197 1823 rietatem
220 1766 298 1816 infra
325 1762 378 1814 111.
407 1762 449 1815 19.
469 1761 518 1814 45:
553 1758 645 1810 omnia
671 1757 816 1826 repentine
836 1765 870 1810 et
893 1774 954 1813 uec
980 1761 1131 1829 opinate
1157 1780 1220 1818 me

61 1839 210 1907 graviora,
236 1834 287 1886 ubi
310 1829 395 1886 Godd.
421 1829 555 1899 plerique
582 1837 661 1882 recte
679 1828 817 1880 exhibent
840 1834 867 1880 et
895 1844 951 1882 uec.
973 1848 1016 1898 op.
1054 1834 1134 1885 Editi
1152 1844 1219 1889 ante

61 1910 154 1966 Gebh.
174 1906 308 1979 plerique
326 1903 374 1954 vel
392 1916 445 1973 nec·
458 1897 529 1966 opio.
549 1899 642 1967 velet
662 1896 817 1965 inopinato.
854 1901 942 1952 Recte
967 1900 1002 1951 de
1026 1904 1143 1955 vocibus
1168 1921 1220 1958 nec

61 1986 202 2053 opinatur,
222 1993 272 2029 nec
290 1972 418 2042 opinans,
439 1985 486 2022 nec
503 1968 602 2038 opinus
618 1970 764 2041 praecipit
782 1969 934 2038 laudatque
949 1971 1102 2024 Kiihnerus
1120 1975 1220 2026 Ruhn-

61 2056 181 2110 kenium
200 2049 235 2101 ad
252 2047 370 2098 Terent.
389 2041 477 2095 Andr·
497 2041 519 2092 1.
540 2043 565 2094 2.
586 2044 612 2096 9.
649 2042 704 2093 Pro
723 2045 776 2092 erl
795 2040 828 2092 id
844 2058 917 2092 unus
936 2041 987 2093 Ox.
1007 2049 1039 2093 et
1057 2042 1098 2094 id.
1119 2044 1219 2102 Duisb.

61 2125 172 2180 omittit
191 2118 287 2174 omnia
305 2115 372 2168 inde
390 2113 423 2164 ab
442 2112 494 2164 Est
513 2110 546 2164 id
562 2128 652 2182 usque
670 2111 705 2164 ad
723 2112 888 2179 aagendam.
908 2114 962 2164 Pro
981 2113 1122 2166 mediocre
1146 2132 1222 2167 unus

18 2244 22 2251 ,
63 2199 113 2252 ox.
133 2214 176 2250 me
196 2191 297 2244 dicere.
342 2187 401 2239 Mr.

132 2270 177 2322 Ex
194 2260 246 2314 boc
263 2264 293 2310 et
307 2255 362 2310 ida
380 2253 444 2306 iure
462 2251 648 2318 laudantem]
684 2251 737 2304 Ed.
765 2254 795 2304 P.
820 2268 856 2305 ex
879 2251 952 2306 boc.
990 2255 1071 2307 Unus
1091 2256 1141 2309 Ox.
1163 2255 1221 2310 cite

61 2357 115 2410 pro
135 2339 207 2392 iuret
230 2329 325 2384 voluit
351 2326 414 2379 rite.
452 2322 497 2374 Ad
519 2339 546 2378 r.
567 2323 723 2376 laudantur
739 2323 852 2376 Nissen.
881 2325 970 2378 addit:
999 2343 1037 2377 sc.
1058 2327 1221 2396 praemedi.

60 2413 132 2464 tatio
157 2404 236 2469 mali,
264 2415 338 2470 quae
363 2392 495 2463 exemplo
517 2393 600 2444 inest.
636 2392 681 2444 Ad
705 2411 733 2445 r.
762 2399 798 2444 et'
816 2393 869 2446 illa
896 2395 993 2460 laudat
1020 2396 1066 2448 Or.
1094 2407 1221 2468 quatuor

60 2481 235 2540 ³11051000s‚
256 2470 357 2540 quibus
382 2472 408 2519 et
425 2464 545 2534 ponitur
582 2480 615 2516 ro
634 2462 721 2516 etiam
743 2461 830 2531 (quod
846 2465 1020 2534 plerumque
1038 2484 1054 2518 a
1072 2467 1221 2524 Ciceronis

61 2569 142 2606 more
160 2550 315 2604 abhorrere
334 2533 470 2599 dicitur):
490 2532 543 2585 111.
561 2481 589 2588 d.
605 2537 649 2588 63.
668 2533 762 2600 itaque
777 2531 1034 2588 etAeacdinesetc.
1057 2535 1124 2600 [nisi
1143 2540 1220 2592 forte

61 2623 112 2675 hic
130 2624 210 2676 locus
229 2617 264 2668 iis
283 2606 508 2664 adnumerandus
527 2613 579 2669 est,
599 2604 633 2657 de
652 2604 754 2674 quibus
780 2604 843 2665 dixi
867 2605 901 2658 ad
919 2606 979 2658 cic.
1006 2606 1040 2658 de
1058 2609 1128 2677 Rep.
1148 2608 1171 2659 1.
1191 2613 1217 2664 a

10 2724 15 2728 -
61 2713 91 2764 p,
113 2699 154 2749 16,
173 2713 201 2763 p,
222 2684 294 2749 609]
320 2683 366 2733 lV.
386 2677 409 2744 §-
429 2678 476 2731 73:
502 2675 590 2744 prode
616 2681 644 2728 et
660 2675 717 2740 itte,
746 2674 780 2726 ad
804 2674 835 2740 Q.
855 2676 904 2727 Fr.
925 2678 947 2728 1.
970 2681 993 2730 1.
1016 2680 1056 2731 10.
1084 2679 1169 2730 simul
1192 2684 1220 2731 et

62 2765 138 2818 illud
157 2763 230 2816 Asia
250 2753 368 2823 cogitet.
388 2748 425 2799 ib.
447 2749 488 2802 12.
509 2745 597 2797 rimu!
613 2751 639 2798 et
656 2746 727 2798 illud
736 2745 846 2813 cogita:
867 2747 974 2798 excitat
992 2748 1068 2800 idem
1083 2747 1221 2803 FAWol-
1325 2764 1330 2770 ’

61 2837 135 2887 fiam
153 2835 187 2887 ad
205 2833 252 2885 Ν,
272 2827 293 2890 §-
313 2826 338 2878 8.
358 2820 410 2892 qui
428 2818 460 2868 in
478 2816 656 2869 brevioribus
673 2817 846 2886 plerumque
866 2817 1000 2869 formulis
1024 2818 1063 2883 (et
1080 2817 1160 2885 miti,
1176 2827 1220 2873 'et

61 2907 114 2960 itte
132 2914 160 2958 et
183 2894 334 2957 similibus)
362 2895 389 2943 el
416 2889 457 2940 ita
486 2884 561 2957 apud
582 2886 752 2939 Ciceronem
778 2886 840 2960 legi
863 2888 1020 2941 contendit.
1059 2890 1138 2956 Quod
1164 2891 1220 2944 duo

63 2979 135 3032 Oxx.
156 2974 293 3045 pessimae
311 2970 394 3014 notae
411 2958 441 3008 h.
461 2957 482 3007 l.
511 2962 537 3008 et
559 2957 708 3020 omittunt,
736 2956 813 3008 nihil
840 2959 1007 3011 curandum
1025 2970 1075 3013 est.
1092 2996 1095 2999 Δ
1113 2961 1158 3014 De
1187 2979 1221 3014 ea

62 3064 96 3099 re
115 3047 173 3097 iam
191 3040 315 3094 sufficiat
340 3028 466 3082 laudasse
484 3026 662 3078 Creurerum
687 3025 722 3078 ad
740 3028 799 3081 cic.
819 3027 853 3080 de
872 3030 908 3081 N.
928 3030 962 3081 D.
988 3031 1010 3082 1.
1038 3034 1082 3086 39.
1107 3051 1135 3103 p.
1158 3036 1218 3087 179.

61 3118 107 3171 ed.
128 3117 174 3168 Gr.
196 3120 224 3165 et
243 3115 330 3160 nostr.
350 3097 434 3162 mai.;
454 3111 504 3148 nos
521 3096 556 3148 ad
574 3097 634 3149 Cic.
655 3097 689 3150 de
707 3099 743 3150 N.
764 3098 840 3149 1).1.
861 3101 886 3152 5.
908 3101 950 3154 12.
970 3119 998 3167 p.
1021 3103 1063 3155 12.
1084 3103 1127 3154 e'd.
1147 3104 1218 3152 min.

61 3187 185 3242 Weber.
212 3167 492 3248 libungsschulo
515 3165 542 3216 d·
570 3166 644 3247 L³.t'
669 3166 761 3219 Stils
787 3185 816 3236 p·
839 3171 883 3222 12.
914 3170 1006 3220 Beier.
1036 3172 1068 3221 in
1099 3188 1220 3223 censura

61 3259 141 3328 Lips.
163 3255 240 3310 1825.
263 3250 321 3304 122.
340 3261 369 3313 p·
391 3241 467 3294 111111.
488 3244 518 3319 et
536 3235 571 3289 ad
589 3235 647 3289 cio.
675 3253 729 3306 pro
747 3235 853 3289 Scauro
871 3255 899 3306 p.
922 3241 981 3293 195.
1015 3240 1156 3293 Goerenz.
1185 3240 1219 3291 ad

62 3329 123 3381 Cic.
144 3328 179 3380 de
198 3325 282 3376 Finn.
302 3319 324 3370 l.
347 3314 388 3368 12Ι
407 3312 450 3364 41).
469 3308 562 3360 Beier.
583 3307 614 3357 in
631 3306 731 3359 Jahnii
751 3305 864 3359 Annall.
887 3310 963 3363 1827.
984 3310 1006 3361 l.
1028 3313 1053 3364 3.
1074 3329 1102 3382 p.
1123 3313 1158 3365 24
1175 3329 1218 3380 sq.
1240 3301 1243 3308 ⁸

63 3399 161 3451 Jacob.
195 3396 226 3446 in
249 3390 326 3514 Allp.
353 3381 504 3454 Schulztg.
531 3379 608 3432 18²8.
635 3379 672 3434 11.
699 3381 758 3431 1111.
786 3395 813 3447 p.
835 3380 885 3432 1118
909 3397 951 3448 sq.
981 3381 1076 3433 Klotz.
1106 3381 1217 3447 Quaest.

61 3470 142 3524 Tull.
184 3508 189 3518 .
211 3469 227 3520 'l
239 3467 296 3516 —l

63 3541 140 3593 adl.
161 3486 196 3593 db
213 3554 243 3605 p.
262 3533 323 3588 264.
343 3529 473 3592 itemque
502 3519 539 3572 11).
559 3519 594 3571 ad
612 3518 635 3570 Ῑ·
656 3521 698 3574 2⁰·
722 3536 751 3587 P·
774 3522 832 3574 1⁰3·
852 3520 874 3570 l·
895 3522 938 3576 55·
961 3525 1071 3592 12:275.
1097 3524 1131 3576 ad
1156 3524 1216 3576 Cic.

65 3611 100 3662 de
118 3611 189 3662 Fato
208 3611 233 3662 3.
253 3623 281 3674 p.
302 3601 362 3656 574.
384 3596 415 3648 0.
436 3595 472 3645 M.
493 3589 602 3643 llliiller
613 3590 653 3642 de
672 3590 708 3640 Vi
727 3599 756 3642 et
774 3591 834 3642 Usu
852 3593 950 3643 rerbb.
969 3596 1045 3645 Latt.
1064 3613 1093 3664 p.
1110 3597 1137 3649 9.
1162 3593 1219 3646 Sed

63 3680 221 3733 laudandus
240 3676 330 3727 instar
348 3665 492 3727 omnimn5
506 3661 556 3731 qui
575 3660 611 3716 de
634 3677 667 3712 ea
681 3677 712 3713 re
728 3669 859 3713 accurate
872 3665 1030 3733 praecepit,
1051 3681 1104 3717 nec
1123 3665 1216 3716 nostri

63 3752 122 3804 loci
141 3750 256 3810 oblitus,
276 3745 342 3798 otto
362 3740 394 3790 in
411 3736 532 3788 Excurs.
551 3731 586 3783 ad
604 3731 664 3788 Cic.
684 3731 718 3783 de
736 3731 823 3784 llinn.
842 3750 872 3801 p.
891 3735 952 3788 381.
990 3734 1050 3787 Mr.

138 3837 198 3902 Ego
220 3849 302 3903 quum
323 3823 436 3898 gedud}
468 3822 519 3875 His
545 3821 641 3873 verbis
667 3820 697 3871 in
720 3820 786 3873 Cod.
812 3821 901 3874 Marb.
923 3823 1153 3895 superscriptum
1177 3834 1219 3878 est

64 3925 89 3964 r.
110 3906 262 3960 thalamun.
301 3895 493 3966 „Mor-umor
515 3890 621 3943 babent
643 3891 757 3961 Gryph.
786 3890 877 3944 vict:
913 3895 1083 3948 ewriturum
1108 3898 1217 3949 Manut.

63 3978 161 4034 harnb.
191 3975 243 4028 alii
266 3973 329 4025 fere
355 3969 437 4042 vulg.
464 3961 594 4025 omnes.“
612 3961 695 4013 Brut.
732 3961 919 4028 „Morituros
940 3966 1038 4035 recepi
1057 3983 1124 4017 cum
1142 3967 1218 4019 Vict.

64 4061 152 4119 quam
174 4044 260 4098 babet
281 4039 438 4093 lectionem
466 4042 495 4087 et
517 4041 600 4086 retus
619 4033 687 4087 God.
703 4041 835 4103 ¹quatuor
853 4034 925 4086 Pall.
950 4036 1012 4088 Vat.
1032 4036 1115 4089 Febr.
1141 4037 1217 4089 Pith.

63 4120 159 4194 Vulgo
178 4134 246 4169 cum
264 4111 365 4182 quinto
383 4107 441 4160 Pal.
461 4101 665 4158 moriturum.“
699 4102 781 4157 Getta.
1140 4101 1146 4113 ’

139 4205 316 4262 Moriturum
341 4193 424 4261 retu]
464 4195 509 4246 Vu
542 4208 559 4245 o
586 4189 756 4258 morderem
784 4208 838 4268 ego
856 4210 925 4248 vero
951 4193 1108 4250 lectionem
1133 4211 1220 4264 quam

63 4276 248 4358 suppeditant
269 4272 328 4325 Pal.
356 4266 450 4350 quint.
475 4266 503 4316 Μ
540 4261 680 4345 ..11311101
700 4264 769 4316 Bak.
794 4271 824 4316 et
842 4273 955 4321 veteres
973 4266 1056 4320 editt.
1075 4265 1219 4347 recipien-

64 4347 130 4400 dam
147 4360 262 4408 censum
281 4358 345 4406 nec,
364 4356 422 4391 n1s1
439 4335 536 4400 fallor,
556 4341 712 4387 immerito.
751 4336 825 4388 Nam
843 4337 919 4408 quod
936 4345 1016 4408 patet
1041 4353 1076 4388 ex
1098 4336 1218 4387 huiusce

63 4417 134 4471 libri
151 4434 212 4488 cap.
231 4414 274 4472 24.
294 4412 367 4467 haec
384 4407 517 4479 loquitur
533 4401 663 4472 Telamo,
687 4406 738 4476 qui
761 4406 967 4479 mesquitam
991 4407 1077 4474 filios,
1101 4405 1220 4460 Aiacem

317 3498 323 3510 .
343 3474 372 3526 p.
395 3451 558 3513 loe-1093
578 3465 629 3501 uos
647 3448 682 3500 ad
700 3449 759 3501 Cic.
780 3448 814 3501 de
832 3448 896 3500 Div.
917 3451 940 3502 l.
961 3453 1004 3506 ιε,
1024 3471 1052 3521 Ρ,
1074 3457 1107 3509 91
1127 3471 1168 3521 sq·
1189 3461 1218 3507 et
1300 3469 1305 3473 .
