2842 5070
195 311 259 376 ³12
392 305 624 372 CICERONIS
645 304 890 374 TUSCULAN.
913 307 1143 372 DISPUTAT.

196 477 384 536 inveterata
406 493 473 536 non
488 483 650 554 *possuntt
682 475 778 556 eique
810 475 930 537 morbo
962 493 1081 536 nomen
1112 482 1162 536 est
1190 475 1352 538 avaritia.

132 565 174 617 25·
194 556 422 637 Similiterque
443 559 549 618 ceteri
569 557 698 621 morbi:
730 566 769 618 ut
788 558 915 638 gloriae
936 559 1107 635 cupiditas,
1139 568 1179 619 ut
1204 559 1354 621 muliero-

195 641 292 717 sitas,
312 646 351 699 ut
370 640 419 701 ita
440 640 602 720 appellem
624 660 707 717 eam,
734 660 817 722 quae
839 640 965 703 Graece
988 635 1182 724 φιλογύνεια
1203 639 1354 715 dicitur5

196 723 368 803 ceterique
388 723 547 784 similiter
566 725 676 784 morbi
697 725 1006 806 aegrotationesque
1028 730 1221 785 nascuntur.
1259 724 1356 788 Quae

197 905 262 961 loco
286 902 471 958 scribendum
497 911 571 957 esset
598 904 689 970 euelli,
716 903 775 956 nisi
801 919 965 974 pronomen
990 901 1048 955 eibi
1070 913 1259 978 repugnaret.
1308 905 1355 959 lta

196 975 337 1030 dicuntur
354 977 510 1027 inueterata
526 974 603 1027 male
621 991 674 1027 nen
690 990 770 1044 pesse
789 974 882 1026 auelli.
903 975 939 1025 ln
958 973 1094 1043 Appuleii
1114 977 1180 1027 Met.
1200 974 1224 1027 1.
1246 994 1274 1047 p.
1288 981 1353 1040 lto,

195 1049 240 1105 24.
259 1044 397 1100 Elmcuh.
427 1043 499 1098 nibil
525 1062 588 1110 neu,
615 1051 643 1098 et
668 1045 795 1114 iugulum
818 1045 911 1113 ipsum
937 1045 1024 1109 delui,
1051 1051 1076 1096 el
1094 1062 1143 1097 cer
1166 1046 1258 1113 ipsum
1281 1045 1357 1100 milti

195 1116 309 1170 nuelli
336 1117 443 1185 putaui.
486 1114 600 1170 Tollius
625 1117 761 1186 probavit
790 1115 949 1169 lectionem
987 1115 1093 1169 codicis
1126 1115 1223 1172 Bemb.
1261 1119 1354 1173 euelli.

194 1176 338 1253 Equidem
357 1203 415 1238 non
434 1186 568 1255 sequar.“
602 1187 662 1242 Mr.
867 1191 871 1197 '
974 1198 977 1203 ·

144 1262 150 1276 ¹
266 1255 426 1327 essislitque
444 1258 556 1311 merlus
572 1257 641 1324 etc]
677 1256 711 1309 In
731 1256 800 1310 cna
825 1256 909 1309 vind.
931 1261 954 1310 l.
981 1264 1042 1310 est:
1081 1257 1226 1328 existitque
1256 1260 1356 1312 illud

194 1329 343 1381 malum:
374 1328 886 1397 quimcrbueuegretutieque
912 1326 1066 1389 dicitur,
1096 1345 1165 1397 quae
1193 1330 1354 1383 ucellietc.

105 1454 108 1458 A
196 1398 324 1464 Quatuor
342 1399 412 1452 Oxx.
432 1399 544 1452 exsistit
563 1400 622 1468 qui
639 1400 757 1464 morbus,
786 1405 814 1451 et
838 1399 879 1450 ita
896 1398 964 1474 Reg.
992 1398 1068 1450 Gud¹
1089 1403 1112 1452 l.
1131 1402 1158 1452 t.
1198 1399 1233 1450 ln
1251 1397 1362 1457 Duisb.-

195 1467 278 1523 deest
296 1476 323 1522 et
341 1477 406 1540 post
424 1470 542 1525 merlus.
569 1471 603 1522 ln
622 1471 697 1525 Mon.
717 1465 938 1525 Uestinorum
957 1475 983 1520 et
1001 1471 1191 1536 cegitatio.
1230 1469 1354 1524 Servavi

195 1537 313 1611 quidem
332 1540 364 1591 in
379 1547 463 1602 'tanto
482 1541 624 1593 librorum
644 1557 783 1593 consensu
802 1539 901 1591 avelli:
924 1536 979 1591 ne'c
1002 1547 1101 1592 tamen
1126 1538 1265 1606 diffiteor,
1292 1558 1354 1596 non

218 1610 283 1663 lanc
303 1610 469 1664 satisfacere
487 1609 561 1663 mihi
581 1611 640 1664 eius
665 1610 834 1680 scriptionis
862 1610 1070 1663 defensionem.
1109 1611 1189 1677 Quod
1212 1614 1291 1664 enim
1318 1629 1355 1665 ex

194 1627 829 1821 lectustemmata
847 1698 921 1804 aa
940 1680 1027 1803 ta
1044 1682 1356 1807 eamus

401 1774 411 1806 1
553 1792 558 1803 .
845 1773 855 1804 1
964 1790 970 1801 .
1149 1791 1155 1804 .
1201 1792 1207 1806 .
1270 1772 1277 1805 ε
1314 1772 1323 1806 ι

196 1823 308 1876 euelli
333 1822 408 1874 iubet
434 1823 580 1890 spiculum,
618 1840 671 1876 nec
696 1821 754 1874 hoc
778 1823 865 1891 plane
892 1769 961 1874 culi)
982 1831 1082 1876 nostro
1112 1823 1177 1876 loco
1204 1824 1352 1876 convenitss

196 1894 326 1947 Auellere
345 1893 423 1946 enim
442 1895 553 1947 dicitur
570 1894 619 1947 vel
638 1894 671 1945 ub
691 1894 786 1962 aliquo
805 1894 854 1946 vel
872 1895 906 1945 ab
926 1894 1020 1962 alique
1038 1911 1069 1946 re
1087 1895 1134 1948 vel
1153 1909 1171 1944 u
1190 1897 1258 1958 loce,
1277 1895 1354 1949 item

195 1982 263 2019 cum
283 1965 379 2018 dativo
399 1981 475 2030 casu,
494 1973 528 2017 ut
542 1965 599 2018 illc
619 1966 682 2034 ipso
702 1965 766 2016 loco
786 1965 842 2018 eibi
860 1965 952 2018 euelli.
971 1964 1120 2040 ‚Iungitur
1138 1965 1208 2017 item
1227 1981 1295 2016 cum
1317 1966 1355 2016 de

195 2042 226 2090 et
244 2053 285 2088 er.
324 2034 381 2088 Sed
404 2037 446 2087 ita
469 2036 601 2089 absolute
625 2053 641 2087 a
664 2034 806 2087 Cicerone
832 2037 960 2104 positum
988 2036 1041 2086 vix
1064 2035 1159 2089 credo.
1201 2034 1355 2087 Accedunt

195 2106 265 2170 leci,
285 2123 357 2176 quos
377 2125 412 2160 ex
431 2109 455 2160 ο.
477 2109 518 2161 14.
540 2115 568 2160 et
581 2104 635 2161 'to
663 2107 764 2158 attulit
780 2105 899 2175 ¹Wopls⁸
926 2107 1009 2158 euius
1034 2107 1189 2158 sententiae
1207 2108 1353 2158 accedunt

194 2176 288 2231 nauh.
309 2176 410 2233 FAW.
440 2177 524 2230 Schz.
554 2177 650 2229 Kiihn.
676 2177 744 2228 llill.
772 2185 1004 2247 receperuntque
1022 2177 1073 2233 W.
1099 2174 1162 2228 Sch.
1196 2175 1241 2227 Or.
1270 2173 1350 2226 Tbn.

196 2249 417 2303 Correctiunem
428 2247 627 2301 Bentleianam
645 2248 745 2314 pessit,
765 2249 798 2299 ab
817 2247 958 2317 ipscDav.
980 2249 1011 2298 in
1029 2247 1082 2300 Ed.
1091 2250 1116 2302 3.
1135 2247 1284 2311 reiectam,
1305 2246 1356 2296 ni-

122 2356 134 2363 ,
194 2319 252 2373 mis
272 2319 377 2386 cupide
395 2327 540 2389 arreptam
560 2337 620 2372 esse
639 2320 672 2369 ab
690 2319 824 2384 Ernesto,
844 2327 937 2382 nemu,
958 2320 1072 2388 opinor,
1091 2335 1148 2371 non
1165 2317 1254 2371 videt.
1290 2317 1355 2367 Mr.

266 2391 343 2455 eique
368 2390 460 2442 morte
477 2406 585 2443 ¹nomen
611 2396 652 2442 est
678 2391 812 2445 auaritia.
849 2390 894 2442 Ad
911 2389 1101 2442 sententiam
1122 2389 1198 2440 cuni.
1231 2385 1354 2439 Sallust.

196 2458 283 2512 catil.
302 2459 351 2524 Xl,
372 2464 473 2534 Ι1-4.
503 2460 550 2512 cui
575 2461 672 2512 locum
697 2477 812 2530 quoque
831 2469 964 2512 nostrum
991 2459 1123 2512 adhibuit
1143 2459 1271 2511 Curtius.
1310 2458 1356 2510 Ad

139 2523 147 2540 '
188 2537 375 2584 ,structuram
393 2531 452 2587 vid.
473 2533 509 2583 Μ.
529 2531 693 2583 Hoffmann.
713 2534 744 2583 in
764 2530 864 2598 Jahnii
885 2531 999 2583 Annali.
1019 2529 1137 2583 Philcll.
1165 2537 1194 2582 et
1213 2529 1355 2604 Paedagg.

196 2604 275 2659 1828.
301 2600 340 2653 ll.
369 2606 394 2656 l.
414 2619 442 2672 p.
464 2605 516 2656 1ss
543 2604 643 2677 Pergit
663 2601 840 2668 Codllehd
868 2603 1003 2654 simililer
1021 2601 1127 2655 omisso
1147 2618 1206 2669 que,
1230 2599 1305 2652 Gud.
1328 2607 1353 2654 t.

195 2672 334 2726 similiter
351 2688 449 2740 quae,
479 2672 554 2725 Gud.
565 2676 599 2728 2.
625 2672 811 2740 similiterque
829 2678 854 2724 et
872 2681 927 2726 cet.
948 2672 1033 2725 llll'arb.
1053 2672 1238 2740 similiterque
1255 2677 1292 2723 ut
1312 2687 1357 2722 ee-

196 2744 369 2808 terimorbi,
389 2751 419 2795 ul
436 2744 577 2812 gloria,
592 2744 745 2809 ¹tumuitus.
767 2744 885 2810 Gud22.
905 2744 1018 2810 gloriae
1043 2749 1069 2811 et
1086 2743 1234 2812 cupiditas.
1264 2740 1357 2794 Addi-

195 2821 247 2866 tur
265 2814 342 2866 illud
359 2821 389 2866 ut
407 2817 493 2868 etiam
523 2816 554 2866 in
581 2832 638 2866 uno
657 2815 707 2865 Ox,
744 2817 852 2867 Vocem
879 2813 1068 2867 naulie'rus‘ites
1085 2813 1116 2864 in
1132 2812 1202 2866 'aliis
1229 2812 1262 2865 ab
1289 2815 1355 2883 ipso

196 2883 337 2938 Cicerone
355 2886 488 2937 formatis
507 2889 601 2952 refert
619 2885 720 2938 Sosius
748 2887 779 2937 in
798 2887 881 2937 bima
901 2886 1089 2940 Ciceroniana
1106 2901 1134 2952 p.
1155 2887 1190 2939 69
1209 2902 1251 2952 sq,
1291 2914 1295 2920 ·

154 2952 157 2958 ’
210 3002 213 3007 .
267 2954 461 3024 Similiterque
486 2957 572 3008 celeri
594 2956 686 3009 morbi
704 2989 736 2998 -
757 2959 895 3026 celerique¹
918 2953 1054 3010 similiter
1076 2955 1195 3022 morbiJ'
1216 2955 1258 3006 Ut
1286 2962 1355 3025 post

197 3026 371 3094 interposita
397 3042 487 3096 pauca
512 3027 598 3080 verba
622 3044 707 3080 voces
735 3027 850 3080 eaedem
875 3027 1059 3079 vel-similes
1081 3033 1263 3096 repetantur,
1293 3040 1355 3076 non

149 3120 152 3132 ¹
196 3103 241 3151 est
258 3113 376 3149 novum.
414 3097 548 3172 Agellius
567 3098 656 3162 XVll,
675 3101 718 3162 20.
754 3097 848 3150 Verba
867 3099 919 3150 illa
937 3094 1196 3165 Pauluaieesinter
1219 3097 1357 3149 coeruleus

196 3170 321 3221 umorem
338 3166 398 3220 uice
415 3184 467 3221 eun
486 3170 637 3232 laudantis,
658 3176 689 3221 ea
707 3169 794 3222 verba
812 3171 854 3223 ite
868 3184 1003 3238 praesum
1020 3169 1173 3221 amavimus
1191 3175 1246 3221 etc.
1279 3167 1355 3220 Vide

198 3240 238 3294 eis
258 3246 287 3292 et
306 3237 433 3291 Plinium
454 3240 503 3292 lib.
523 3240 602 3292 Vlll.
621 3239 714 3309 Epist.
737 3244 763 3296 6.
802 3239 838 3291 D.
1086 3257 1088 3262 ·

86 3320 89 3327 ’
200 3320 205 3377 ζ
271 3309 535 3379 Utile-appellem,
564 3329 595 3364 ea
620 3311 699 3380 quae]
735 3311 792 3363 Vul
814 3310 992 3379 n'uppellem
1015 3329 1087 3374 earn,
1117 3326 1197 3380 quae.
1234 3309 1355 3363 Lectic-

196 3398 274 3444 nem‚
293 3398 380 3449 quam
398 3383 538 3447 dedimus,
558 3381 696 3435 exhibent
713 3330 950 3456 Reglithoean.
971 3389 1000 3434 et
1018 3381 1133 3435 Balliol.
1171 3381 1206 3433 D.

199 3463 203 3470 ·
266 3457 297 3502 ut
324 3450 368 3502 ite
400 3452 651 3520 appellem-eum,
682 3453 890 3519 quaeGreeee
913 3452 1122 3520 qelcyc'veeu
1148 3450 1271 3518 dicitur]
1316 3449 1355 3503 Ul

197 3521 310 3584 ornittit
328 3540 402 3575 unus
421 3523 484 3585 Ox„
495 3524 576 3607 plius
596 3524 687 3594 dicum
706 3541 760 3593 pro
779 3526 928 3592 appellem:
952 3524 1030 3592 quod
1054 3525 1172 3576 videtur
1199 3540 1260 3575 esse
1274 3537 1356 3578 ,cur-

192 3593 332 3658 rectoris,
352 3596 403 3664 qui
420 3597 544 3649 fortasse
563 3596 593 3648 in
613 3611 691 3665 seqq.
706 3595 828 3668 ¹legeret
845 3611 912 3647 cum
930 3595 1082 3646 nonnullis
1107 3609 1140 3646 ee
1169 3609 1246 3662 pree,
1275 3590 1355 3661 quod

198 3668 274 3719 'stare
297 3681 355 3728 non
379 3682 464 3735 posse
487 3666 619 3732 videret,-
639 3667 663 3718 si
682 3668 841 3736 'scriptum‘
857 3666 1081 3732 esset‘eppe'llem
1107 3667 1169 3718 sine
1188 3663 1355 3716 accusativo

197 3735 327 3803 obiecti„
350 3736 518 3790 Correctori
536 3738 608 3792 item
626 3735 742 3796 tribuo,
761 3733 837 3807 qu'od
857 3734 959 3790 estin
975 3736 1060 3788 Vinii.
1082 3742 1106 3792 l.
1134 3737 1146 3787 i
1152 3735 1164 3786 1
1170 3735 1234 3786 lum
1257 3736 1355 3802 appel·

198 3810 261 3870 lem,
288 3807 516 3875 quumGrueei
538 3802 755 3878 qelcyu'mcr
781 3808 1072 3881 dictent-'‘Legitur
1099 3814 1194 3859 autem
1222 3821 1355 3871 eu-quee

198 3879 230 3931 in
253 3876 443 3952 Coddsdug:
462 3878 550 3930 Marb.
589 3877 669 3944 Quod
695 3893 766 3930 vero
792 3880 910 3932 eandem
940 3877 1102 3947 lectionem
1119 3877 1214 3950 ‘Regio
1234 3875 1356 3928 ‘tribuit

196 3949 279 4012 Dav„
300 3951 362 4002 eius
380 3945 589 4023 vestig-lumin
607 3965 670 4001 mea
689 3949 846 4003 collatione
865 3950 981 4002 nullum
999 3958 1059 4003 est:
1079 3966 1174 4017 neque
1186 3949 1281 4013 habet,
1302 3947 1355 4016 qui

198 4020 227 4075 ei
253 4020 424 4087 ceteroquin
449 4026 491 4072 est
515 4019 700 4084 simillimus,
724 4019 797 4073 Gne.
820 4026 843 4076 l.
870 4021 1013 4073 Graecam
1036 4034 1144 4077 vacem
1161 4036 1219 4072 non
1245 4017 1357 4070 habent

97 4110 101 4114 ·
198 4092 327 4165 'quinque
339 4090 416 4154 ,Oxsn
436 4091 510 4142 Mon·
530 4090 555 4145 2.
576 4089 668 4145 Ηεὶιὼ
686 4091 759 4148 Gud.
781 4090 833 4145 sed
849 4090 882 4144 hi
899 4109 991 4144 vacue
1010 4091 1114 4144 relicto
1140 4090 1243 4160 spatio,
1255 4090 1357 4142 'item-

196 4179 254 4231 que
273 4163 365 4247 stiffi
379 4163 534 4228 ,φιλογυνία
559 4170 602 4215 est
619 4162 658 4214 'in
672 4158 751 4214 qud.
774 4167 796 4216 l.
817 4166 842 4218 2.
879 4162 992 4215 Latinis
1017 4162 1114 4215 literis
1139 4161 1285 4229 exscripta
1310 4165 1357 4211 est

143 4286 145 4293 s
197 4226 231 4297 fen
248 4231 432 4301 vox-ruffi.
453 4232 535 4284 Junt.
553 4231 606 4285 Ed.
627 4233 656 4285 P.
676 4232 763 4298 habet
788 4233 973 4300 eloysam:
994 4231 1138 4296 elltt'm’liu,
1163 4234 1234 4285 Ven.
1260 4238 1355 4282 nostr.

199 4301 346 4367 utlialli03
375 4300 444 4355 cod.
462 4302 556 4369 blech.
585 4303 732 4357 ‘bieotiuia
756 4305 787 4357 in
814 4321 871 4375 qun
896 4305 1028 4378 agnoscis
1047 4302 1218 4378 religiosam
1243 4301 1357 4371 stupidi

198 4371 329 4427 bominis
348 4373 541 4427 sedulitatem.
569 4374 636 4428 cot.
658 4375 732 4428 oua.
753 4376 865 4429 omittit
883 4375 995 4429 dicitur.
1033 4376 1094 4428 Mr.

268 4442 555 4518 ceteriqui’eimiliter
572 4446 672 4514 morbi]
689 4443 777 4501 Dedit
793 4444 865 4501 Dav.
884 4446 917 4501 in
935 4445 989 4502 Ed.
1008 4448 1034 4502 2.
1054 4462 1089 4498 ex
1108 4443 1251 4498 sententie
1265 4434 1359 4497 Brint-
