2842 5070
502 309 653 420 'LIBER
673 309 732 385 111,
762 310 812 374 u.
841 346 846 355 ·
1206 308 1248 378 75

99 477 193 539 boui:
214 478 332 548 altera,
354 472 521 556 cupiditas
542 482 634 537 recte
656 475 707 538 vel
729 471 834 535 libido
855 471 924 534 dici
945 481 1067 556 potest,
1095 487 1250 558 quaeest

99 671 134 715 ut
159 663 307 733 voluptati
336 661 489 736 gaudium,
523 659 676 731 cupiditati
708 660 906 731 voluptatem,
935 661 1028 714 metui
1055 662 1250 718 cautionem.“

99 735 206 789 comm.
227 733 364 802 Anonym.
383 749 427 802 ap.
446 731 531 786 uest.
550 749 566 784 a
586 731 636 798 Qu.
658 763 692 773 —
710 732 765 784 Pro
784 731 905 785 alicuius
922 731 987 785 doas'
1001 731 1070 786 cod.
1090 731 1180 789 Rehd.
1198 732 1251 788 lu·

98 803 149 857 bet
166 803 232 857 doni
250 803 379 860 alicuius.
416 804 482 855 Post
499 801 571 854 haec
589 801 677 856 verba
694 802 775 856 addit
791 804 868 855 Mon.
889 808 914 858 l.
942 802 1050 858 ratioet
1073 819 1126 857 uon
1151 805 1251 858 usm-

97 875 338 998 pprpos.MVs1-ba
371 876 465 927 attero
499 889 590 942 usque
619 870 655 925 ad
682 888 737 927 non
764 873 957 941 obtemperans
984 873 1090 928 desunt
1114 873 1148 926 in
1179 873 1250 928 God.

131 964 178 996 u.
250 962 274 997 r.

173 1016 264 1069 altero
281 1015 326 1068 ost
341 1013 483 1083 cupiditas
500 1019 586 1080 recte,
606 1016 650 1068 oet
667 1012 754 1068 libido
773 1011 833 1068 dici
848 1013 971 1084 potsstzj
1001 1011 1099 1081 „cos
1118 1015 1145 1069 G
1203 1012 1250 1072 lu:

102 1086 192 1138 suero
217 1084 369 1153 cupiditas,
401 1100 468 1152 quae
496 1091 569 1137 recte
596 1084 640 1138 vet
666 1083 754 1138 libido
788 1083 848 1139 dici
875 1085 999 1153 potest.“
1022 1086 1107 1138 Brut.
1146 1032 1251 1152 Lydum
1344 1088 1346 1093 ’

101 1154 213 1226 Grypls.
238 1157 351 1209 faciunt
375 1156 505 1227 quinque
531 1154 602 1208 Pau.
629 1155 720 1215 Vatic.
750 1162 780 1209 et
804 1155 937 1228 victorfl
965 1154 1046 1211 Getta.
1092 1155 1251 1240 „Uterque
1335 1160 1338 1166 ’

98 1229 205 1282 Manut.
225 1227 354 1280 Lambin.
376 1227 474 1280 etalii
493 1225 657 1298 complures
675 1225 765 1281 altero
783 1226 829 1279 cel
845 1226 986 1294 cupiditas
1004 1233 1086 1291 recte,
1106 1228 1251 1293 sellidsdo

99 1297 158 1351 dici
174 1303 277 1366 potests
305 1306 335 1351 at
353 1296 472 1350 Codices
498 1306 558 1350 tam
586 1315 673 1349 mauu
701 1297 822 1363 exarati,
846 1315 931 1366 quam
956 1299 1037 1369 typis
1060 1298 1131 1351 olim
1150 1299 1250 1352 excusi

100 1385 171 1492 tit
186 1365 1251 1509 31¹:th‘itt‘tttztttzt{tratttttstttt‘ttt’..2233..¹35

99 1509 189 1563 libido
208 1510 268 1563 dici
281 1514 379 1578 potest.
418 1509 572 1579 Utcunque
589 1518 649 1573 est;
669 1510 844 1562 monendum
864 1511 896 1561 in
920 1512 1048 1579 quinque
1066 1510 1136 1562 Pall.
1162 1517 1249 1580 atque

97 1580 151 1632 Ed.
169 1581 240 1633 Vsu.
263 1584 339 1636 1491.
365 1580 476 1633 Erasm.
504 1579 603 1650 Steph.
628 1587 696 1650 post
720 1583 912 1648 obtemperans
936 1579 1022 1634 hasce
1049 1596 1135 1634 voces
1159 1581 1249 1635 adiici

99 1667 170 1720 quoe
187 1651 232 1704 vel
249 1651 392 1720 cupiditas
412 1657 486 1706 recte
504 1651 549 1703 vet
565 1651 652 1704 libido
671 1650 731 1705 dict
745 1657 851 1720 potest:
877 1651 909 1703 in
928 1651 1059 1706 Petrensi
1085 1667 1155 1704 vsro
1178 1666 1248 1720 pro·

97 1738 204 1774 nomen
227 1739 285 1773 non
308 1729 465 1791 comparet.
502 1722 595 1773 Nemo
620 1736 679 1772 non
703 1721 784 1774 videt
806 1739 851 1774 eas
879 1739 939 1776 esse
965 1738 1190 1791 supervacaneas
1218 1727 1248 1776 et

98 1791 284 1865 expmargine
303 1793 466 1843 intextum
491 1791 658 1859 irrepsisse:
691 1791 749 1842 nisi
773 1793 872 1844 forsan
895 1792 994 1861 priora
1017 1791 1070 1843 illa
1094 1793 1248 1859 cupiditas,

99 1877 171 1931 quoe
189 1869 265 1915 recte
283 1862 327 1914 vet
344 1860 432 1914 libido
450 1861 623 1929 dicipulus,
644 1859 674 1911 in
692 1859 768 1912 hanc
786 1862 978 1931 suspicionem
998 1863 1141 1914 venirent.
1167 1861 1247 1929 Quod
1344 1921 1348 1928 p

97 1934 123 1987 si
140 1933 242 1998 fuerit,
262 1933 304 1985 ita
322 1930 540 1986 constituendus
560 1937 603 1983 cst
621 1929 717 1982 locus:
737 1931 829 1983 altera
849 1930 920 1996 [vid.
940 1949 1005 1984 anu.
1025 1931 1095 1986 Dav.
1125 1947 1183 2001 seq.
1212 1950 1248 1986 ex

97 2001 140 2056 ed.
160 2003 201 2068 3.]
221 2004 299 2055 etc.“
322 2003 394 2056 Das.
418 2002 450 2055 ἐκ
476 2003 528 2058 Ed.
551 2000 575 2052 s.
614 1999 722 2053 Contra
745 2000 931 2054 Davisianam
954 2001 1150 2054 coniecturam
1175 2001 1248 2054 ulti·

96 2092 172 2129 mam
190 2073 389 2142 Wopkensius
414 2073 434 2128 1.
455 2091 481 2126 c.
508 2090 537 2143 p.
557 2072 617 2126 293.
642 2071 746 2141 probat
772 2072 922 2146 vulgatam
948 2072 1138 2140 scripturam:
1163 2071 1247 2142 eiquo
1328 2120 1333 2127 .

96 2145 217 2199 assentit
237 2145 367 2201 Haudius
386 2144 493 2208 dicens,
522 2143 610 2196 verba
636 2157 707 2210 quoe
724 2146 801 2196 recte
819 2144 862 2196 oet
886 2142 975 2196 libido
994 2141 1054 2196 dici
1069 2147 1169 2210 potest,
1197 2159 1248 2214 pa·

98 2215 228 2269 renthesi
252 2215 364 2268 includi
393 2213 546 2279 [nimirum
564 2229 601 2264 ns
627 2211 698 2265 duae
721 2213 937 2282 propositiones
962 2212 996 2265 ab
1021 2212 1123 2266 eodem
1141 2227 1259 2283 prono--

97 2287 177 2340 mine
195 2286 318 2340 relativo
337 2286 520 2355 incipientes,
539 2300 599 2338 sese
618 2284 786 2352 excipiant]
824 2287 884 2341 Mr.

167 2357 267 2411 Altera
285 2355 439 2425 cupiditas,
464 2371 536 2425 quae
561 2362 641 2407 recte
664 2354 713 2408 vel
736 2355 827 2408 libido
851 2355 910 2409 dici
931 2361 1038 2425 potest,
1065 2370 1136 2427 quos
1153 2361 1195 2407 est
1214 2381 1247 2393 -

41 2473 43 2477 Α
97 2444 152 2482 non
176 2427 373 2495 obtemperans.
411 2428 489 2492 Ergo
515 2424 583 2477 laec
609 2425 664 2478 duo
687 2441 794 2490 genero
814 2426 881 2491 etc]
918 2426 967 2480 Sic
992 2426 1083 2500 vulgo
1106 2425 1193 2479 daut:
1218 2433 1248 2480 st

96 2499 169 2552 Pall.
189 2499 328 2566 quinque,
347 2498 416 2581 Reg.
436 2496 583 2551 Pithoeus.
601 2495 674 2547 Med.
692 2495 804 2550 Elisus.
832 2503 900 2550 tert.
921 2498 996 2550 Petr.
1023 2504 1053 2548 et
1075 2494 1144 2548 Bak.
1165 2495 1248 2549 exhi·

96 2570 176 2632 bont,
195 2568 287 2620 attero
306 2568 459 2638 cupidstas,
479 2584 550 2637 quae
569 2573 647 2619 recte
665 2564 714 2618 vel
732 2565 822 2620 libido
842 2565 901 2619 dici
918 2573 1024 2637 potest,
1044 2581 1115 2637 qaae
1134 2572 1176 2617 est
1194 2567 1247 2619 im·

96 2640 245 2692 moderata
263 2639 396 2706 appetitio
415 2637 525 2706 opinati
541 2636 640 2704 magni
665 2635 738 2701 doni,
753 2636 871 2700 ,rationi
895 2652 950 2690 non
975 2637 1173 2704 obtemperans,
1198 2637 1247 2690 vel

97 2710 239 2779 cupiditas
262 2717 341 2763 recte
366 2710 415 2763 vel
442 2709 533 2763 libido
559 2708 619 2762 dici
642 2714 748 2778 potest.
793 2707 918 2777 Liquido
941 2702 1009 2761 san'e
1034 2714 1125 2777 patet,
1149 2723 1245 2770 voces,

97 2797 170 2851 quae
196 2788 381 2849 repetuntur,
411 2789 537 2850 utroque
562 2779 625 2833 loco
648 2795 707 2835 non
732 2795 792 2832 esse
817 2778 1035 2842 Ciceronianam
1073 2793 1163 2847 quare
1184 2777 1246 2851 logi

96 2852 195 2921 possit,
215 2853 314 2917 alteru,
335 2868 404 2921 quae
422 2857 464 2913 est
482 2851 666 2903 immoderata
692 2849 828 2917 adpetitio
853 2849 961 2916 opinati
984 2850 1081 2915 magui
1098 2848 1172 2914 doni,
1199 2862 1246 2901 ro-

96 2921 168 2977 ts'ons'
186 2937 240 2974 non
257 2923 453 2989 obtemperasse,
471 2925 516 2974 vet
533 2922 674 2988 cupiditas
693 2926 767 2972 recte
789 2921 834 2973 oet
851 2920 942 2975 libido
961 2919 1020 2974 dici
1035 2924 1137 2988 potest.
1175 2919 1212 2971 D.

143 2992 258 3044 'attera
283 2993 425 3059 cupiditas
443 3019 477 3028 -
495 2990 699 3057 obtemperans]
745 2989 841 3055 „Dum
866 3009 880 3044 e
903 2992 978 3045 vesti
999 2991 1035 3041 iis
1054 2989 1132 3044 MSS.
1162 2990 1245 3056 bene,

96 3061 210 3129 opinor,
229 3059 307 3112 hunc
323 3063 422 3114 locum
438 3061 660 3131 transpositione
678 3060 829 3115 refinxit.“
848 3062 916 3114 lira.
945 3097 964 3125 ,‚
997 3061 1141 3144 legantem
1159 3060 1246 3113 huius

97 3130 157 3183 loci
184 3132 491 3201 repraesentationem,
521 3149 607 3200 quam
624 3130 699 3197 Dav.
728 3133 891 3212 proposuit,
905 3180 908 3193 ,
923 3133 1005 3200 Bipp.
1034 3130 1141 3181 imitati
1169 3138 1245 3182 suut.

95 3203 160 3275 Ego
177 3204 257 3265 vero,
284 3219 370 3271 quem
398 3209 500 3255 natura
521 3200 620 3270 paullo
643 3199 823 3254 timidiorem
846 3218 904 3254 esse
926 3201 1031 3262 voluit,
1062 3199 1181 3271 vulgato
1199 3199 1247 3251 ad-

94 3273 210 3337 haereo,
238 3273 283 3324 oel
306 3289 360 3344 pro
379 3271 464 3326 estam
491 3273 602 3324 dictum
619 3268 753 3339 putans.“
774 3269 886 3324 Nissen.
905 3270 1032 3323 'Davisii
1050 3269 1247 3321 coniecturam

95 3351 270 3413 receperunt
298 3344 442 3400 FAWoli.
474 3343 559 3396 Schz.
586 3340 676 3394 Nobb.
706 3341 900 3393 Manutianam
931 3340 1143 3405 coniecturam,
1174 3356 1247 3409 quse

95 3415 168 3468 item
187 3423 230 3467 est
247 3414 379 3469 Lambini
396 3415 494 3480 lectio,
514 3421 689 3482 receperunt
707 3411 782 3465 Oliv.
803 3420 832 3464 et
849 3413 922 3465 Lall.
959 3412 1018 3466 Mr-

166 3503 267 3568 oltera‚
287 3502 431 3574 cupiditas
448 3508 524 3556 recte
542 3501 587 3554 vet
603 3498 692 3555 libido
711 3499 772 3553 ds'oi
787 3505 891 3567 potest:
920 3514 991 3570 quoe
1009 3505 1053 3552 est
1072 3528 1105 3543 -
1125 3514 1181 3553 uon
1198 3500 1246 3554 od·

96 3579 261 3641 tenueram.
283 3574 362 3643 Ergo
381 3574 432 3640 -]
470 3574 518 3627 Sic
537 3572 603 3626 dedi
630 3588 696 3623 cum
714 3572 760 3624 Or.
782 3576 811 3623 et
828 3570 912 3635 Tun,
936 3571 1074 3639 probante
1098 3570 1245 3635 Retinere,

10 3663 16 3678 ·
95 3654 208 3698 servata
231 3646 389 3715 scriptione
413 3645 540 3719 vulgata,
568 3644 624 3694 nisi
644 3642 720 3712 quod
743 3657 811 3694 cum
837 3641 897 3692 illis
923 3649 989 3724 post
1006 3639 1151 3707 cupiditas
1172 3640 1245 3695 sisci

67 3768 71 3775 ,
96 3731 175 3785 quoe.
212 3716 347 3769 Ceterum
366 3734 419 3770 neo
437 3715 530 3769 nostri
548 3713 634 3767 codd.
655 3720 754 3765 carent
772 3711 1010 3780 interpolationes
1035 3712 1105 3786 Reg.
1125 3710 1199 3765 Gud.
1220 3716 1244 3768 1.
1281 3760 1283 3765 ,

95 3789 121 3842 2·
142 3786 186 3838 Au
209 3788 320 3839 .Bern.
341 3785 410 3852 [nisi
429 3787 505 3857 quod
522 3785 572 3838 hic
590 3784 677 3837 habet
694 3783 760 3837 boni
784 3782 895 3850 magni]
920 3785 996 3834 Mon.
1017 3787 1040 3838 1.
1061 3785 1086 3837 Ἃ.
1114 3781 1198 3837 Viud.
1218 3785 1244 3841 l.

95 3874 168 3909 unus
231 3857 346 3910 ‚steht
365 3858 462 3911 Duisb.
492 3856 560 3922 [nisi
579 3856 655 3926 quod
671 3855 721 3907 hic
738 3863 803 3924 post
822 3855 1013 3920 obtemperans
1037 3869 1145 3907 novum
1167 3853 1246 3936 eddit

94 3925 1071 4066 tt'tftttttttttttt·:lltttttttttttsttttt...'tt
1087 3926 1141 4047 tt.
1156 3924 1245 4048 ‘stt

95 4069 266 4122 tuntvarba
286 4084 355 4136 qssae
373 4077 415 4122 est
433 4085 522 4137 usque
541 4069 575 4120 ad
592 4069 790 4135 obtemperans.
812 4066 899 4118 Mart.
920 4066 1032 4120 omittit
1055 4065 1150 4117 omnia
1178 4057 1244 4116 inde

94 4141 128 4192 ab
147 4142 243 4193 altera
265 4154 355 4209 usque
379 4141 413 4192 ad
431 4139 529 4205 magni
554 4138 626 4191 doni.
664 4139 699 4190 ln
716 4137 770 4191 Ed.
790 4140 817 4189 P.
843 4137 971 4210 legitur:
1001 4135 1107 4202 srscrgns'v
1126 4134 1246 4188 olicus'm

95 4211 161 4264 boni
177 4211 287 4266 rationi
311 4227 365 4263 non
388 4211 592 4276 obtemperans.-
615 4209 710 4261 altera
734 4207 876 4274 cupiditas
892 4222 974 4274 puae
998 4215 1072 4260 recte
1099 4208 1141 4260 cet
1158 4203 1246 4284 libido

96 4282 155 4336 dici
169 4288 278 4350 potest,
297 4297 367 4352 quoe
385 4288 428 4336 est
447 4279 633 4334 immoderato
651 4278 788 4346 appetitio
806 4278 918 4346 opinati
936 4278 1035 4346 magni
1053 4277 1116 4332 doni
1138 4277 1244 4328 ratiost

94 4370 148 4407 nors
165 4355 368 4422 obtemperares.
389 4354 433 4406 uel
449 4350 591 4420 cupiditas
608 4355 681 4402 recte
700 4347 760 4402 dici
774 4353 874 4418 potest.
903 4348 974 4401 Edd.
1000 4348 1034 4399 Α.
1054 4350 1083 4399 Β.
1106 4346 1134 4398 S.
1158 4345 1192 4397 E.
1213 4343 1244 4395 G.

96 4425 219 4479 [oven.
241 4433 333 4482 nostr.
360 4426 438 4483 Crat.
463 4426 544 4493 lunt.
566 4424 634 4475 Asc.
656 4426 679 4476 1.
699 4423 725 4478 2.
752 4419 818 4486 [sed
843 4420 896 4472 hae
918 4418 1050 4489 -quiuque
1076 4412 1246 4471 hahentur!
