2842 5070
204 285 272 384 ilo
418 282 921 383 uonnomsruscursn,
937 306 1168 386 orsrursr.

46 562 48 565 Ι
144 486 189 542 82
209 478 353 545 tationes'
379 445 610 566 delectationis
634 485 724 546 innt.
772 483 814 545 Et
833 485 956 563 tamen,
976 479 1169 564 abmodici,
1189 489 1264 548 toto
1283 495 1361 557 cor·v

208 577 291 648 pore
311 563 473 645 curando,
493 566 651 629 minimae
670 568 770 630 etiam
790 569 891 650 parti‚·
912 570 942 628 si
959 565 1143 645 condoluit,
1163 566 1360 636 medentur}

208 759 357 824 sumptum
375 751 454 808 idem
470 750 592 806 verbum
610 752 739 818 ridetur,
766 752 853 825 Atqui
876 753 984 823 stirpes
1002 781 1033 793 -
1053 770 1147 809 mnnes
1173 743 1360 810 elidendae¹

208 828 287 889 sunt;
314 827 348 888 et,
374 823 401 876 si
423 839 535 876 necesse
553 823 617 890 erte,
643 825 769 892 singulis·
784 824 1116 894 disputationibus}
1140 835 1266 894 superest
1284 829 1359 882 enirn

101 962 103 966 μ
208 895 291 949 nobis
308 893 359 947 loc
375 894 590 947 cuicuimodi
608 899 650 977 est
667 896 788 949 otium.“
805 898 919 950 Brutus.
956 895 1132 960 „Turnebus
1152 904 1182 950 et
1198 897 1357 951 Lambinus

207 974 366 1098 iltuit,
381 966 1357 1101 trtitt?²,distitissedimittedimitte}

208 1124 285 1171 men,
315 1107 398 1160 cuius
422 1121 473 1159 nos
497 1052 593 1159 studio
621 1107 685 1175 capi
708 1108 856 1172 convenit,
886 1106 1004 1162 veritas.
1045 1108 1132 1162 Alter
1153 1106 1226 1169 ¹God.
1258 1123 1354 1164 ineunt

208 1183 371 1247 quamquam
386 1180 515 1244 plenae
533 1175 734 1244 disputationis
752 1179 970 1232 delectationen
987 1184 1057 1232 sunt.
1095 1178 1195 1232 Alter:
1223 1178 1355 1248 plenae

207 1246 414 1316 disputationis,
432 1247 626 1301 delectationis
643 1254 714 1301 sunt.
752 1249 843 1311 Licet,
862 1250 969 1319 inquit,
993 1249 1109 1319 plenam
1128 1248 1355 1320 disputationem

207 1318 324 1374 scholae
348 1318 419 1372 illae
443 1318 622 1383 contineant,
648 1318 794 1385 delectant
817 1319 912 1373 nihilo
935 1320 1041 1373 minus.
1079 1319 1127 1374 Sic
1145 1318 1196 1373 lib.
1215 1322 1249 1376 V.
1275 1319 1354 1395 [ta]
1399 1376 1402 1382 ,

205 1389 347 1444 Parumne
363 1389 505 1462 cognitum
521 1395 562 1441 est
579 1388 774 1456 superioribus
790 1391 897 1444 nostrie
915 1389 1160 1458 disputationibus,
1180 1408 1217 1444 an
1235 1391 1356 1444 delecta·

168 1527 174 1531 -
207 1460 292 1514 tionis
309 1469 335 1515 et
353 1461 409 1513 otii
426 1459 601 1513 consumendi
624 1475 710 1512 causa
728 1459 813 1515 locuti
837 1476 935 1514 sunaus
952 1460 1033 1514 -Ν
1052 1455 1158 1515 Sedete.
1195 1459 1268 1515 Nod.
1291 1461 1351 1515 cic.

207 1532 248 1584 ll.·
264 1535 311 1589 22.
334 1550 364 1602 p.
383 1534 445 1588 340.
467 1562 500 1575 -
535 1529 597 1592 „ln
615 1531 679 1583 aliis
697 1529 784 1584 Godd.
804 1531 846 1584 sic
869 1531 994 1608 legitur:
1025 1550 1049 1601 q.
1072 1532 1203 1600 plenae
1227 1532 1355 1602 disputa·

206 1604 314 1659 tiones
331 1609 394 1657 sunt
412 1600 635 1661 delectationis.“
653 1601 755 1654 Coenus.
774 1601 866 1655 Anon.
886 1619 932 1673 ap.
951 1602 1036 1668 Leod.
1056 1620 1073 1655 a
1093 1601 1145 1670 Qu.

171 1741 173 1744 Α
276 1690 439 1743 pecmpuam
454 1672 553 1741 plenae
571 1671 775 1739 disputationes
792 1673 985 1728 delectationis
1001 1673 1074 1738 sunt]
1111 1672 1226 1738 „Malui
1250 1673 1353 1728 certis·

205 1744 278 1798 sima
295 1744 423 1803 Turnebi
443 1743 640 1801 emendatione
659 1760 725 1815 com
743 1743 880 1803 lambino
898 1745 1053 1814 paucimos
1071 1743 1137 1796 aliis
1155 1751 1241 1810 stare,
1267 1748 1354 1816 quam

205 1813 298 1868 dubiis
315 1814 440 1868 aliorum
458 1814 719 1867 concertationibus
737 1822 766 1867 et
783 1814 1006 1869 aestuationibus
1023 1807 1194 1867 σαλεύεσθαι.
1224 1845 1258 1859 ·-
1294 1814 1352 1871 Pali

205 1895 301 1956 quart.
320 1899 480 1956 mamaeam
496 1884 579 1952 plone
606 1883 808 1952 disputationes
831 1884 983 1939 detentioni
1004 1890 1078 1950 sunt,
1101 1885 1196 1956 quint.
1220 1895 1250 1940 et
1272 1885 1350 1944 Pith.

204 1975 229 2027 q.
250 1956 335 2026 plane
362 1956 564 2025 disputationis
585 1954 831 2024 delectationisque
858 1962 929 2009 sunt.
966 1956 1096 2009 vatican.
1125 1955 1284 2010 insolenter
1315 1956 1349 2009 ab

204 2028 337 2082 omnibus
356 2027 477 2081 divertit
494 2043 655 2096 quanquam
671 2030 756 2094 plane
774 2025 984 2094 disputationis,
1009 2025 1205 2080 delectationis>
1217 2043 1350 2079 mennae.-

202 2105 294 2152 tasnen
313 2129 345 2143 -
374 2097 456 2163 Quae·
475 2096 588 2150 utinam
611 2097 699 2151 lectio
723 2097 856 2168 pluribus
877 2115 906 2150 se
924 2105 1059 2151 tueretur
1080 2096 1199 2152 testibus
1206 2094 1241 2159 l‚“
1265 2094 1347 2150 cett.

203 2169 239 2222 ln
256 2168 310 2222 Ed.
331 2173 355 2225 1.
365 2167 445 2221 θεν.
466 2185 503 2220 ex
521 2166 589 2220 eod.
609 2183 667 2220 uno
685 2167 812 2223 Norvicr
824 2166 953 2222 enotavit
975 2168 1145 2224 lectionems
1166 2168 1264 2235 nenne
1289 2168 1349 2221 dis-

201 2240 357 2309 putationis
374 2245 438 2292 sunt
457 2255 491 2292 ac
509 2237 712 2291 delectationis.
748 2238 809 2292 Mr.
1137 2248 1144 2262 ⁴
1250 2243 1252 2245 ’

275 2313 443 2378 Quanquam
459 2311 558 2376 plenae
577 2308 783 2376 disputationes
800 2306 997 2366 delectationis
1014 2308 1087 2376 sunl]
1123 2305 1351 2363 Sicemendavit
1372 2327 1376 2334 ·

138 2418 144 2439 ‚
202 2377 291 2436 liade.
319 2376 470 2432 Turnebus
496 2375 617 2434 Adsere.
642 2379 693 2432 lib.
711 2379 784 2432 xlx.
808 2397 841 2433 ca
863 2419 869 2431 .
890 2382 916 2434 ὅ.
943 2396 1062 2448 euinque
1087 2380 1285 2433 coniecturam
1302 2397 1352 2432 re·

203 2457 344 2519 ceperunt
367 2447 702 2514 tarnbinuarabrictus
720 2458 749 2504 et
776 2397 953 2505 Gebdardus.
991 2450 1077 2525 Multi
1102 2450 1232 2512 Codices,
1256 2465 1350 2520 qaam·

204 2535 284 2589 mam
299 2522 382 2589 plane
400 2520 602 2588 disputationis
620 2527 685 2573 sunt
702 2521 901 2575 delectationis.
920 2518 1012 2573 ·Unde
1031 2521 1178 2574 Minucius
1197 2538 1232 2574 ex
1249 2528 1350 2581 vetere

203 2590 483 2655 libro'rescribebat‚
510 2605 673 2660 wammam
687 2593 774 2661 plane
791 2591 995 2659 disputationis
1012 2596 1076 2644 sunl
1095 2598 1125 2644 et
1135 2605 1140 2611 ·
1151 2588 1351 2645 delectationis:

201 2663 270 2726 Nos,
290 2670 323 2714 ut
339 2662 467 2726 ridetur,
485 2661 615 2717 felicius:
640 2678 799 2733 pompeam
815 2661 903 2731 plane
916 2661 1123 2730 disputationes
1141 2667 1204 2714 sant
1230 2660 1350 2714 delecta·

202 2733 284 2798 tioni,
310 2732 358 2787 vel
380 2732 556 2786 delectationi
578 2739 651 2797 sant,
679 2741 712 2785 ut
736 2733 868 2786 ordinem
894 2732 1049 2786 verborum·
1075 2749 1237 2801 sequamur,
1262 2744 1349 2803 quem

200 2811 348 2874 praestant
363 2801 434 2878 Reg.
454 2802 601 2856 Pithoean.
621 2810 651 2856 et
688 2802 767 2857 latres
784 2804 872 2857 lllssti.
900 2801 980 2855 Hauc
999 2802 1223 2856 hariolationem
1243 2802 1348 2855 diserte

200 2875 298 2927 iinnat
321 2873 379 2930 Pal.
408 2880 499 2943 quart.
525 2874 584 2926 nisi
608 2820 731 2943 quodie
756 2875 832 2929 male
855 2875 1010 2928 detentioni.
1047 2873 1139 2926 Nemo
1157 2882 1237 2928 certe
1256 2873 1349 2927 nescit

202 2945 326 2998 Graecos
345 2944 458 3020 ingenii
475 2943 564 2997 fuisse
582 2943 747 3013 disputaris,
769 2961 838 3011 quos
856 2963 889 2999 ea
916 2949 1038 3017 propter
1061 2943 1247 2998 contentionis
1270 2945 1350 3012 cupi·

187 3014 296 3069 odioses
313 3028 394 3084 want
411 3014 540 3068 ueritatis
558 3013 634 3067 dixit
653 3014 714 3068 Cic.
733 3015 768 3070 de
786 3016 862 3070 orat.
882 3015 905 3069 1.
926 3020 969 3070 ll.
1008 3013 1045 3067 D.
1339 3018 1344 3024 ”

272 3104 358 3159 Qum
394 3119 440 3156 uns
456 3105 553 3172 plenae
571 3103 778 3170 disputationes
803 3103 871 3169 eta]
907 3102 1097 3169 „Admodum
1122 3103 1237 3157 variant
1261 3101 1349 3172 Gadda

200 3172 308 3249 Regius
326 3173 362 3228 ha
383 3183 412 3228 et
430 3176 599 3245 Quamquam
614 3176 699 3241 plane
717 3175 920 3242 disputationis
938 3179 1015 3240 sunt,
1033 3174 1226 3247 delectationis
1250 3172 1348 3244 [plane

201 3246 289 3298 aliter
312 3246 379 3298 coll.
408 3252 518 3311 nostra:
545 3263 573 3297 r.
598 3245 692 3313 infr.].
729 3245 766 3298 Et
789 3251 884 3300 lamen
908 3277 940 3289 -
967 3262 1040 3297 uuus
1067 3244 1147 3297 Leid.
1182 3261 1351 3314 quamquam

130 3321 132 3327 '
198 3317 283 3386 piane
302 3316 505 3386 disputationis
522 3315 771 3386 delectationisque,
809 3317 846 3368 Et
866 3323 958 3371 tannen
976 3345 1020 3368 -.
1039 3313 1088 3368 sic
1107 3317 1194 3369 ctiam
1210 3316 1264 3369 Ed
1284 3333 1349 3369 mea
1391 3372 1398 3392 ,

200 3396 270 3453 vet,
289 3388 348 3440 nisi
366 3387 442 3457 quod
460 3386 539 3439 addit
556 3393 628 3442 sunt.
664 3386 711 3438 Ex
729 3402 785 3456 quo
803 3387 866 3440 iere
888 3386 1019 3440 omnium
1042 3385 1252 3456 exemplarium
1279 3403 1350 3440 con·
1376 3388 1379 3391 ’

199 3472 284 3511 sensu
302 3458 471 3510 accesserim
489 3454 582 3509 libens
598 3455 727 3519 Derieis,
746 3458 798 3526 qui
816 3457 907 3533 legit:
957 3471 1103 3526 numquam
1124 3460 1209 3525 plane
1233 3456 1351 3522 (malim

197 3530 283 3597 plane
300 3528 362 3594 eae)
382 3527 584 3597 disputationes
602 3526 781 3591 delectationi
796 3535 869 3582 sunt.
899 3475 955 3582 sed
971 3527 1133 3597 plurimum
1151 3525 1226 3579 mihi
1244 3526 1349 3597 displi-

200 3606 257 3664 cet,
276 3598 353 3669 quod
371 3599 515 3668 sequitur,
533 3604 642 3650 tament
661 3597 737 3651 unde
756 3598 843 3652 initio
860 3599 959 3652 credas
978 3594 1149 3652 Ciceronem
1173 3596 1288 3667 aliquid
1305 3597 1349 3657 di·¹

199 3678 316 3722 uturum
335 3683 405 3736 esse,
424 3668 500 3738 quod
518 3667 754 3737 praecedentibus
764 3670 801 3722 sit
811 3669 1008 3724 contranimus
1027 3668 1076 3723 sed
1094 3668 1228 3738 sequitur
1246 3684 1352 3731 eorum

200 3741 390 3794 confirmado.
428 3738 552 3814 Gorrigo
571 3740 664 3814 igitur
682 3737 792 3792 Etenim
814 3755 869 3811 pro
887 3744 1041 3794 ettamen:
1068 3753 1125 3808 quo
1148 3740 1227 3793 iacto
1250 3738 1349 3792 omnis

199 3809 357 3864 cohaerent
375 3809 518 3878 optirne.“
551 3808 686 3863 Boulier.
1151 3822 1156 3829 ’

200 3934 202 3942 ,
270 3893 420 3948 qumquam
441 3879 540 3948 plenae
562 3880 764 3948 disputationes
789 3879 983 3933 delectationis
1009 3880 1083 3948 sunt]
1119 3876 1299 3936 FAWollius
1318 3887 1349 3934 et

199 3957 265 4021 post
283 3967 348 4003 eusn
367 3948 450 4002 Schn.
469 3956 534 4003 sunt
550 3957 711 4022 posuerunt
727 3959 794 4004 ante
812 3951 1018 4005 delectationis:
1038 3950 1118 4004 ldem
1138 3969 1166 4004 se
1185 3952 1289 4004 fecisse
1306 3950 1350 4004 ait

199 4020 246 4073 Or.
266 4037 302 4074 ex
321 4020 389 4073 Ood.
410 4020 471 4073 Col.
490 4037 556 4073 cum
575 4019 666 4074 Faba·
680 4020 735 4075 Sed
752 4020 826 4075 mihi
845 4022 961 4090 quidem
980 4022 1064 4074 Febr.
1083 4021 1162 4074 nihil
1180 4021 1349 4096 significare

198 4092 324 4152 videtur,
342 4090 401 4144 nisi
419 4090 450 4143 ln
468 4108 518 4145 suo
536 4092 606 4146 Cod.
627 4110 687 4146 esse
702 4092 801 4160 plenae
819 4092 1035 4160 disputationem
1060 4099 1189 4146 ceterum
1217 4092 1350 4145 servavit

198 4161 368 4223 Editionmn
391 4170 526 4216 veterum
544 4163 689 4217 ordinem:
716 4162 823 4216 diserte
848 4170 943 4216 autem
963 4162 1039 4215 dixit
1056 4161 1185 4217 Turnebi
1212 4162 1349 4217 emenda·

197 4228 307 4286 tionem
326 4233 507 4302 comprobari
525 4252 545 4286 a.
559 4233 628 4291 (iod.
648 4232 709 4286 Gol.
730 4232 880 4287 Turnebus
898 4242 994 4287 sutem
1014 4233 1049 4286 de
1068 4234 1224 4286 verborum
1243 4223 1352 4295 ordine,

198 4302 290 4356 nihil!
327 4302 418 4369 Quare
438 4305 567 4372 quamvis
585 4303 686 4356 malim
703 4309 768 4356 sunt
786 4312 853 4357 ante
871 4302 1066 4356 delectationis
1083 4304 1221 4373 positum,
1241 4318 1349 4373 paren·

199 4373 267 4427 dum
284 4382 382 4427 tamen
399 4373 628 4441 faitcodicibns
655 4381 768 4427 tantum
786 4390 845 4427 non
862 4374 1008 4427 omnibust
1032 4390 1102 4426 nam
1126 4374 1204 4428 solus
1222 4376 1298 4427 Mon.
1317 4376 1347 4430 l.

197 4443 285 4499 babet
298 4445 383 4515 plane
400 4444 602 4516 disputationis
618 4450 683 4499 sant
701 4443 903 4500 delectationes.
921 4443 1017 4512 Quare
1036 4451 1117 4499 errat
1135 4447 1222 4502 etiam
1234 4443 1352 4499 eoum„
