2842 5070
188 306 252 374 aso
275 322 278 327 ·
394 300 624 371 messores
644 270 893 373 ruscum.
914 296 1144 368 n1srursr.

191 472 272 548 sins,
294 471 350 552 qni
371 476 529 548 maereat,
551 465 808 549 disputandum
835 467 1128 539 tertia,·summam
1159 483 1231 526 esse
1260 464 1346 528 stul-

190 555 301 614 titiam
322 554 447 613 irnstra
469 551 588 612 confici
614 569 778 628 maerore,
805 569 905 635 quum
936 549 1104 634 intelligas
1136 546 1219 612 nihil
1246 555 1346 630 po'sse

191 634 321 716 profici.
353 632 453 695 'Nam
474 630 650 696 Cleanthes
682 631 815 714 quidem
843 633 1024 713 sapientem
1054 630 1255 705 consoletur,
1288 631 1346 711 qui

143 729 169 781 b.
190 717 418 778 consolatione
439 735 506 776 non
529 724 614 802 eget.
659 714 754 776 Nihil
776 715 864 775 onim
886 735 957 777 esse
979 713 1112 789 malurn,
1134 712 1223 794 quod
1243 719 1347 794 turpe

191 818 259 864 non
281 800 336 871 sit,
357 801 386 861 si
407 799 537 884 lugenti
558 799 783 881 persuaserim
806 817 872 858 non
893 797 1003 858 tuilli
1026 799 1164 875 luctum,
1185 793 1244 859 sed
1265 798 1347 858 stul.

190 883 300 943 titiam
323 879 529 943 detraxeris:
550 882 693 942 alienum
713 895 823 941 autem
838 888 967 960 tempus
985 876 1136 942 docendi.
1172 878 1213 938 Et
1234 885 1352 940 tamen-

191 966 350 1025 nonsatis
364 964 446 1024 mihi
459 961 596 1025 videtur
611 961 735 1025 vidisse
751 961 815 1025 hoc
826 959 1010 1039 Cleanthes,
1027 961 1152 1042 suscipi
1168 959 1347 1042 aliquando

192 1045 439 1132 aegritudinem
460 1064 557 1128 posse
578 1065 617 1108 ex
647 1065 687 1109 eo
708 1046 793 1132 ipso,
825 1043 914 1127 quod
941 1063 1009 1106 esse
1031 1063 1196 1105 summum
1222 1042 1347 1109 malum

193 1248 279 1301 supra
297 1246 322 1282 c.
343 1233 387 1295 29,
408 1233 455 1286 tt:
475 1231 510 1287 de
527 1231 585 1289 rui
602 1231 731 1284 correxit
748 1229 829 1294 Dav„
848 1246 1023 1300 quamquem
1036 1229 1064 1282 el
1083 1237 1183 1282 contra
1200 1228 1290 1284 libros
1308 1227 1349 1290 iti

193 1301 311 1372 obsequi
328 1302 483 1354 noluimus.
519 1303 629 1354 Verum
645 1302 721 1354 vidit
742 1300 800 1352 iam
816 1300 981 1354 Beroaldus.
1019 1300 1080 1353 Mt.

202 1403 206 1409 ·
265 1371 474 1439 disputandum]
511 1373 594 1438 „Hoc
612 1373 734 1425 verbum
752 1389 768 1424 a
786 1371 942 1446 glossatore
960 1379 1012 1436 est,
1031 1371 1250 1440 delendumque.
1279 1370 1352 1423 Pen-

194 1441 237 1495 dit
256 1443 381 1499 oratioe
400 1445 511 1509 docere,
542 1451 576 1495 ut
603 1451 631 1496 et
654 1459 727 1512 quae
753 1450 818 1511 post
840 1445 924 1497 tertia
952 1442 1049 1495 sunt.“
1074 1443 1145 1497 Ern.
1183 1442 1218 1494 ld
1244 1440 1350 1510 ipsum,

195 1514 272 1582 quod
289 1514 387 1582 paullo
406 1513 606 1590 negligentior·
623 1522 665 1566 est
678 1522 834 1577 structura,
854 1523 888 1566 ut
903 1522 1006 1587 pergat
1017 1510 1146 1582 quidem,
1163 1520 1228 1582 post
1244 1510 1350 1579 prima,
1379 1571 1382 1580 ¹

194 1584 282 1637 verbo
301 1585 405 1650 altera,
424 1585 473 1637 sed
491 1585 641 1637 continuet
659 1599 831 1648 sermonem,
863 1584 943 1655 quasi
964 1600 1018 1653 pro
1037 1583 1131 1636 atera
1153 1583 1272 1635 dixisset
1292 1588 1351 1636 tum

194 1652 243 1709 vol
262 1656 380 1708 deindat
411 1654 442 1709 id
460 1655 554 1726 ipsum
572 1671 742 1724 permovere
768 1654 886 1715 debebat
902 1656 1067 1725 Ernestum,
1096 1663 1129 1707 ut
1156 1653 1349 1723 suspicionem

195 1743 275 1778 suam
292 1726 408 1778 inanem
426 1724 606 1780 existimaret
629 1742 723 1795 neque
741 1726 911 1778 vocabulum
929 1743 1016 1794 quam
1042 1725 1167 1785 inarime
1186 1724 1353 1778 Ciceronis«

195 1813 266 1848 num
283 1796 398 1848 uncinis
416 1797 496 1866 quasi
514 1796 640 1848 vinculis
659 1797 814 1849 coiirceret.
840 1795 1048 1880 Negligentior
1065 1796 1138 1848 item
1150 1803 1191 1848 est
1204 1803 1351 1854 structura

119 1962 122 1968 ·
195 1865 638 1994 ttt¹³⁰tl³“¹tt.tttittit·
649 1865 824 1997 latit.
834 1867 1105 1995 iiisd'iiimiii*
1116 1882 1140 1991 i
1142 1865 1289 1990 effi...
1306 1865 1361 1986 ³2⁷

28 1996 31 2003 ¹
196 1956 358 2063 codtgmm
380 2013 405 2068 1.
424 1996 501 2061 abest
519 1992 652 2062 maerore.
690 2009 771 2061 Unus
789 2008 841 2062 Ox.
859 2007 945 2061 habet
963 2008 1025 2062 eiua
1042 2024 1096 2079 pro
1114 2021 1194 2070 aare)
1211 1955 1351 2059 dudgcuui

197 2079 271 2133 Gud.
291 2080 432 2140 omittunt
449 2082 578 2145 frustra3
597 2096 671 2130 onus
690 2078 740 2132 Ox.
760 2078 858 2152 pergit
876 2080 984 2146 confeci
1002 2093 1145 2132 memores.
1182 2077 1242 2130 Me.

268 2183 332 2225 cum
349 2167 497 2236 intelligar
515 2165 590 2220 sitit
603 2183 683 2237 poree
697 2167 834 2235 profici]
869 2169 977 2220 Notum
997 2176 1038 2220 est
1056 2165 1131 2218 illud
1147 2164 1268 2230 Solonis,
1287 2165 1351 2234 qui,

198 2255 266 2292 curn
285 2240 312 2292 ei
329 2239 435 2310 aliquis
462 2239 627 2291 consolandi
651 2254 733 2290 causa
756 2238 886 2297 dixisset:
914 2238 991 2290 nihil
1017 2236 1134 2308 proficis
1149 2235 1291 2311 lugendo:
1321 2243 1352 2287 at

198 2319 318 2380 propter
336 2309 366 2361 id
384 2311 486 2378 ipsum,
506 2309 612 2379 inquit,
630 2309 726 2384 lugeo,
745 2310 822 2379 quod
839 2307 916 2361 nihil
933 2308 1109 2380 pretinm.-
1134 2308 1188 2359 Pro
1208 2304 1356 2358 Cleanthes

199 2380 338 2432 scribitur
358 2379 489 2434 cleantes
510 2380 541 2431 in
568 2378 674 2431 duobus
693 2377 761 2431 01x.
783 2380 869 2432 ltlarh.
897 2382 973 2433 Mon.
995 2384 1018 2434 1.
1038 2382 1064 2435 2.
1090 2387 1120 2431 et
1146 2377 1266 2431 sistere
1286 2393 1354 2430 con·

198 2457 316 2510 stanter.
353 2451 407 2504 Pro
434 2448 509 2504 nilsit
531 2459 572 2505 est
594 2450 637 2504 nil
664 2452 695 2503 in
723 2451 790 2504 (lod.
819 2450 894 2505 Gud.
920 2455 943 2507 1.
988 2450 1044 2504 Sed
1068 2448 1127 2502 vid.
1152 2447 1183 2503 c.
1211 2448 1298 2500 Beier
1321 2447 1355 2500 ad

199 2520 344 2596 Fragmm.
366 2522 456 2575 Oratt.
476 2521 536 2575 Cic.
562 2539 591 2591 p.
612 2524 655 2576 84.
681 2524 712 2575 Ο.
731 2524 768 2574 ltl.
789 2521 904 2575 ltlilller.
930 2523 963 2575 in
983 2521 1068 2575 Curis
1096 2536 1154 2582 sec.
1172 2519 1208 2572 ad
1225 2519 1284 2573 Cic.
1304 2518 1352 2571 Or.

157 2612 160 2617 ·
220 2606 253 2644 ro
277 2591 348 2644 Sest.
376 2611 405 2662 p.
426 2596 468 2657 23.
490 2619 522 2630 -
565 2592 690 2648 aridem·
704 2593 815 2647 omittit
840 2592 934 2646 Gud..
961 2592 1005 2645 Ad
1032 2590 1236 2662 explicandum
1258 2590 1354 2642 locum

197 2609 354 2716 Beroaldus
372 2661 459 2727 haece
479 2662 646 2728 „Cleanthis
663 2663 830 2734 philosophi
849 2664 1005 2717 consolatio
1017 2678 1225 2734 supervacanea
1237 2669 1289 2725 est,
1307 2668 1355 2711 ut-

198 2741 267 2804 pote
285 2733 320 2786 ad
338 2734 429 2785 solum
447 2734 603 2804 sapientem
627 2735 791 2804 pertinens.
814 2742 899 2804 putat
922 2735 1000 2786 enim
1027 2733 1157 2786 officium
1182 2731 1354 2785 consolantis

198 2821 268 2868 esse,
294 2813 327 2856 ut
345 2804 421 2856 dicat
437 2805 563 2879 lugenti,
589 2803 664 2857 illud
690 2822 748 2858 non
776 2822 835 2858 esse
859 2805 977 2871 malum,
1005 2812 1127 2875 propter
1151 2803 1228 2873 quod
1245 2803 1354 2876 lugeat,

198 2890 265 2925 cum
293 2873 369 2925 nihil
387 2875 424 2936 sit
450 2875 569 2937 malum,
597 2876 672 2944 quod
695 2883 782 2947 turpe
805 2892 864 2929 non
888 2879 941 2929 sit:
972 2876 1049 2928 unde
1072 2873 1187 2948 colligit
1212 2887 1272 2926 non
1296 2888 1355 2925 esse

197 2943 354 3019 lugendum
373 2961 409 2996 ex
425 2945 507 2997 obitu
525 2945 646 2997 alicuius
663 2946 712 2999 vel
730 2947 871 2999 carissimi
930 2946 956 2998 ia
976 2945 1006 2998 id
1018 2944 1126 2997 malum
1145 2952 1268 3009 nonest,
1287 2959 1354 2996 cum

197 3031 256 3067 non
274 3016 311 3067 sit
329 3023 423 3086 turpe.
461 3015 517 3068 Sed
541 3017 572 3067 in
596 3016 651 3069 hoc
673 3026 776 3087 peccat
802 2964 966 3082 clenndies,
994 3016 1070 3086 quod
1091 3015 1212 3099 sapienti
1239 3013 1354 3067 adhibet

198 3085 434 3150 consolationem,
460 3087 508 3139 cui
530 3086 613 3140 nulla
636 3089 830 3141 consolatione
853 3104 924 3159 opus
942 3095 998 3149 este
1025 3086 1135 3155 alioqui
1157 3085 1269 3155 sapiens
1295 3098 1354 3136 non

198 3155 300 3211 esset.“
342 3155 387 3208 Ad
404 3156 561 3215 lectionem
579 3157 691 3211 Nissen.
709 3159 799 3223 haece
826 3158 1011 3224 „Sententiae
1029 3155 1268 3228 philosophorum
1287 3155 1355 3212 dili-

219 3227 311 3292 entius
338 3227 541 3301 dispiciuntur.
593 3230 759 3304 [regendum
795 3230 888 3305 igitur
920 3229 1050 3281 videtur:
1086 3229 1153 3295 Iam*
1170 3242 1223 3297 pro
1251 3224 1356 3282 Nam-‘⁴

196 3246 252 3354 iet
270 3296 351 3351 nulla
369 3300 530 3352 mutatione
552 3315 622 3369 opus
641 3309 691 3360 est.
729 3300 808 3365 Quod
825 3299 900 3354 enim
917 3299 1077 3369 praemisit.
1114 3297 1197 3363 Num,
1223 3295 1287 3349 ideo
1314 3297 1357 3348 ia-

153 3360 163 3394 ”
196 3379 276 3436 ctum
288 3379 339 3433 est⁷
359 3370 426 3440 quia
438 3370 691 3444 significaretult:
712 3378 843 3439 quartam
855 3371 962 3439 quidem
980 3371 1103 3434 sortasse
1121 3368 1224 3437 aliquia
1242 3369 1354 3434 elimat,

197 3438 340 3494 cteanmts
358 3440 589 3500 consolationem
608 3440 685 3493 natat
700 3457 760 3494 esse
787 3441 901 3505 nantum,
927 3441 1000 3509 quod
1021 3446 1101 3509 turpe
1128 3455 1182 3491 non
1207 3437 1255 3490 eit.
1297 3436 1356 3491 Sed

197 3509 264 3563 onec
287 3511 395 3580 quidem
418 3510 471 3570 lum
497 3527 549 3562 reon
569 3513 701 3579 pertinet,
728 3512 758 3565 N
765 3528 818 3565 am
843 3508 989 3570 cleanthes
1006 3512 1160 3578 eapientem
1177 3509 1355 3572 consolatur,

198 3598 252 3636 non
270 3598 338 3646 erras,
359 3581 410 3650 qai
426 3583 612 3641 consolatione
630 3590 701 3650 eget.
727 3613 759 3623 -
801 3581 946 3646 Scribitur
972 3580 1003 3632 in
1021 3581 1089 3637 cod.
1110 3580 1194 3632 Vind.
1221 3583 1245 3635 l.
1271 3584 1355 3646 egent

196 3669 250 3725 pro
267 3658 340 3721 eget,
360 3654 391 3704 in
413 3668 471 3705 nno
496 3654 546 3707 Ox.
566 3654 642 3719 egea.
666 3654 705 3705 Et
727 3652 779 3705 hic
797 3651 914 3723 quidem
938 3660 980 3705 est
1007 3651 1110 3710 calami
1137 3651 1248 3721 lapsus:
1278 3647 1355 3701 illud

199 3731 281 3792 egeat
299 3724 471 3786 sententiam
490 3723 641 3793 pervertit.
662 3723 722 3776 Mr.

266 3792 439 3848 Nilitenim
457 3795 647 3859 aesomnium,
672 3794 742 3863 quod
759 3799 841 3862 turpe
868 3808 921 3854 non
946 3792 1006 3860 sit]
1054 3794 1161 3846 Vocem
1186 3793 1262 3845 enim
1285 3790 1353 3844 God.

193 3864 272 3916 (iud.
294 3868 317 3917 l.
336 3862 432 3919 nonisi
457 3882 472 3914 a
496 3865 521 3918 2.
547 3881 584 3914 m.
610 3882 696 3933 supra
721 3865 828 3915 lineam
852 3863 939 3917 habet
963 3865 1109 3934 scriptam.
1147 3863 1225 3922 Esae'
1242 3861 1355 3915 omittit

198 3933 265 3988 cod.
285 3949 359 3982 unus
384 3933 436 3996 Ox.
472 3933 537 3986 Post
567 3932 689 3987 alienum
715 3934 789 3987 God.
818 3935 930 3987 omittit
963 3941 1072 4000 auteen3
1099 3933 1159 3986 eius
1183 3933 1248 3985 loco
1277 3933 1352 4005 Aug.

196 4004 282 4056 habet
300 4001 374 4054 enim
392 4019 458 4054 cum
477 4019 534 4055 uno
554 4004 603 4055 Ox.
640 4007 694 4058 Pro
719 4013 748 4065 tu
767 4023 839 4064 unus
866 4007 916 4058 Ox.
937 4012 1046 4061 tamena
1070 4004 1183 4079 legebat
1209 4002 1302 4054 scriba
1320 4001 1357 4055 tn*

198 4075 218 4126 i.
240 4091 264 4125 e.
284 4081 383 4125 tainica.
422 4073 496 4126 Gnd.
516 4073 602 4127 habet
620 4092 673 4128 non
696 4068 768 4127 mitt
790 4075 861 4139 sutis
885 4076 1005 4135 videtete.
1054 4077 1131 4127 Mon.
1150 4077 1175 4128 2.
1203 4091 1257 4127 non
1284 4071 1356 4125 aridi

196 4143 303 4199 videt
330 4143 404 4204 satia
427 4143 538 4203 cidisse
563 4144 622 4198 iic
657 4147 819 4200 cleantes.
865 4147 939 4198 Gud.
967 4149 992 4203 2.·
1026 4144 1100 4198 eniti·
1122 4144 1235 4196 uidetur
1267 4142 1358 4196 anili

196 4215 309 4270 vidisse.
346 4216 418 4266 ltlox.
439 4215 504 4268 Cod.
524 4215 621 4272 Duish.
642 4234 675 4277 ex
693 4217 912 4286 appropiasse.
939 4217 1028 4270 Recte
1045 4216 1141 4268 Kiihn.
1157 4215 1244 4268 verba
1262 4231 1298 4268 aa
1322 4229 1357 4268 eo

196 4286 258 4359 ipso
278 4286 352 4354 quod*
368 4285 508 4354 explicate
526 4302 560 4347 ex
577 4288 667 4342 animi
685 4289 869 4355 turpitudine.
908 4288 966 4341 Mr.
1060 4294 1063 4300 '

268 4355 347 4416 Quod
363 4371 422 4409 esse
438 4373 570 4417 summum
588 4359 691 4416 muham
700 4356 828 4422 (litantes
845 4359 906 4425 ipse
924 4357 1102 4424 setectum]
1118 4357 1189 4423 „Sic
1197 4354 1358 4420 Victorius,

114 4481 116 4486 ⁴
196 4445 283 4500 quem
306 4433 442 4498 sequutus
464 4428 628 4492 harnbinos:
649 4434 687 4484 *et
710 4431 749 4485 ita
773 4436 830 4487 vet.
852 4428 919 4483 (iod.
945 4427 1003 4483 Pal.
1032 4435 1124 4502 quart.
1151 4426 1226 4491 Ptin.
1276 4427 1356 4489 iiam
1386 4440 1389 4445 '
