2842 5070
197 279 241 409 eos
400 302 630 374 o1ouuou1s
652 303 898 375 rusorum.
914 290 1153 402 'msrumn

138 519 140 522 <
161 506 163 510 ·
199 487 259 550 tat,
280 495 364 562 quae
382 472 472 558 apud
492 472 679 537 Homerum
699 470 1033 557 Achilles-queritur,
1054 471 1128 551 hoc,
1156 479 1195 534 ut
1215 470 1348 554 opinor,

199 559 299 625 modo
671 617 684 625 ..

300 604 450 722 ’corque
469 656 564 701 meum
582 639 712 718 penitus
733 640 893 720 turgescit
913 635 1064 701 tristibus
1090 638 1163 713 iris,

64 792 67 797 ,
322 726 421 794 Qum
443 723 671 803 decorantque
691 723 774 784 omni
794 740 840 783 ma
861 721 1005 782 orbatam
1027 720 1119 782 laude
1141 718 1307 781 recordor.-

138 803 180 858 19·
199 805 291 871 Num
315 823 442 867 manus
453 807 571 865 affecta
591 811 760 880 recteest,
782 822 885 884 quum
901 805 937 864 iu
952 811 1085 865 tumore
1101 799 1169 865 esti
1191 810 1250 863 aut
1269 821 1348 863 uum

198 888 291 952 aliud
313 885 488 970 quodpiam
503 885 702 963 membrum,
722 884 934 947 tumidnmac
947 884 1130 972 turgidum,
1150 902 1217 944 non
1228 884 1349 946 vitiose

270 1069 310 1122 ad
327 1083 360 1121 ea
377 1064 526 1136 disputat]
562 1065 607 1118 Ad
623 1066 682 1119 loci
701 1073 876 1135 structuram
892 1064 989 1118 laudat
1007 1063 1162 1119 Kiihnerus
1179 1065 1295 1120 Ruhnk.
1314 1068 1348 1122 ad

199 1137 316 1192 Terent.
335 1138 423 1191 Andr.
443 1138 555 1211 Prolog.
574 1154 602 1188 v.
624 1138 666 1192 15.
704 1135 781 1190 Adde
808 1135 914 1188 Handii
931 1136 1131 1190 Tursellinum
1147 1155 1176 1207 p.
1198 1141 1257 1193 110.
1294 1140 1348 1191 Pro

201 1209 331 1280 queritur
349 1217 391 1262 est
408 1207 555 1279 quaeritur
572 1206 604 1258 in
622 1206 689 1260 God.
708 1210 783 1260 Mon.
803 1209 829 1262 2.
863 1209 969 1259 Vocem
985 1213 1016 1260 ut
1034 1206 1146 1259 omittit
1163 1207 1230 1261 Cod.
1249 1209 1346 1262 Duisb.

200 1279 273 1334 Eius
297 1281 362 1333 loco
387 1298 460 1332 unus
479 1280 529 1335 Ox.
549 1277 635 1330 habet
652 1293 728 1332 aare.
767 1276 885 1343 Quaerit
900 1277 1030 1334 Wolfius
1049 1277 1080 1328 in
1098 1277 1214 1344 scholis,
1248 1287 1348 1333 utrum

199 1351 288 1404 verba
305 1347 363 1417 isac,
380 1356 410 1404 ut
429 1347 537 1418 opinor,
555 1348 636 1402 modo
654 1348 806 1401 referenda
823 1349 881 1399 sint
898 1347 933 1399 ad
952 1346 1087 1418 queritur,
1107 1366 1142 1400 an
1160 1347 1194 1401 ad
1213 1347 1347 1418 disputat.

200 1421 343 1475 Posterius
360 1422 385 1473 si
402 1421 485 1486 velit,
512 1436 611 1472 versus
629 1419 704 1488 ipsos
721 1418 862 1489 appositos
881 1434 939 1470 esse
965 1417 1044 1488 quasi
1068 1420 1240 1472 sententiam
1258 1439 1348 1491 quan·

144 1514 146 1519 ¹
200 1492 266 1544 dam
283 1488 382 1562 'ipsiu's
405 1492 449 1545 rei
473 1488 639 1543 tractationi
662 1490 862 1560 praepositam.
905 1489 1037 1542 Fortasse
1063 1498 1160 1541 autem
1185 1491 1240 1543 ista
1256 1493 1349 1546 'verba

199 1561 317 1626 addidit,
343 1561 379 1615 ad
405 1561 593 1615 excusandam
616 1560 697 1628 quasi
717 1577 797 1612 suam
821 1559 1039 1612 conversionem
1062 1559 1158 1612 nrinus
1176 1570 1348 1630 accuratam,

95 1653 98 1656 ·
184 1641 279 1687 ·certe
296 1632 474 1698 liberiorem,
507 1648 574 1684 cum
600 1630 675 1682 illud
699 1629 832 1683 tristibus
857 1629 914 1684 irie
931 1631 964 1682 ab
983 1630 1103 1682 Homeri
1119 1631 1248 1684 uersibus
1265 1631 1346 1686 absit.
1402 1686 1406 1692 ,

198 1704 254 1756 Pro
281 1704 390 1773 corque
411 1703 465 1757 Ed.
485 1705 514 1755 P.
538 1700 625 1754 habet
650 1717 717 1754 aare
749 1717 822 1752 unus
848 1699 898 1752 Ox.
927 1700 1037 1753 omittit
1061 1699 1183 1767 penitus.
1220 1704 1255 1756 In
1280 1703 1346 1762 eod.

198 1773 286 1828 narb.
306 1774 407 1826 desunt
425 1773 520 1826 omnia
539 1772 617 1824 iuter
634 1770 767 1825 tristibus
785 1777 815 1824 et
831 1771 919 1823 verba
941 1777 1022 1824 uacat
1039 1770 1109 1824 uitio
1127 1771 1149 1837 §-
1170 1774 1212 1830 19.
1250 1774 1311 1828 Mr.

269 1841 662 1984 Corqupssqqeqnphppqqtppq‘
680 1842 881 1983 giiideqoiq,
898 1909 998 1964 dnae?
1017 1887 1122 1966 iaeirov

363 1989 524 2055 Μνήσομαι,
557 1978 587 2046 ὅς
607 1981 781 2053 μ’ἇσύφηλον
805 1980 837 2035 ἐν
859 1983 1017 2054 ’Apysioiaar
1040 1983 1136 2054 ἔρεξεν.

198 2054 300 2109 Exstat
317 2055 400 2109 Iliad.
419 2056 475 2179 IXI.2
488 2057 548 2113 646.
569 2072 611 2125 sq.
630 2054 743 2107 Pariter
758 2052 853 2120 θυμὸν
869 2049 1006 2106 arcadiae
1026 2053 1102 2106 dixit
1119 2054 1279 2132 Herodotus
1297 2056 1347 2111 lib.

196 2126 260 2180 VII.
285 2141 318 2178 ca
340 2164 346 2178 .
366 2129 409 2185 39.
476 2164 483 2177 .
836 2179 840 2185 ,
1190 2140 1194 2147 ’

206 2253 211 2259 ,
268 2142 385 2249 0001-
403 2203 511 2251 tumore
534 2194 595 2261 eet]
632 2195 698 2249 God.
723 2193 796 2246 Gud.
816 2196 842 2249 2
868 2209 922 2247 nan
965 2209 998 2247 ro
1021 2210 1094 2248 num.
1135 2197 1215 2252 Unus
1242 2198 1292 2253 01.
1321 2208 1351 2252 et

197 2265 271 2342 Aug.
299 2266 430 2350 itemque
449 2267 522 2319 Gud.
543 2270 569 2321 1.
598 2283 676 2336 apr.
701 2281 738 2316 m.
768 2269 872 2329 recta,
902 2211 992 2318 Reda.
1018 2264 1105 2320 habet
1130 2273 1205 2322 recte
1228 2286 1269 2324 ea
1295 2274 1349 2336 ert,

198 2329 316 2406 quein.
335 2336 432 2389 Dursb.
452 2338 553 2403 affecta
570 2351 642 2403 rem
659 2341 753 2388 recte
771 2340 909 2457 tenlpt1311
907 2336 1083 2460 quurpibGud.
1094 2339 1119 2392 1.
1140 2353 1201 2393 cum
1219 2339 1349 2395 timore

196 2404 485 2602 piiqifflt
501 2409 1000 2531 imminentem.⁰1¹3...
1016 2409 1347 2565 1111111

238 2584 245 2598 .
291 2585 297 2598 .
372 2586 378 2599 .
450 2565 475 2601 r.
1262 2591 1266 2600 .

201 2662 204 2667 ,
268 2564 318 2671 dut
335 2633 401 2670 nam
423 2617 576 2686 aliquod
598 2614 759 2686 quopiam
777 2617 944 2684 membrum]
980 2619 1057 2684 „Hic
1075 2619 1086 2670 i
1107 2637 1136 2674 se
1153 2621 1234 2674 locus
1252 2623 1283 2674 in
1301 2630 1349 2674 tu·

118 2716 123 2724 ⁴
195 2702 275 2741 more
294 2688 413 2742 civitio
436 2699 488 2754 est,
520 2705 693 2757 manumque
717 2688 858 2741 rnedicam
880 2688 1052 2742 desiderat.“
1086 2637 1155 2756 guia
1173 2695 1271 2746 autem
1288 2708 1347 2745 non

195 2765 287 2827 putet,
301 2759 513 2829 personandum
528 2758 586 2812 hoc
604 2757 760 2812 curationis
777 2768 965 2832 generiem,
984 2768 1016 2812 ut
1035 2761 1139 2814 aliud
1156 2760 1348 2831 quodpiam
1403 2783 1406 2790 ·

195 2829 349 2881 membrum
366 2832 557 2900 reponamus?
591 2829 631 2882 Et
649 2828 765 2906 quidem
784 2829 808 2880 si
828 2829 898 2899 quid
915 2831 1017 2896 refert,
1036 2831 1068 2882 in
1086 2831 1168 2884 chiro
1191 2833 1289 2904 raphis
1307 2833 1348 2886 ita

196 2905 295 2952 extare
313 2899 480 2969 quibusdam
497 2898 646 2952 affimno.“
683 2899 825 2952 Turnebus
843 2900 1011 2953 Adversarr.
1031 2903 1143 2955 XXVII.
1164 2850 1190 2958 ig.
1209 2921 1237 2973 p.
1250 2907 1294 2959 89.

266 2985 383 3057 aliquod
397 2986 570 3111 quippiam]
607 2989 673 3054 „Ita
699 2987 829 3057 quinque
854 2989 924 3041 Pan.
953 2990 1129 3044 Gulielmius
1155 3007 1208 3061 pro
1233 2991 1348 3061 aliquod

195 3055 319 3110 malebat
336 3058 396 3111 aliu
462 3060 557 3113 Laudo
577 3075 630 3132 ego
647 3059 737 3132 magis
760 3059 935 3127 scripturam
951 3061 1009 3114 Pal.
1029 3069 1124 3130 quart.
1149 3079 1221 3116 num
1232 3063 1348 3132 aliquod

196 3125 341 3197 quippiam
359 3130 583 3183 membrorum
601 3126 770 3182 tumidum.“
798 3126 935 3184 Gebhard.
971 3132 1027 3197 „ln
1051 3149 1107 3201 qua
1128 3133 1269 3187 varimate
1287 3151 1347 3188 non

232 3199 282 3252 ulo
301 3200 447 3267 eruditius¹
458 3200 565 3254 decidit
580 3207 666 3271 pater
683 3199 715 3251 in
733 3198 809 3252 notis
827 3200 862 3252 ad
878 3202 996 3255 Livium
1013 3202 1086 3254 XLI.
1105 3205 1130 3257 6.
1152 3201 1190 3268 [v.
1206 3222 1272 3279 pag.
1284 3207 1344 3262 722.

195 3214 372 3334 11111000]
397 3270 573 3324 restituendo
600 3267 804 3336 aliquodpiam,
833 3271 908 3339 quod
931 3272 1101 3326 vocabulum
1126 3273 1192 3328 11110
1216 3275 1348 3345 pluribus

197 3342 337 3409 exemplis
355 3342 461 3406 firmat,
481 3350 511 3396 ct
529 3358 619 3411 quum
642 3357 688 3392 me
712 3340 744 3391 in
762 3339 911 3393 Codicibus
938 3343 1053 3413 scriptis
1072 3343 1244 3409 Quintiliani
1268 3345 1347 3398 idem

196 3408 301 3461 vidisse
319 3411 512 3475 meminerim,
546 3410 596 3463 ubi
621 3408 765 3478 hodieque
791 3426 878 3462 carru
898 3421 961 3481 tum
984 3414 1016 3465 in
1040 3413 1124 3466 editis
1142 3415 1262 3491 legitur,
1286 3432 1347 3469 non

196 3477 241 3531 ini
265 3487 414 3533 cunctatus
440 3497 517 3533 nunc
541 3479 683 3532 hocloco
709 3481 872 3549 reponere.‘
906 3483 1024 3537 Gronov.
1062 3484 1183 3549 „hamb
1209 3492 1259 3539 aut
1280 3501 1347 3540 num

195 3549 266 3617 quad
282 3550 440 3615 membrum,
464 3550 500 3602 al.
520 3567 583 3603 nam
601 3547 748 3617 quoppiam
764 3552 946 3606 membrum.“
970 3552 1096 3621 Gotiofr.

267 3619 356 3673 Aliud
379 3620 532 3691 quodpiam
549 3619 718 3687 menbrum]
754 3621 848 3706 Vulgo
867 3623 982 3693 aliquod
1000 3624 1148 3694 quippiam,
1176 3625 1208 3679 et·
1223 3623 1265 3680 ita
1281 3629 1345 3682 fere

196 3691 277 3743 Mssti
284 3709 293 3755 3
325 3691 400 3744 unde
423 3691 450 3744 J.
479 3693 528 3744 Fr.
550 3691 713 3744 Gronovius
739 3691 774 3743 ad
795 3693 876 3746 Livii
902 3696 975 3760 XLI,
994 3699 1021 3752 6.
1047 3696 1119 3748 facit
1144 3696 1343 3767 aliquodpiam.

196 3760 286 3813 Probo
303 3769 409 3826 tamem
427 3761 476 3814 rel
494 3759 577 3815 aliud
594 3760 746 3830 quippiam,
766 3781 837 3832 quae
856 3772 898 3816 est
914 3766 981 3817 Jani
996 3766 1152 3819 Gulielmii
1169 3769 1346 3836 coniectura,

195 3830 246 3882 vel
263 3828 345 3885 aiiud
362 3830 523 3900 quodpiam:
543 3833 584 3885 sic
603 3833 681 3884 enim
700 3834 732 3885 in
749 3833 896 3887 nonnullis
914 3835 1064 3889 (indicibus
1087 3837 1199 3891 exarari
1223 3846 1346 3893 testatur

196 3895 283 3953 Hadr.
302 3901 452 3954 Turnebus
474 3902 591 3956 Advers.
610 3903 709 3970 XXVI,
727 3907 753 3958 6.
789 3904 826 3957 D.
1285 3955 1288 3960 .

266 3968 475 4041 aliquodpiaan]
502 3973 590 4038 „eoa
609 3975 678 4048 Reg.
697 3973 873 4044 simpliciter
890 3975 1004 4043 aliquod
1020 3979 1179 4031 membrum.
1199 3975 1345 4034 Leideusis

196 4056 269 4092 uuus
288 4048 406 4096 autnon
425 4043 534 4112 aliquid
552 4046 631 4113 quod.
668 4044 744 4097 Alii:
768 4059 830 4096 num
854 4045 958 4100 aliud
985 4048 1189 4118 quodpiam,
1220 4051 1263 4103 ed.
1282 4069 1346 4106 maa

195 4118 292 4164 vetusz
311 4111 391 4166 aliud
408 4114 556 4184 quidpiam.
576 4115 707 4170 Tertiam
718 4115 849 4184 equidem
866 4119 999 4186 praefero
1017 4119 1191 4174 rationem.“
1208 4119 1342 4176 Bouhier.

266 4199 466 4270 aliquodpiam]
502 4205 575 4269 „Est
598 4211 613 4256 e
641 4203 821 4257 correctione
839 4206 875 4259 ’.1.
900 4207 933 4259 F.
962 4207 1118 4262 Gronovii:
1150 4209 1240 4334 001ᾆο
1269 4219 1342 4264 erat:
1371 4223 1373 4228 ·

196 4269 310 4339 aliquod
326 4271 476 4341 quippiam.
497 4274 683 4328 Guilielmius
710 4275 874 4350 corrigebat
901 4275 982 4331 aliud
1006 4277 1156 4348 quippiam.
1221 4283 1345 4334 urnebua

196 4339 229 4393 in
245 4341 323 4397 MSS.
344 4344 455 4414 reperit
472 4343 554 4398 aliud
572 4343 728 4413 quodpiam,
751 4347 829 4413 quod
848 4347 918 4402 Dav.
937 4350 1058 4434 recepit.
1086 4349 1135 4404 Sic
1152 4350 1345 4422 atiquodpiam

197 4412 406 4484 accipiendum,
430 4416 455 4469 si
479 4422 522 4469 est
547 4433 563 4468 a
590 4414 738 4470 01000000.-
772 4418 847 4472 Nam
871 4427 900 4472 et
923 4417 1030 4488 aliqum
1051 4437 1134 4503 saepe
1157 4422 1276 4491 dieitur⁶
1290 4439 1344 4494 pro
