2842 5070
212 325 275 394 354
419 320 648 389 CICERONIS
669 320 916 388 TUSCULAN.
938 321 1171 388 DISPUTA'I'.

211 489 323 551 mollis
345 497 380 550 et
399 476 557 553 enervata
576 486 724 571 putanda
744 497 796 552 001
810 483 1111 568 Peripateticorum
1126 489 1215 550 ratio
1237 495 1375 551 ets-ora«

212 573 279 634 tio:
301 573 358 651 qui
379 573 573 653 perturbari
594 573 721 635 animos
741 590 874 634 necesse
896 569 1012 631 dicunt
1026 589 1112 645 esse3
1134 569 1195 643 sed
1209 571 1370 638 adhibent

149 652 542 746 cenomannensium,
571 674 671 736 quem
691 655 780 716 ultro
804 653 965 737 progredi
984 673 1052 714 non
1074 661 1238 736 oporteat.
1289 655 1382 717 Mo..

284 841 422 899 Quocirca
443 840 540 896 mollis
560 847 589 895 et
606 849 737 896 enervata
760 842 887 911 putanda
913 847 955 895 est
972 839 1222 910 Peripateticorum
1245 844 1323 898 ratio
1341 854 1368 905 et

211 913 340 982 oratioe]
376 915 482 979 „Inter
500 913 609 967 Stoicos
627 923 657 966 et
674 913 879 983 Peripateticos
900 912 1050 964 dissidium
1079 921 1130 966 est.
1168 913 1260 968 Stoici
1289 916 1369 970 enim

210 994 340 1038 asserunt
366 984 595 1054 perturbationes
620 1000 717 1037 omnes
735 985 889 1054 exstirpari
912 1000 992 1053 posse
1018 982 1052 1035 de
1075 985 1227 1051 mentibus,
1256 988 1368 1041 assidua

210 1054 398 1109 meditatione
416 1055 544 1108 virtutis.
583 1056 690 1108 Contra
707 1055 894 1124 Peripatetici
917 1063 946 1107 et
972 1054 1040 1106 nori
1058 1053 1222 1124 Academici
1247 1055 1368 1111 affectus

192 1127 397 1180 -moderantur
422 1143 456 1178 ao
480 1135 540 1179 tem
562 1134 652 1178 eraut.
689 1125 832 1186 Adversus
859 1140 930 1195 quos
956 1124 1129 1191 MrTullius
1156 1128 1368 1197 inpraesentia

139 1203 141 1209 '
210 1204 350 1268 tanquam
376 1195 489 1249 Stoicus
522 1144 659 1250 adorirer
690 1187 816 1267 dispuiat
848 1209 1014 1264 ,nervosque
1048 1197 1206 1254 contendit.
1235 1200 1313 1267 quod
1339 1206 1368 1251 et

211 1266 319 1321 Seneca
342 1266 448 1337 ubique
471 1267 613 1326 librorum
638 1265 755 1320 efficere
778 1275 913 1331 conatur,
946 1266 1086 1341 dogmatis
1110 1267 1276 1321 Stoicorum
1300 1287 1367 1341 pro·

210 1347 354 1424 pugnator
371 1338 543 1396 acerrimus:
572 1338 623 1408 qui
642 1339 674 1390 in
692 1355 707 1390 e
728 1338 819 1390 istolis
837 1337 871 1389 ad
888 1336 1036 1389 Lucilium
1054 1337 1096 1388 sic
1113 1338 1229 1403 scribit:
1257 1341 1366 1393 Utrum

210 1418 298 1462 satius
322 1409 369 1473 sit,
394 1408 521 1461 modicos
546 1408 693 1462 haberer
719 1417 806 1474 ectus,
832 1425 868 1459 an
894 1407 998 1473 nullos,
1026 1424 1107 1478 saepe
1132 1411 1294 1479 quaesitum
1314 1420 1365 1463 est.

211 1480 304 1550 poetri
323 1479 568 1549 iUos'expelluut,
586 1480 772 1549 Peripatetici
790 1486 963 1550 temperant.
1000 1477 1063 1551 Ego
1090 1479 1268 1547 non,video,
1297 1498 1367 1551 quo-

141 1597 144 1603 .
210 1552 295 1604 modo
313 1549 432 1604 salubris
450 1559 499 1602 aut
516 1549 599 1601 utilis
616 1550 706 1620 possit
724 1567 782 1603 esse
800 1549 862 1602 ulla
880 1549 1061 1601 mediocritas
1086 1550 1189 1616 morbi.
1228 1551 1366 1605 Ceterum

209 1622 414 1691 Hieronymus,
433 1619 609 1684 Lactantius,
627 1619 803 1695 Augustinus
821 1636 837 1671 a
857 1620 978 1690 probant
1001 1618 1233 1674 mediocritatem
1249 1623 1367 1692 Peripa-

109 1720 114 1725 ·
210 1692 376 1745 teticorum.
414 1692 455 1743 Et
478 1691 644 1743 Lactantius
670 1691 796 1761 quidem,
852 1688 930 1755 iaici,
957 1689 1008 1754 ait,
1047 1688 1122 1758 [Diu.
1148 1693 1219 1746 lust.
1245 1695 1294 1746 VI.
1320 1697 1364 1749 15.

232 1797 240 1812 .
260 1764 320 1818 598.
342 1760 386 1816 ed.
406 1761 529 1827 Gallaei]
548 1761 661 1826 furiosi,
681 1761 728 1830 qai
746 1778 779 1814 ea
797 1777 852 1814 non
870 1767 1033 1829 temperant,
1051 1762 1101 1813 ced
1119 1763 1292 1829 abscindunt,
1320 1771 1373 1818 rem

209 1778 312 1902 dneqne
337 1850 355 1885 a
372 1837 476 1885 natura
493 1830 591 1885 inritis
610 1833 739 1884 castrari
758 1830 894 1885 bominem
917 1831 1116 1898 quodammodo
1145 1834 1248 1887 volant.
1287 1835 1366 1890 Quod

210 1903 267 1972 tale
286 1909 336 1968 eet,
356 1902 447 1972 percle,
466 1901 494 1954 si
511 1902 595 1955 velint
613 1907 667 1956 aut·
679 1909 780 1955 metum
800 1899 947 1955 detrahere
971 1904 1080 1967 cercis,x
1097 1911 1144 1956 aut
1167 1920 1297 1958 venenam
1316 1921 1367 1958 an-

209 1972 321 2042 guibus,
339 1981 386 2026 aut
405 1972 481 2025 iram
498 1972 579 2039 ferie,
607 1978 655 2024 ant
671 1974 864 2042 placiditatem
879 1972 1039 2038 pecudibus.
1068 1999 1100 2010 -
1136 1975 1271 2028 Homines
1293 1992 1366 2043 pru-

211 2045 304 2098 dentes
321 2060 375 2106 non
394 2042 568 2111 intelligant,
586 2059 648 2095 cam
664 2043 736 2097 vitia
754 2061 788 2097 ea
810 2041 919 2095 bomine
938 2042 1049 2110 tollant,
1076 2043 1214 2099 etiamn
1230 2044 1365 2097 uirtutem
1408 2056 1411 2060 ’

129 2151 133 2155 -
210 2115 325 2169 tollere:
355 2112 403 2166 cai
426 2113 483 2167 ccli
509 2114 598 2183 locam
620 2112 762 2177 faciant.“
785 2114 936 2184 Beroalds
953 2113 1035 2166 Conf.
1060 2124 1144 2186 supra
1166 2115 1218 2170 111.
1246 2117 1288 2169 19.
1314 2118 1361 2170 99.

209 2185 282 2238 Add.
303 2202 372 2254 quos
389 2184 485 2237 laudat
504 2184 639 2239 Ochsner.
666 2184 701 2236 ad
718 2183 776 2237 Cio.
796 2184 918 2258 Eclogg.
944 2201 973 2254 p.
996 2188 1031 2240 99
1048 2200 1088 2255 sq.
1106 2185 1149 2238 ed.
1167 2187 1194 2240 3.
1222 2211 1256 2222 -
1289 2185 1361 2241 Cod.

208 2254 299 2311 Rehd.
320 2254 449 2307 exhibet:
469 2255 571 2308 mo'lia
589 2252 653 2318 (sic)
672 2253 780 2308 etiam
799 2260 941 2307 enervata.
979 2256 1040 2309 Mr.
1277 2257 1281 2264 “
1351 2312 1357 2322 ,

280 2322 451 2377 Perturbari
468 2324 575 2377 animos
592 2337 779 2380 necessariae
805 2324 910 2391 dicant]
947 2325 991 2377 Ita
1017 2324 1364 2395 statuerePeripatetici3

210 2392 287 2463 quod
305 2393 362 2458 illi,
381 2410 447 2445 cum
465 2394 586 2464 reliquis
602 2396 808 2449 vetustioribus
825 2396 1015 2466 philosophis,
1037 2395 1264 2467 perturbationes
1282 2391 1368 2448 natu·⁴

182 2496 187 2512 .
209 2463 284 2516 rales
303 2479 361 2517 esse
380 2474 563 2529 censuerunt,
587 2474 620 2520 ut
645 2466 728 2519 docet
752 2468 853 2533 Cicero
881 2465 964 2518 Acad.
984 2467 1008 2531 l,
1029 2469 1070 2521 lO.
1107 2465 1273 2519 Lactantius
1298 2466 1364 2520 niv.

191 2580 197 2598 Α,
209 2531 282 2591 lust.
301 2536 350 2600 VI,
370 2536 412 2590 15.
431 2538 495 2604 aspi
511 2541 570 2589 ectr
586 2540 689 2590 παθῶν
707 2537 748 2588 sic
765 2537 912 2606 loquitur:
942 2536 1018 2588 Haec
1042 2536 1187 2603 naturalia
1212 2552 1283 2605 ease,
1312 2553 1367 2591 non

210 2605 378 2668 voluntaria,
402 2605 523 2657 omnium
540 2605 690 2661 viventium
707 2608 784 2660 ratio
809 2609 992 2671 demonstrat,
1022 2623 1093 2689 puae
1116 2606 1219 2660 iisdem
1243 2607 1368 2661 omnibus

173 2680 177 2688 “
212 2674 340 2744 quatitur
358 2674 523 2742 adfectibus.
562 2675 746 2744 Peripatetici
764 2694 834 2746 ergo
853 2679 963 2749 rectius,
983 2693 1029 2746 par
1041 2674 1117 2733 baec
1141 2679 1234 2731 omnia
1254 2675 1368 2730 detrudi

211 2754 315 2812 negant
336 2761 429 2814 porse,
457 2745 525 2815 quia
549 2746 692 2800 nobiscum
709 2747 793 2800 simul
809 2753 877 2800 nata
903 2750 967 2802 rint.
1005 2747 1110 2799 Contra
1128 2746 1219 2801 Stoici
1237 2749 1365 2801 adfectus

139 2864 144 2877 ,
211 2813 319 2869 iudicio
338 2825 368 2868 et
385 2817 520 2886 opinione
543 2827 687 2886 susceptos
705 2825 817 2887 putant,
844 2819 964 2887 ideoque
991 2816 1168 2872 contendunt
1192 2835 1238 2872 eos
1266 2818 1366 2872 exstir-

156 2921 160 2928 .
232 2886 276 2936 ari
298 2902 379 2955 posse
406 2885 551 2941 radicitus.
575 2887 788 2956 ,Hieronymus
816 2889 877 2940 adv.
904 2888 997 2962 Pelag.
1027 2888 1062 2940 ad
1091 2887 1220 2956 Ctesiph.
1248 2906 1277 2960 p.
1302 2891 1363 2945 546.

211 2903 302 3009 Stoici
318 2955 545 3024 perturbationes
563 2988 596 2999 -
616 2965 740 3010 asserunt
757 2958 898 3026 extirpari
917 2975 999 3028 poree
1026 2960 1061 3011 de
1086 2959 1232 3024 mentibus,
1252 2965 1287 3022 ,et
1305 2960 1365 3014 nal-

209 3026 267 3101 lam
282 3027 386 3092 'fibram
408 3026 585 3094 radicemque
609 3027 743 3081 citiorum
765 3028 795 3082 in
820 3028 927 3083 bomine
955 3028 1065 3082 omnino
1083 3031 1221 3094 residem
1246 3030 1364 3083 medita-

194 3097 288 3151 tione
312 3104 339 3150 et
362 3096 481 3152 ,assidua
507 3097 708 3153 exercitatione
735 3101 875 3154 virtutum.
912 3100 984 3152 Vide
1010 3108 1040 3151 et
1057 3102 1184 3156 Prooem.
1205 3099 1283 3153 Dial.
1303 3101 1364 3154 adv.

210 3166 307 3292 reug
323 3185 388 3241 pag.
408 3169 469 3223 554.
489 3186 523 3220 ao
539 3152 759 3239 lusitanum
777 3171 887 3222 manua.
908 3170 957 3222 ub.
977 3168 1169 3240 11101001.
1206 3169 1243 3223 c.
1305 3230 1306 3235 Ν

186 3289 190 3296 ,
247 3268 250 3273 -
305 3238 530 3308 eripateticorum
554 3241 630 3293 ratio
657 3247 683 3292 et
708 3238 816 3304 oratio]
865 3241 1053 3307 „Posteriora
1075 3241 1171 3306 verba,
1209 3239 1362 3306 eiuratio,

209 3308 296 3379 plene
314 3326 531 3378 supervacanea,
549 3311 599 3362 vel
616 3311 749 3362 lectionis
766 3311 901 3364 varietati
920 3311 1019 3364 deberi
1039 3310 1187 3378 videntur,
1216 3312 1267 3364 vel
1291 3311 1365 3386 glos·

210 3380 312 3432 satori:
333 3396 421 3448 quare
440 3379 611 3439 eiicienda.“
630 3379 718 3433 Bottia
756 3382 833 3433 Haec
852 3383 938 3434 etiam
956 3381 1024 3434 alibi
1043 3381 1214 3454 iunguntur,
1233 3400 1261 3435 v.
1282 3399 1307 3434 c.
1320 3384 1362 3447 28,

211 3451 258 3504 6⁰:
292 3449 346 3505 illa
370 3455 461 3502 autem
485 3450 577 3502 altera
598 3450 678 3512 ratic
703 3456 729 3503 et
747 3451 849 3504 oratio:
885 3462 914 3504 et
931 3452 960 3504 h.
980 3452 1001 3502 l.
1022 3451 1148 3504 oratione
1176 3451 1252 3505 illud
1271 3451 1364 3505 dicant

211 3519 374 3588 respicitur.
411 3521 511 3587 ltaque
536 3528 645 3583 temere
663 3521 875 3576 Buh..delebat
904 3514 930 3574 et
957 3520 1080 3590 oratio.“
1103 3522 1216 3576 Nissen.
1260 3522 1363 3575 Amare

211 3589 380 3643 Ciceronem
403 3590 543 3643 eiusmodi
566 3585 734 3661 anpppp'cae
759 3600 858 3644 notum
881 3602 931 3645 est.
969 3591 1098 3644 Collecta
1120 3591 1206 3647 habes
1234 3593 1380 3663 exempla⁸

212 3660 287 3730 apud
305 3659 439 3715 Ochsner.
459 3660 491 3712 in
509 3661 581 3714 Eclo
602 3681 630 3736 g.
651 3661 712 3714 Cic.
737 3679 765 3731 p.
786 3664 848 3718 1⁰2.
872 3663 914 3715 ed.
934 3665 960 3717 3.
985 3663 1060 3733 a'pud
1080 3663 1217 3715 Beierum
1242 3666 1278 3718 ad
1303 3664 1362 3717 Cic.

212 3730 246 3782 de
266 3731 318 3784 Off.
338 3732 360 3783 1.
383 3734 425 3794 18,
444 3734 488 3786 61.
511 3748 541 3800 p.
563 3680 613 3787 lia
631 3748 690 3800 sq.;
719 3748 770 3784 nos
797 3733 832 3785 ad
849 3733 907 3786 Cio.
929 3733 963 3785 de
981 3732 1077 3785 Divin.
1098 3733 1136 3786 11.
1156 3736 1181 3788 9.
1202 3736 1229 3790 4.
1253 3754 1282 3805 p.
1303 3737 1364 3791 9980

212 3800 272 3851 add.
302 3801 395 3855 Beier.
420 3800 455 3851 ad
476 3801 553 3853 Lael.
573 3804 617 3856 91.
639 3804 680 3856 19-
706 3816 734 3870 p.
756 3803 807 3856 199
825 3822 866 3872 sq.
894 3812 924 3856 et
947 3820 1017 3873 quos
1040 3803 1137 3854 laudat
1163 3805 1190 3856 J.
1211 3804 1313 3892 Sillig.
1335 3806 1364 3857 in

212 3868 312 3922 Jabnii
336 3868 453 3920 Annall.
482 3868 599 3922 Philoll.
620 3878 650 3922 et
674 3872 810 3946 Paedagg
838 3874 957 3930 18991.
979 3879 1003 3929 l.
1022 3891 1051 3942 p.
1070 3875 1114 3928 98.
1144 3905 1178 3916 -
1213 3874 1365 3933 Rationem

41 3952 43 3959 ·
113 3968 117 3975 ‹
212 3939 347 4011 intellige
366 3939 564 4010 disciplinam3
591 3942 746 3994 oraticnem
768 3951 865 3996 autem
884 3945 945 3997 eius
972 3942 1141 4012 disciplinae
1162 3952 1199 3996 et
1217 3946 1365 4002 doctrinae

193 4010 428 4078 ¹expositionem.
467 4010 603 4064 Ceterum
627 4012 728 4064 desunt
753 4028 837 4066 voces
864 4022 890 4067 et
916 4015 1009 4067 oratio
1037 4014 1069 4064 iu
1087 4012 1173 4066 Codd.
1195 4015 1269 4070 Gud.
1291 4020 1318 4074 9.
1338 4025 1365 4069 01

212 4079 318 4131 duobus
337 4081 407 4134 Oxx.
428 4080 538 4151 Scripsi
556 4090 652 4135 autem
671 4081 767 4134 dicunt
792 4100 854 4137 ease
882 4102 948 4137 cum
965 4085 1034 4138 Dav.
1056 4085 1103 4136 Or.
1123 4084 1195 4135 Tbn.
1224 4104 1261 4140 ex
1278 4087 1364 4143 Godd.

208 4152 252 4219 110
275 4187 281 4200 .
301 4143 375 4203 Cud.
397 4154 421 4204 1.
440 4154 466 4207 9.
493 4152 537 4203 Αο
559 4190 565 4202 .
591 4153 766 4208 910119.
795 4155 891 4207 Duisb.
912 4155 956 4220 [in
974 4171 1030 4224 quo
1050 4162 1092 4207 est
1110 4153 1205 4220 quibas
1222 4174 1277 4227 pro
1306 4156 1365 4230 put]

212 4167 500 4286 1010011001.
548 4239 593 4277 on.
614 4229 640 4279 l.
660 4224 685 4278 9.
722 4224 887 4295 Reliqui-et
904 4225 1007 4295 scripti
1033 4233 1062 4277 01
1081 4225 1152 4277 editi
1175 4242 1234 4280 eece
1256 4228 1365 4295 dicunt,

212 4293 287 4362 qnod
306 4300 369 4362 post
387 4307 495 4346 necesse
512 4293 589 4366 haud
606 4294 651 4348 ele
673 4303 756 4349 anter
773 4303 861 4348 sonat.
897 4297 978 4350 Unus
996 4296 1047 4352 Ox.
1070 4295 1157 4349 hebet
1180 4296 1279 4354 dicuat
1305 4306 1365 4358 ert.

212 4361 583 4421 Modumtuadbibec.
621 4311 682 4420 ΜΞ.
945 4354 977 4416 Ϊ

283 4448 376 4504 quem
395 4433 498 4487 ultra
521 4433 679 4506 progredi]
716 4432 808 4488 Habet
825 4435 951 4490 similem
975 4437 1169 4493 inversionem
1192 4439 1298 4497 Cicero
1322 4459 1367 4497 su·
