2842 5070
466 308 820 391 :maun-mun
1004 336 1010 363 ·.
1160 314 1224 383 sss

57 478 148 540 'sata
169 485 203 540 et
223 477 367 565 inglosia
387 475 456 541 ctas
477 477 618 540 soleant:
645 478 967 560 'separatim'cottae
991 475 1125 541 scholae
1143 486 1223 543 sunt
1275 499 1285 515 ²

74 560 117 623 de
137 563 264 639 exsilio,
287 561 478 623 deinteritu
491 561 633 641 patriae,
656 558 697 621 de
717 563 892 637 servitute,
913 559 955 623 de
972 558 1158 638 debilitate,
1180 560 1222 625 do

73 647 244 720 caecitate,
269 641 310 704 de
328 641 525 717 amnicum,
553 643 588 703 iu
602 662 666 723 quo
684 661 805 704 nomeu
817 645 895 724 poni
908 643 995 704 solet
1015 643 1221 708 calamitatis.
1256 651 1260 658 ‘

73 725 167 787 Haec
196 724 318 789 Graeci
346 726 381 785 in
400 725 549 806 singulas
579 724 713 786 scholas
732 735 777 786 et·
792 727 829 787 in
852 726 1008 812 singulus
1029 725 1133 788 libras
1154 725 1222 807 dis-

72 810 239 888 pertiunte
289 818 371 890 opus
404 808 494 869 enim
525 815 708 889 quaerunt:
749 827 935 891 quanquam
963 807 1081 889 plenae
1107 806 1221 892 dispu-¹

72 988 153 1033 ctum
171 979 220 1032 ait.
257 978 303 1032 Ex
321 978 428 1033 nostris
445 973 533 1032 habet
552 982 643 1031 aulem
661 977 738 1031 solus
755 976 855 1043 Rehd,
870 970 912 1030 viu
931 993 988 1048 quo
1007 978 1149 1048 scriptum
1168 983 1220 1046 ess,
1261 1016 1263 1022 ψ

72 1053 255 1174 peperutim.
293 1052 391 1128 Pergit
405 1051 484 1136 tillon.
506 1055 529 1105 l.
550 1045 707 1135 cumilldd.
728 1051 811 1103 Juut.
830 1051 1009 1172 Yssff'wrf
1030 1058 1126 1103 certe
1142 1049 1221 1104 sedo·

71 1137 129 1244 tt
146 1122 239 1246 itt
255 1120 537 1246 titides}
550 1136 843 1245 Vtilitatis:
871 1121 1150 1260 antistiit.
1157 1128 1220 1247 ”tl

70 1259 153 1316 verb.
174 1264 204 1316 in
223 1281 316 1338 inaug.
337 1264 476 1316 nimirum
495 1265 524 1315 in
544 1258 598 1319 Ed.
619 1269 648 1327 13
666 1263 698 1333 in
716 1261 901 1331 sequentibus
921 1263 998 1316 enim
1023 1261 1116 1316 hebet.
1153 1263 1220 1319 Post

67 1335 182 1402 patriae
209 1334 278 1388 God.
303 1335 377 1408 Aug.
400 1334 513 1410 pergit:
551 1335 584 1387 de
608 1334 750 1394 caecitate,
784 1335 818 1387 de
838 1329 980 1398 seruitute,
1004 1334 1038 1386 de
1060 1337 1135 1389 osani
1150 1351 1219 1389 cusu

71 1405 129 1457 ini
135 1422 196 1474 quo
214 1407 308 1460 nomi
315 1424 369 1470 ae,
389 1405 502 1459 osnissis
520 1405 618 1458 verbis
637 1406 670 1458 de
688 1405 840 1468 debilitate.
872 1406 946 1457 Mon.
968 1409 993 1461 1.
1019 1413 1049 1459 et
1070 1406 1126 1459 duc
1145 1407 1217 1465 Oxx.

71 1475 177 1528 habent
196 1483 228 1530 et
249 1476 404 1530 debilitate.
424 1474 509 1528 Vind.
530 1479 555 1531 1.-
575 1477 609 1528 de
628 1478 769 1538 caecitate,
789 1476 823 1528 de
841 1474 995 1529 debilitate.
1032 1477 1091 1529 Mr.

73 1548 79 1558 '
141 1546 186 1601 De
204 1547 279 1600 orsini
296 1549 373 1613 casu]
409 1546 512 1623 Vulgo,
540 1553 566 1598 et
585 1545 620 1598 de
638 1543 714 1599 omui
730 1561 805 1599 casu.
842 1545 969 1617 Primam
986 1544 1120 1600 voculam
1138 1546 1218 1602 ‹tete-

68 1616 240 1741 gitpusbid
264 1617 340 1688 quod
362 1618 469 1672 volunt
489 1616 574 1693 Reg.'
594 1616 741 1673 Pithoesn.
769 1615 841 1670 Med.
867 1612 977 1700 ¹Elisus.
1010 1634 1056 1686 pr.
1088 1625 1156 1672 tort.
1188 1627 1218 1673 et

92 1707 139 1740 ἃ.
206 1728 212 1740 .

141 1759 174 1811 de
191 1761 266 1812 ouini
282 1758 359 1825 casu]
395 1758 461 1812 Post
488 1759 638 1813 Davisium
666 1760 834 1813 abiecerunt
856 1764 883 1810 et
901 1756 1043 1814 sewuf.
1064 1755 1148 1816 Selia.
1168 1759 1216 1817 Or.

70 1829 160 1883 Nobis.
182 1825 253 1884 Thu.
292 1828 404 1882 liabent
424 1836 450 1882 et
467 1831 573 1885 omisso
593 1832 638 1895 de,
655 1831 710 1887 doc
729 1830 798 1884 Oxx.
820 1837 849 1882 et
867 1830 942 1881 Most.
966 1832 1000 1894 13
1023 1836 1048 1882 et
1075 1829 1110 1882 de
1132 1848 1217 1901 prae·

70 1907 117 1954 ter
136 1901 265 1971 reliquas
283 1899 365 1962 Edd,
384 1898 528 1954 unus‘Ox.
548 1907 578 1954 et
595 1900 679 1957 Vind.
702 1906 725 1957 t.
753 1900 778 1954 si
795 1897 867 1963 tides
890 1899 1049 1955 collationi.
1074 1900 1214 1954 Goerenz.
1318 1908 1321 1913 '

69 1971 105 2038 ad
130 1972 190 2025 Cic.
218 1971 379 2045 Acadd711.
399 1974 442 2031 st.
463 1974 506 2027 87.
533 1970 609 2056 legit
632 1978 666 2025 et
692 1973 725 2025 de
747 1978 847 2025 nostro
869 1969 946 2035 loeo,
975 1971 1059 2054 cipue
1083 1973 1147 2024 voci
1165 1973 1216 2038 (et)

69 2041 229 2116 colligendi
254 2051 283 2099 at
309 2040 574 2127 cotnpuehendends
596 2042 657 2127 vim
677 2042 805 2126 tribuit..
825 2035 880 2095 Sed
898 2039 967 2110 quid
991 2058 1016 2093 ss
1034 2040 1135 2094 Cicero
1154 2058 1216 2096 eam

69 2113 1217 2261 ttttttttgnit't.t:“lt'talitatis{iustitiis&titt

45 2310 49 2317 ,
71 2256 102 2311 in
121 2253 254 2307 Schiitzii
271 2256 467 2320 annotatione,
485 2271 544 2308 non
563 2253 776 2330 castigabimus.
812 2254 866 2306 Pro
883 2253 952 2320 poni
968 2253 1024 2306 Pul.
1051 2261 1145 2322 quast.
1163 2253 1217 2309 lm·

66 2323 116 2378 bet
134 2325 200 2390 dici,
220 2327 313 2394 quint.
333 2325 466 2391 impaui;
491 2342 557 2378 eum
581 2324 638 2378 hoc
656 2325 768 2383 iaciunt
790 2333 865 2378 unus
883 2323 934 2379 01.
958 2331 988 2377 et
1013 2323 1102 2401 ltind.¹
1119 2329 1143 2381 l.
1180 2327 1215 2379 lu

67 2394 166 2452 Duisb.
186 2396 214 2448 le
236 2396 297 2450 itur
314 2397 422 2461 soleat.
442 2398 508 2448 ltlox
525 2413 601 2448 unus
620 2395 669 2448 Ox.
689 2396 767 2448 Haec
791 2396 880 2448 euim
898 2392 1007 2446 Graeci.
1044 2392 1120 2447 'l'um
1139 2390 1216 2451 elius

68 2464 135 2551 'cum
153 2414 243 2590 ῗοεῖιῇ.
263 2463 348 2591 lep'd.
369 2467 392 2518 1.
411 2464 486 2541 Aug.
505 2461 561 2520 Ed.
580 2468 660 2533 Junt.
679 2464 886 2536 dispartiunt.
906 2463 975 2521 cod.
995 2465 1106 2521 cuda
1126 2467 1217 2520 amtt-

68 2545 105 2590 tat
123 2554 152 2590 sc
200 2554 240 2590 as.
312 2549 361 2589 r.'
397 2552 402 2561 ·
863 2561 867 2566 ’

75 2611 78 2619 “
138 2605 310 2675 Opus=eaim
335 2606 504 2678 quassante]
550 2606 672 2674 „iocose
699 2607 730 2661 in
757 2604 958 2676 Philosophus,
972 2636 975 2641 ·
991 2605 1042 2677 qui
1068 2605 1215 2661 scribendi

67 2679 216 2731 materiam
242 2678 326 2732 anxie
349 2687 503 2747 quaerunt,
531 2679 606 2739 sicut
630 2694 768 2749 pauperes
802 2680 982 2746 occasionem
1012 2676 1159 2731 laborandi
1185 2683 1216 2730 et

66 2748 233 2818 quaerendi,
253 2749 327 2803 unde
346 2750 479 2802 vivanl·“
497 2749 565 2802 Era.
603 2747 651 2802 Or·
670 2748 705 2812 ad
724 2750 785 2802 eius
804 2755 901 2801 annot.
946 2763 980 2802 nc
999 2746 1146 2800 laborandi
1161 2761 1216 2818 po-

66 2819 111 2871 nit
129 2835 196 2886 opue
213 2820 338 2886 faciendi
356 2828 385 2874 et
404 2838 438 2875 ex
459 2821 531 2873 licat
550 2818 728 2873 locutionem
748 2835 853 2896 graeco
869 2765 957 2870 verda
975 2816 1162 2888 ipyoiaposiuae,
1179 2819 1216 2884 de

65 2906 134 3011 puel
147 2891 208 3012 vpldd
232 2889 388 3013 klfyttenjlpq.
414 2910 430 2943 a
473 2889 549 2943 Plut.
576 2891 611 2943 de
635 2886 759 2944 discam.
786 2887 862 2942 adul.
888 2896 943 2943 etc.
968 2907 998 2960 p·
1017 2890 1081 2945 5³2.
1103 2894 1133 2960 p:
1150 2891 1213 2946 42².

92 2998 98 3012 ι
135 3000 142 3013 0
210 2994 216 3008 ι
261 2979 313 3015 lS.
387 2978 410 3012 Y·
451 2980 455 2986 ’

137 2978 300 3099 quamqualn
323 3030 438 3098 plaue
470 3027 736 3096 disputationis
767 3036 831 3084 suut
854 3028 1068 3096 delectationis]
1112 3028 1216 3093 „Male

65 3100 108 3153 sic
127 3097 236 3164 editum
254 3098 382 3167 plenae
400 3101 620 3168 disputationes
636 3101 804 3155 scicamne
822 3101 962 3170 scriptum
982 3097 1230 3152 existimantium·

68 3169 187 3223 Turnat.
218 3171 291 3223 Ado.
316 3160 360 3234 19¹,
382 3173 409 3226 5.-
446 3170 567 3236 „Quum
591 3171 709 3245 uulgata
736 3170 823 3223 lectio
849 3187 896 3224 me
924 3187 1008 3239 saepe
1034 3169 1217 3232 offendisset,

64 3247 94 3296 et
121 3241 239 3310 quidam
265 3257 324 3294 non
352 3240 484 3293 indoctus
508 3241 539 3293 in
567 3240 642 3294 libro
666 3255 717 3294 suo
736 3240 896 3310 impresso,
923 3256 1010 3310 quem
1034 3238 1213 3293 commodato
1311 3270 1315 3277 -

64 3309 141 3364 mihi
160 3311 286 3376 dederat,
305 3311 488 3380 ascripsisset
506 3328 569 3364 nou
588 3310 793 3364 delectationis.-
816 3316 986 3380 putaveram
1004 3309 1090 3363 *hunc
1115 3308 1213 3363 locum

65 3384 108 3435 sic
128 3399 189 3436 esse
208 3382 433 3435 eluendaudum.
461 3382 509 3435 sed
527 3381 640 3435 fefellit
667 3399 715 3434 me
734 3382 845 3450 opinio.
872 3399 939 3434 nem
958 3380 1161 3441 emendandus,
1180 3387 1214 3438 ut

64 3453 190 3506 coniecit
208 3451 373 3506 Turnebus:
393 3469 556 3522 quamquam
572 3453 701 3520 plenae
719 3449 938 3520 disputationes
955 3450 1213 3506 denotationis

25 3536 27 3539 ’
64 3524 175 3577 suut.“
206 3522 361 3577 Lambinus.
405 3523 672 3590 „*Emeodationem
697 3521 836 3576 Tus-nebi
851 3523 1116 3593 comprobat-liber
1133 3519 1213 3577 lllS.“

63 3595 127 3647 Fra.
147 3594 229 3648 uate.
268 3593 381 3660 „Dedit
400 3595 496 3648 hamb.
516 3595 559 3662 [in
577 3595 629 3651 lid.
650 3594 741 3659 1566·]
768 3610 930 3663 quemqnam
950 3592 1213 3662 plau-e'diepu-

62 3664 219 3718 tationis
236 3671 310 3737 suut,
329 3683 393 3718 uon
411 3666 617 3720 delectationis:
646 3667 680 3718 in·
696 3665 762 3718 aliis
780 3664 908 3741 vulgatis
935 3664 1068 3717 omuibus
1086 3661 1213 3747 negandi

63 3731 132 3788 nola
151 3736 237 3788 abest.
272 3735 403 3806 Gryphii
422 3737 498 3790 tiber·
514 3738 556 3792 ita
580 3735 683 3790 habet:
712 3750 794 3806 quam
813 3733 976 3805 aesopicae
1002 3733 1211 3802 disputationis,

63 3805 258 3859 delectationis
284 3813 358 3873 eunt:
390 3814 423 3859 ut
441 3808 556 3885 integra
580 3807 669 3861 lectio
688 3753 1014 3875 esss·vileatur,1quam
1040 3805 1131 3858 edidit
1144 3805 1212 3856 'Va-

62 3890 209 3938 musanus,
228 3892 285 3928 una
303 3876 388 3929 modo
406 3877 502 3930 addite
520 3879 624 3949 copula
643 3893 695 3947 que
712 3886 777 3948 poet
797 3894 898 3932 uocem
917 3875 1120 3933 delectationis.
1154 3873 1212 3928 Sed

62 3961 188 4013 quonam
211 3946 297 3998 modo
321 3963 395 4014 quse
420 3946 623 4016 disputationis
649 3948 717 4013 sint,
744 3955 811 4018 epte
837 3949 935 4003 eadem
954 3946 1140 4002 delectationi
1158 3941 1211 3998 lsa-

60 4015 193 4078 beantus,
212 4032 280 4068 cum
297 4012 506 4086 disputationes
518 4020 586 4072 iere
605 4036 721 4088 semper
738 4019 969 4072 concertationes
983 4018 1155 4081 ‘verlice-um,
1179 4023 1210 4070 et

60 4084 184 4139 molesta
208 4104 241 4139 ac
266 4086 380 4155 spinosa
403 4089 477 4140 satio
501 4088 641 4157 probandi
660 4105 720 4153 sua,
746 4089 902 4142 refellendi
926 4088 1082 4149 contraria,
1111 4103 1210 4140 eonse-

61 4166 178 4226 quatur,
197 4156 375 4211 non'vide‘o:
400 4157 458 4208 nisi
480 4159 545 4226 quis
563 4157 681 4210 credere
699 4159 792 4221 malit,
818 4159 1043 4229 disputationem
1064 4155 1121 4210 hoc
1144 4156 1209 4208 loco
1274 4185 1282 4192 ·

60 4229 123 4280 acci
147 4229 229 4300 ipro
249 4227 367 4298 quadam
387 4229 528 4282 sermonis
547 4227 820 4293 communicatione,
847 4246 903 4296 qua
922 4244 1006 4297 saepe
1023 4228 1114 4282 animi
1133 4225 1211 4278 rala-

60 4246 148 4351 x'amll
169 4317 254 4354 causa
277 4299 336 4350 viri
379 4299 505 4367 nincipes
530 4298 576 4350 uti
595 4297 707 4351 solent:
733 4299 785 4366 qui
805 4315 871 4351 cum
890 4305 959 4351 sunt
980 4299 1065 4350 vacui
1083 4314 1099 4348 a
1117 4296 1207 4358 curis,

62 4369 94 4419 in
112 4370 253 4424 villarum
272 4371 330 4422 otio
353 4314 388 4421 ele
407 4367 491 4421 rebus
511 4385 595 4438 saepe
613 4368 645 4419 in
667 4366 852 4439 philosophia
876 4367 1045 4430 reconditis,
1070 4365 1120 4417 sed
1145 4363 1208 4432 pla·

61 4439 126 4495 eide
144 4451 174 4496 et
192 4441 297 4509 sedate,
316 4439 459 4495 disserere
477 4445 699 4496 consueverunt.
735 4438 798 4494 Hoc
815 4445 903 4495 sensu
918 4445 1000 4496 necte
1024 4433 1208 4504 paullopost
