2842 5070
174 297 196 357 t
366 289 598 357 CICERONIS
618 288 867 359 Tuscum.
890 292 1121 364 DISPUTAT.

174 455 261 519 tioni
281 465 491 538 consecrata3
512 456 617 520 animi
637 466 749 520 autem
770 456 937 522 medioina
958 479 1021 524 nec
1047 469 1116 523 tam
1143 453 1330 528 desiderata

174 540 232 620 sit,
252 547 428 624 antequam
448 541 597 619 inventa,
618 559 679 602 nec
692 549 761 603 tam
783 541 872 603 culta
884 551 1101 626 posteaquam
1116 547 1248 630 cognita
1269 555 1330 626 est,

173 722 302 779 uirorum
312 725 439 792 'fortium
455 723 618 779 memoriam
634 722 737 780 bonore
757 725 872 779 deorum
890 726 1090 780 inmortalium
1107 728 1328 786 comecratam.“

161 794 306 850 ‘Boudiea
344 797 445 864 „Quid
462 798 487 849 si
505 803 670 851 cumeorum
687 797 808 881 perinde
834 798 979 870 accipitur
1005 815 1037 850 ac
1056 800 1219 870 assignata,
1242 800 1328 854 attri-

172 867 261 921 buite?
296 870 391 922 Potest
409 868 528 938 quidem
545 870 587 920 sic
605 868 708 938 accipu.
746 866 820 934 Quid
839 877 882 923 est
900 869 979 921 enim
997 872 1196 924 consecratio?
1231 873 1329 946 Assig-

172 937 270 1004 nandi,
289 939 465 992 attribuendi
483 938 634 991 addicendi
653 941 746 991 foruna
765 939 911 1007 quaedam.
948 940 1024 992 Tum
1048 951 1210 1010 opportune
1231 951 1329 996 monet

172 1009 372 1079 Wopkensius
391 1011 431 1076 11,
452 1013 493 1065 lt.
515 1025 573 1064 non
591 1025 658 1062 raro
677 1009 784 1062 actioni
802 1010 904 1075 tribui,
924 1010 1000 1080 quod
1017 1028 1156 1080 personae
1176 1015 1326 1067 convenit:

173 1087 203 1133 at
220 1082 273 1134 ΠΙ.
294 1084 318 1134 l.
339 1097 396 1133 non
415 1080 570 1134 abhorrere
588 1079 722 1133 Tullium
740 1081 773 1131 ab
792 1082 853 1133 eius
871 1081 982 1155 figurae
1000 1099 1061 1145 usu,
1081 1083 1168 1152 quam
1186 1101 1328 1158 gramma-

172 1151 228 1204 tici
243 1161 349 1204 vocant
366 1152 554 1228 hypallagen.
593 1152 703 1204 Ibidem
721 1152 774 1203 lll.
794 1154 820 1208 3.
859 1187 877 1217 „
886 1151 993 1217 „Solet
1010 1153 1124 1204 Tullius
1151 1155 1186 1207 de
1206 1156 1328 1225 qualita-

173 1221 250 1274 tibus
274 1239 374 1276 rerum
396 1223 487 1293 loqui,
513 1232 650 1291 tanquam
668 1222 702 1274 de
724 1223 809 1274 rebus
833 1222 911 1292 ipsis,
932 1240 1054 1292 quarum
1080 1224 1149 1277 illae
1174 1227 1328 1295 qualitates
1370 1248 1372 1252 ·

172 1293 297 1346 sunt.““
333 1295 394 1348 Iam
420 1295 567 1364 proposita
591 1293 741 1346 Ciceronis
764 1293 852 1346 verba
877 1293 918 1344 sic
943 1294 1047 1363 opinor
1073 1311 1154 1364 posse
1182 1297 1325 1382 intelligi:

172 1363 228 1416 Ars
245 1364 379 1418 medendi
396 1370 519 1435 propter
537 1381 616 1418 suam
633 1364 795 1416 utilitatem
812 1363 868 1416 diis
886 1364 1027 1438 assignata
1044 1365 1102 1417 fuit
1127 1375 1265 1437 tanquam
1285 1385 1328 1419 m-

172 1435 346 1488 ventoribus.
383 1434 448 1501 Vel,
467 1436 543 1506 quod
562 1435 660 1489 eodem
684 1433 775 1488 redit:
803 1435 938 1488 inventio
962 1437 1032 1487 artis
1056 1436 1183 1490 medicae
1208 1447 1328 1508 propter
1388 1465 1391 1479 =

172 1522 252 1558 suam
280 1506 441 1559 utilitatem
467 1507 522 1559 diis
547 1507 606 1559 fuit
635 1505 781 1558 attributa.
791 1504 810 1534 ⁴‘
846 1507 939 1558 Aaou.
972 1523 1017 1574 ep.
1042 1506 1141 1561 olivet.
1180 1508 1328 1574 „Nullum

173 1584 218 1630 est
235 1577 329 1646 aptius
347 1577 417 1630 huic
435 1577 499 1630 loco
518 1576 689 1641 remedium,
718 1594 802 1644 quam
828 1577 903 1646 quod
920 1559 1074 1630 Lambisss
1099 1579 1207 1645 attulit,
1235 1590 1269 1632 ut
1287 1581 1329 1633 le-

172 1655 260 1725 gatur
277 1647 390 1717 eiuaqtte
406 1646 522 1702 utilitas
540 1657 606 1713 etc,
626 1664 745 1716 eamque
765 1647 961 1717 aBipontinis
988 1658 1135 1718 receptam
1161 1668 1219 1703 esse
1245 1651 1327 1702 valde

172 1720 334 1804 probamus.
371 1719 464 1772 Verba
482 1720 560 1772 enim
579 1719 691 1786 eiusque
717 1717 828 1773 utiliter
846 1720 960 1772 deorum
983 1720 1138 1774 inventioni
1163 1728 1328 1775 eoaaecrata

173 1788 252 1843 udam
286 1790 452 1865 significant
485 1809 533 1844 ac:
570 1799 656 1859 eaque
686 1796 805 1858 prepter
836 1790 993 1844 utilitatem
1026 1792 1140 1845 deorum
1172 1792 1329 1847 inventioni

72 1895 77 1904 -
173 1867 345 1915 comecrata.
383 1862 463 1928 Quod
479 1861 530 1914 hic
548 1861 582 1913 de
598 1860 753 1926 medicina,
782 1861 859 1914 idem
877 1861 946 1915 alibi
965 1862 999 1915 de
1026 1864 1190 1932 eloquentia
1215 1865 1328 1934 praedi-

173 1941 265 1998 catur,
287 1933 321 1986 de
340 1933 416 1985 Orat.
436 1935 459 1989 1.
479 1935 529 1996 463
548 1931 659 1986 Sedula.
681 1931 798 2000 Opuscc.
819 1932 840 1983 l.
861 1951 885 1985 c.
907 1964 937 1974 -
959 1932 1097 1985 Ernestus
1116 1951 1183 1986 cum
1201 1935 1269 1987 Dav.
1297 1935 1328 1986 in

173 2021 238 2057 ann.
259 2000 312 2056 Ed.
332 2007 358 2059 2.
387 2004 474 2056 verba
492 2009 574 2070 atque
592 2004 653 2055 eiua
671 2001 787 2055 utiliter
805 2005 902 2074 spuria
920 2012 1006 2072 atque
1032 2004 1174 2056 elicienda
1201 2006 1327 2074 putabat,

172 2076 223 2129 vel
240 2083 320 2129 certe
339 2074 400 2128 eius
418 2075 614 2127 coniecturam
632 2089 690 2125 non
709 2073 895 2144 improbabat.
914 2074 1065 2127 Nissenius
1074 2074 1271 2128 timidiuscule
1284 2076 1328 2126 in-

173 2147 276 2214 cisum,
295 2146 360 2200 loco
378 2153 499 2210 motum,
517 2143 582 2214 post
597 2143 640 2197 eit
657 2144 726 2214 poni
743 2144 866 2211 volebat,
885 2154 919 2196 ut
933 2159 1024 2217 ‘cauae
1042 2145 1188 2219 significet
1205 2148 1327 2217 fontem,

172 2219 333 2282 materiam,
353 2225 382 2269 et
399 2216 455 2268 hoc
474 2217 506 2268 in
524 2215 587 2268 eiua
605 2232 636 2268 re
658 2223 762 2269 etatur.
800 2216 903 2280 „Haec
921 2216 975 2278 a'rs,
1003 2215 1053 2278 ait,
1078 2224 1201 2285 prepter
1217 2217 1328 2268 utilita-

173 2299 234 2344 tem
251 2289 316 2354 diis,
335 2297 472 2354 tanquam
490 2233 688 2340 inventorihus
706 2295 877 2339 consecrata.
915 2286 967 2350 Ita,
994 2285 1095 2353 quanti
1114 2303 1176 2337 eam
1193 2286 1326 2339 homines

173 2360 309 2425 fecerint,
329 2366 463 2428 apparet:
483 2374 550 2424 non,
569 2358 593 2409 ei
611 2357 689 2433 legas
708 2374 775 2408 cum
792 2355 863 2408 Buh.
885 2353 1076 2408 inventione.“
1112 2356 1172 2410 Ma.

144 2468 146 2471 ·
247 2447 381 2504 Quaesitae
399 2447 437 2500 ait
455 2445 517 2513 ara]
556 2446 575 2499 i.
597 2463 632 2511 e,
651 2447 693 2498 ait
710 2444 811 2501 FAW·
832 2445 863 2497 in
882 2444 999 2510 scholis,
1018 2445 1139 2499 inventa.
1176 2442 1229 2500 Sed
1248 2456 1328 2500 recte

174 2521 223 2575 Or.
242 2518 371 2590 quaesite
388 2519 429 2571 ait
447 2518 554 2589 opponi
572 2517 703 2587 sequenti
721 2515 850 2581 invenem
876 2524 910 2567 ut
928 2516 1056 2584 quaesita
1074 2517 1113 2568 sit
1130 2518 1150 2568 i.
1172 2535 1199 2586 q.
1219 2519 1329 2571 deride-

130 2632 134 2636 -
174 2596 251 2644 reta.
288 2592 357 2658 „Vu
391 2599 436 2643 ata
461 2588 522 2642 eiua
547 2595 629 2658 utque
656 2586 768 2640 utititas
795 2587 913 2639 absurda
932 2593 981 2638 est.
1019 2587 1168 2662 intellige:
1194 2587 1266 2662 haec
1284 2607 1329 2640 ars

174 2670 297 2788 tttt‘
319 2662 477 2785 ituit
503 2656 784 2784 diiiiaiiiiiiii‘
806 2655 1328 2783 autititttttitttb..i-{f

174 2751 473 2861 bus.“''1i‹⁵1re¹1nuc¹f.
491 2749 583 2853 Iitiam
601 2800 633 2851 F.
653 2746 805 2851 Boemeri)
812 2798 881 2850 Anti
904 2799 970 2851 uitt.
991 2798 1124 2853 Medicin.
1140 2799 1327 2886 Aegyptiace.

174 2877 201 2931 4.
221 2875 401 2950 Witteberg.
430 2875 506 2928 1756.
528 2873 587 2925 Mr.
607 2869 677 2922 Add.
697 2817 924 2937 Hundertmaiiz.
946 2869 977 2921 in
995 2868 1191 2923 Ackermanm
1209 2873 1326 2942 Opuscc.

175 2947 210 3001 ad
222 2947 381 3001 medicinae
395 2944 498 2996 histor.
513 2941 619 3012 pertin.
639 2958 667 3010 p.
680 2945 713 2996 ll
725 2959 786 3010 sqq.
808 2948 836 2992 et
849 2939 1016 3015 Scblaeger.
1036 2938 1073 2992 ib.
1091 2959 1120 3011 p.
1132 2944 1193 2998 333,
1213 2941 1328 2996 sctum.

249 3017 367 3072 Utilitae
384 3016 508 3068 Deorum
526 3011 725 3064 immortalium
742 3011 896 3064 inventioni
912 3010 1086 3077 conaecrata]
1125 3013 1330 3068 Ciceronianae

176 3089 281 3143 similis
307 3096 350 3142 est
373 3086 466 3140 ἔννοια
482 3081 631 3140 Plutarchi
658 3084 722 3151 περὶ
739 3081 851 3150 παιδαγ.
878 3100 943 3158 pag.
965 3087 989 3137 7.
1015 3083 1048 3134 D.
1087 3082 1160 3138 Sane
1186 3086 1329 3138 medicina

175 3159 246 3214 Diie
262 3160 385 3229 primam
403 3157 561 3209 inventores
580 3168 645 3206 auce
662 3153 822 3221 rerigeravit
840 3159 869 3214 et
885 3154 962 3208 caele
981 3152 1097 3220 dicavit,
1116 3164 1151 3207 ut
1168 3157 1210 3208 ait
1218 3155 1329 3209 Plinius

175 3232 211 3285 Η.
231 3233 268 3285 Ν.
288 3231 385 3295 xxix,
406 3232 429 3282 1.
466 3226 544 3279 Hinc
562 3224 645 3276 illam
662 3229 738 3279 θεῶν
754 3225 896 3296 παίδευμα
913 3235 998 3278 vocat
1016 3225 1159 3277 Lucienus
1178 3227 1209 3276 in
1228 3226 1326 3277 Abdic.

175 3303 256 3356 Tem.
277 3304 299 3355 1.
319 3318 383 3375 pag.
405 3301 465 3355 tm.
502 3295 607 3367 Apollo
625 3304 721 3348 autem
738 3296 893 3366 praecipue
912 3296 1065 3366 denqtatur
1083 3305 1112 3348 et
1129 3295 1325 3366 Aesculapius.

176 3374 248 3426 Vide
272 3372 319 3437 sis,
343 3373 422 3423 inter
445 3369 516 3421 alios
545 3365 687 3418 Galenum
706 3369 807 3419 ‘Protn
836 3365 871 3418 ad
888 3376 964 3420 antee
984 3385 1045 3437 cap.
1068 3371 1092 3421 1.
1128 3367 1276 3418 Platonem
1295 3367 1327 3417 in

176 3445 250 3516 Sym
269 3459 308 3495 os.
328 3460 355 3512 p.
375 3441 437 3496 325.
474 3437 809 3492 Theodoretum.Thera
832 3438 881 3489 .1.
910 3438 975 3491 init.
1005 3436 1233 3504 Quinctilianum
1256 3438 1326 3488 lnst.

175 3517 229 3582 111,
248 3461 274 3566 i.
295 3512 419 3581 denique
438 3509 610 3562 Martianum
628 3507 773 3577 Capellam
790 3454 840 3559 lii.
861 3509 898 3561 ll.
918 3526 953 3579 pa
976 3527 1004 3583 g.
1023 3511 1068 3572 39,
1087 3508 1130 3560 40.
1167 3506 1203 3559 D.

248 3583 379 3655 quaerite
401 3581 440 3634 sit
467 3595 526 3645 ara,
556 3579 702 3648 eiusque
728 3577 840 3632 utilitas
859 3579 910 3646 —]
962 3588 999 3642 ta,
1018 3586 1051 3628 ut
1068 3576 1192 3642 videtur,
1216 3578 1328 3647 aliquot

176 3656 246 3711 Oxx.
283 3658 412 3723 itemque
448 3651 521 3704 Gud.
553 3649 625 3703 Edd.
658 3650 754 3702 harub.
788 3650 837 3702 Fr.
869 3650 951 3707 Fabr.
981 3647 1103 3703 HWolt.
1141 3647 1213 3699 Lall.
1251 3648 1326 3701 Oliv.

175 3728 321 3783 FAWoli.
341 3724 425 3778 Scha.
446 3721 526 3775 Koel.
545 3721 608 3790 Rip.
619 3722 666 3774 Or.
677 3722 767 3775 Nobb.
778 3720 850 3772 Tbn.
872 3729 910 3784 et,
929 3721 953 3771 si
972 3719 1041 3771 fides
1060 3717 1220 3784 collationi,
1240 3720 1327 3772 etiam

157 3799 242 3858 ⁴(iod.
262 3799 302 3851 Re
326 3834 332 3848 .
362 3795 547 3863 Quamquam,
567 3791 635 3844 dum
654 3791 727 3844 Gud.
750 3796 773 3846 1.
792 3792 940 3865 vulgatam
962 3792 1107 3859 sequatur,
1131 3788 1166 3842 de
1191 3806 1225 3843 eo
1242 3791 1342 3844 valde

174 3869 281 3922 dubito.
305 3815 399 3920 gUnus
417 3865 487 3917 Oxx.
507 3862 568 3916 eim
587 3862 626 3915 eit
646 3870 741 3931 atque3
763 3880 838 3913 unus
861 3859 1017 3913 eorundem
1041 3859 1151 3914 omittit
1179 3860 1327 3939 immorta-

174 3940 252 3993 lium.
290 3939 372 3992 Solus
393 3934 471 3998 Aur.
500 3933 624 3999 exhibet,
657 3934 734 4002 quod
750 3931 865 3984 volebat
882 3928 988 3994 Βοιὼ,
1013 3929 1181 3987 inventione.
1219 3934 1326 3985 Locum

174 4012 301 4082 explicat
319 3983 476 4060 Fon-celui.
497 4006 528 4056 iu
546 4007 616 4057 Lex.
635 4023 664 4077 p.
684 4007 744 4060 563.
766 4002 807 4055 ed.
829 4002 942 4054 Germ:
962 4002 1018 4054 diis
1031 4002 1229 4057 inventoribus
1242 4004 1327 4055 attri-

173 4083 241 4135 buta
260 4090 288 4133 et
306 4096 385 4131 sacra
401 4075 507 4128 habita.
544 4077 604 4128 Mr.

245 4149 345 4213 animi
362 4155 457 4201 autem
479 4145 630 4212 medicine]
669 4143 905 4213 „Philosophiam
930 4143 1025 4201 intell'
1049 4145 1088 4210 it,
1127 4162 1198 4214 quae
1231 4149 1325 4212 ψυχῆς

173 4225 276 4294 ἰατρεία
295 4221 394 4274 multis
413 4219 531 4272 dicitur.
563 4218 640 4269 Vide
659 4217 696 4268 sis
714 4212 922 4286 Wyttenbaeh.
950 4215 982 4266 in
999 4216 1033 4267 Bi
1052 4217 1072 4268 l.
1093 4216 1166 4268 Crit.
1186 4215 1249 4267 Vol.
1270 4217 1323 4268 111.

172 4297 248 4351 P..1.
268 4312 296 4364 p.
315 4295 358 4348 29.
379 4290 442 4344 aliis
461 4293 593 4358 κάθαρσις
611 4293 702 4357 ψυχῆς
721 4286 758 4351 (r.
779 4286 855 4339 idem
873 4286 908 4338 ad
926 4287 1033 4339 Platon.
1053 4285 1193 4339 Phaedon.
1213 4304 1242 4356 p.
1264 4290 1323 4342 1⁷2.

172 4367 264 4446 bugd.
284 4364 315 4421 B.
339 4366 395 4417 175.
416 4361 458 4415 ed‘.
478 4361 568 4431 Lips.)
586 4359 701 4412 cultura
718 4358 807 4410 animi
825 4358 919 4424 (Tusc.
938 4358 976 4409 11.
996 4360 1021 4412 5.
1043 4357 1098 4422 13.)
1117 4357 1194 4440 Lege
1211 4372 1324 4426 quoque

173 4435 337 4494 Gernhardi
356 4441 450 4486 annot.
471 4432 506 4485 ad
523 4430 655 4486 Laelium
673 4447 700 4499 p.
720 4431 764 4486 24.
785 4428 831 4482 a.“
850 4425 965 4486 actem.
1002 4428 1095 4482 Verba
1120 4427 1209 4482 eremi
1233 4434 1324 4481 autem
1403 4470 1407 4487 ,
