<?xml version="1.0" encoding="UTF-8"?>
<!DOCTYPE html PUBLIC "-//W3C//DTD XHTML 1.0 Transitional//EN"
    "http://www.w3.org/TR/xhtml1/DTD/xhtml1-transitional.dtd">
<html xmlns="http://www.w3.org/1999/xhtml" xml:lang="en" lang="en">
 <head>
  <title>
</title>
<meta http-equiv="Content-Type" content="text/html;charset=utf-8" />
  <meta name='ocr-system' content='tesseract 3.04.00' />
  <meta name='ocr-capabilities' content='ocr_page ocr_carea ocr_par ocr_line ocrx_word'/>
</head>
<body>
  <div class='ocr_page' id='page_1' title='image "./mtulliiciceroni00davigoog_0150.png"; bbox 0 0 2842 5070; ppageno 0'>
   <div class='ocr_carea' id='block_1_1' title="bbox 244 318 1208 422">
    <p class='ocr_par' dir='ltr' id='par_1_1' title="bbox 244 318 1208 422">
     <span class='ocr_line' id='line_1_1' title="bbox 244 318 1208 422; baseline 0.009 -41"><span class='ocrx_word' id='word_1_1' title='bbox 244 375 249 383; x_wconf 76' lang='lat'><strong>.</strong></span> <span class='ocrx_word' id='word_1_2' title='bbox 347 386 350 391; x_wconf 75' lang='grc'><em>,</em></span> <span class='ocrx_word' id='word_1_3' title='bbox 389 318 601 422; x_wconf 55' lang='lat' dir='ltr'><strong>*amm</strong></span> <span class='ocrx_word' id='word_1_4' title='bbox 625 319 685 399; x_wconf 83' lang='lat'><strong>111,</strong></span> <span class='ocrx_word' id='word_1_5' title='bbox 720 323 768 387; x_wconf 83' lang='lat' dir='ltr'><strong>ra</strong></span> <span class='ocrx_word' id='word_1_6' title='bbox 1150 326 1208 392; x_wconf 81' lang='grc' dir='ltr'><strong>ιιι</strong></span> 
     </span>
    </p>
   </div>
   <div class='ocr_carea' id='block_1_2' title="bbox 61 478 1273 810">
    <p class='ocr_par' dir='ltr' id='par_1_2' title="bbox 187 478 713 564">
     <span class='ocr_line' id='line_1_2' title="bbox 187 478 713 564; baseline 0 -18"><span class='ocrx_word' id='word_1_7' title='bbox 187 479 295 547; x_wconf 83' lang='lat' dir='ltr'><strong>Tectis</strong></span> <span class='ocrx_word' id='word_1_8' title='bbox 323 478 468 556; x_wconf 75' lang='lat' dir='ltr'><strong>coelitis,</strong></span> <span class='ocrx_word' id='word_1_9' title='bbox 488 480 656 564; x_wconf 83' lang='lat' dir='ltr'><strong>ldqueatis,</strong></span> <span class='ocrx_word' id='word_1_10' title='bbox 711 523 713 527; x_wconf 56' lang='lat'>&gt;</span> 
     </span>
    </p>

    <p class='ocr_par' dir='ltr' id='par_1_3' title="bbox 61 561 1273 810">
     <span class='ocr_line' id='line_1_3' title="bbox 181 561 1192 648; baseline -0.002 -22"><span class='ocrx_word' id='word_1_11' title='bbox 181 561 284 644; x_wconf 82' lang='lat' dir='ltr'><strong>Auro,</strong></span> <span class='ocrx_word' id='word_1_12' title='bbox 308 563 404 627; x_wconf 88' lang='lat' dir='ltr'><strong>e&#39;bore</strong></span> <span class='ocrx_word' id='word_1_13' title='bbox 423 564 609 628; x_wconf 78' lang='lat' dir='ltr'><strong>instructum</strong></span> <span class='ocrx_word' id='word_1_14' title='bbox 630 561 772 648; x_wconf 74' lang='lat' dir='ltr'><strong>rt&#39;gifice&#39;.</strong></span> <span class='ocrx_word' id='word_1_15' title='bbox 1184 609 1192 624; x_wconf 72' lang='lat'><strong>.</strong></span> 
     </span>
     <span class='ocr_line' id='line_1_4' title="bbox 62 643 1273 730; baseline 0.002 -23"><span class='ocrx_word' id='word_1_16' title='bbox 62 643 244 726; x_wconf 83' lang='lat' dir='ltr'><strong>Opoetam</strong></span> <span class='ocrx_word' id='word_1_17' title='bbox 272 648 459 730; x_wconf 80' lang='lat' dir='ltr'><strong>egregium!</strong></span> <span class='ocrx_word' id='word_1_18' title='bbox 491 666 685 729; x_wconf 86' lang='lat' dir='ltr'><strong>quamquam</strong></span> <span class='ocrx_word' id='word_1_19' title='bbox 717 647 758 708; x_wconf 88' lang='lat' dir='ltr'><strong>ab</strong></span> <span class='ocrx_word' id='word_1_20' title='bbox 785 644 847 709; x_wconf 55' lang='lat' dir='ltr'><strong>his¹</strong></span> <span class='ocrx_word' id='word_1_21' title='bbox 869 646 1059 709; x_wconf 86' lang='lat' dir='ltr'><strong>cantoribus</strong></span> <span class='ocrx_word' id='word_1_22' title='bbox 1079 645 1211 730; x_wconf 56' lang='lat' dir='ltr'><strong>Eupho-⁴</strong></span> <span class='ocrx_word' id='word_1_23' title='bbox 1229 654 1273 709; x_wconf 80' lang='grc'><strong>45.</strong></span> 
     </span>
     <span class='ocr_line' id='line_1_5' title="bbox 61 727 1212 810; baseline 0.006 -24"><span class='ocrx_word' id='word_1_24' title='bbox 61 729 167 788; x_wconf 90' lang='lat' dir='ltr'><strong>rionis</strong></span> <span class='ocrx_word' id='word_1_25' title='bbox 190 731 427 790; x_wconf 81' lang='lat' dir='ltr'><strong>contemnitur.</strong></span> <span class='ocrx_word' id='word_1_26' title='bbox 477 727 586 791; x_wconf 84' lang='lat' dir='ltr'><strong>Sentit</strong></span> <span class='ocrx_word' id='word_1_27' title='bbox 613 727 723 790; x_wconf 89' lang='lat' dir='ltr'><strong>omnia</strong></span> <span class='ocrx_word' id='word_1_28' title='bbox 744 729 919 809; x_wconf 87' lang='lat' dir='ltr'><strong>repentina</strong></span> <span class='ocrx_word' id='word_1_29' title='bbox 941 736 975 790; x_wconf 89' lang='lat' dir='ltr'><strong>et</strong></span> <span class='ocrx_word' id='word_1_30' title='bbox 995 747 1059 790; x_wconf 93' lang='lat' dir='ltr'><strong>nec</strong></span> <span class='ocrx_word' id='word_1_31' title='bbox 1077 732 1212 810; x_wconf 90' lang='lat' dir='ltr'><strong>opinata</strong></span> 
     </span>
    </p>
   </div>
   <div class='ocr_carea' id='block_1_3' title="bbox 19 892 1333 2782">
    <p class='ocr_par' dir='ltr' id='par_1_4' title="bbox 19 892 1333 2782">
     <span class='ocr_line' id='line_1_6' title="bbox 61 892 1209 966; baseline 0.003 -20"><span class='ocrx_word' id='word_1_32' title='bbox 61 892 139 946; x_wconf 87' lang='lat' dir='ltr'><strong>latis.</strong></span> <span class='ocrx_word' id='word_1_33' title='bbox 163 892 238 966; x_wconf 87' lang='lat' dir='ltr'><strong>Aug.</strong></span> <span class='ocrx_word' id='word_1_34' title='bbox 258 894 387 960; x_wconf 83' lang='lat' dir='ltr'><strong>eboreque</strong></span> <span class='ocrx_word' id='word_1_35' title='bbox 411 909 465 965; x_wconf 88' lang='lat' dir='ltr'><strong>pro</strong></span> <span class='ocrx_word' id='word_1_36' title='bbox 489 894 577 948; x_wconf 86' lang='lat' dir='ltr'><strong>ebore.</strong></span> <span class='ocrx_word' id='word_1_37' title='bbox 613 897 678 946; x_wconf 88' lang='lat' dir='ltr'><strong>Post</strong></span> <span class='ocrx_word' id='word_1_38' title='bbox 694 895 862 948; x_wconf 85' lang='lat' dir='ltr'><strong>instructam</strong></span> <span class='ocrx_word' id='word_1_39' title='bbox 884 893 975 947; x_wconf 85' lang='lat' dir='ltr'><strong>Rehd.</strong></span> <span class='ocrx_word' id='word_1_40' title='bbox 1000 895 1078 948; x_wconf 81' lang='lat' dir='ltr'><strong>addit</strong></span> <span class='ocrx_word' id='word_1_41' title='bbox 1095 897 1209 951; x_wconf 86' lang='lat' dir='ltr'><strong>domum.</strong></span> 
     </span>
     <span class='ocr_line' id='line_1_7' title="bbox 61 964 1211 1038; baseline 0.006 -24"><span class='ocrx_word' id='word_1_42' title='bbox 61 965 114 1015; x_wconf 90' lang='lat' dir='ltr'><strong>Pro</strong></span> <span class='ocrx_word' id='word_1_43' title='bbox 134 966 247 1030; x_wconf 73' lang='lat' dir='ltr'><strong>regifice</strong></span> <span class='ocrx_word' id='word_1_44' title='bbox 264 964 348 1017; x_wconf 91' lang='lat' dir='ltr'><strong>Codd.</strong></span> <span class='ocrx_word' id='word_1_45' title='bbox 368 965 436 1038; x_wconf 86' lang='lat' dir='ltr'><strong>Reg.</strong></span> <span class='ocrx_word' id='word_1_46' title='bbox 457 964 530 1017; x_wconf 89' lang='lat' dir='ltr'><strong>Gud.</strong></span> <span class='ocrx_word' id='word_1_47' title='bbox 550 969 576 1019; x_wconf 94' lang='lat'><strong>1.</strong></span> <span class='ocrx_word' id='word_1_48' title='bbox 595 966 624 1019; x_wconf 86' lang='grc'><strong>2.</strong></span> <span class='ocrx_word' id='word_1_49' title='bbox 641 964 729 1017; x_wconf 80' lang='lat' dir='ltr'><strong>Marb.&#39;</strong></span> <span class='ocrx_word' id='word_1_50' title='bbox 748 973 807 1016; x_wconf 87' lang='lat' dir='ltr'><strong>tres</strong></span> <span class='ocrx_word' id='word_1_51' title='bbox 827 964 896 1015; x_wconf 82' lang='lat' dir='ltr'><strong>Oxx.</strong></span> <span class='ocrx_word' id='word_1_52' title='bbox 926 965 1061 1034; x_wconf 87' lang='lat' dir='ltr'><strong>(quorum</strong></span> <span class='ocrx_word' id='word_1_53' title='bbox 1087 967 1142 1020; x_wconf 91' lang='lat' dir='ltr'><strong>duo</strong></span> <span class='ocrx_word' id='word_1_54' title='bbox 1160 968 1211 1020; x_wconf 88' lang='lat' dir='ltr'><strong>ha·</strong></span> 
     </span>
     <span class='ocr_line' id='line_1_8' title="bbox 59 1028 1210 1103; baseline 0.007 -21"><span class='ocrx_word' id='word_1_55' title='bbox 59 1031 129 1084; x_wconf 85' lang='lat' dir='ltr'><strong>bent</strong></span> <span class='ocrx_word' id='word_1_56' title='bbox 146 1033 306 1099; x_wconf 79' lang='lat' dir='ltr'><strong>astructam)</strong></span> <span class='ocrx_word' id='word_1_57' title='bbox 330 1033 466 1086; x_wconf 82' lang='lat' dir='ltr'><strong>exhibent</strong></span> <span class='ocrx_word' id='word_1_58' title='bbox 491 1035 639 1103; x_wconf 78' lang='lat' dir='ltr'><strong>regificem.</strong></span> <span class='ocrx_word' id='word_1_59' title='bbox 684 1028 784 1088; x_wconf 82' lang='lat' dir='ltr'><strong>llel&#39;ert</strong></span> <span class='ocrx_word' id='word_1_60' title='bbox 807 1032 897 1085; x_wconf 70' lang='lat' dir='ltr'><strong>Rouh&#39;.</strong></span> <span class='ocrx_word' id='word_1_61' title='bbox 922 1035 1071 1088; x_wconf 88' lang='lat' dir='ltr'><strong>Davisium</strong></span> <span class='ocrx_word' id='word_1_62' title='bbox 1093 1037 1125 1089; x_wconf 90' lang='lat' dir='ltr'><strong>in</strong></span> <span class='ocrx_word' id='word_1_63' title='bbox 1152 1054 1210 1090; x_wconf 90' lang='lat' dir='ltr'><strong>uno</strong></span> 
     </span>
     <span class='ocr_line' id='line_1_9' title="bbox 60 1102 1210 1178; baseline 0.004 -24"><span class='ocrx_word' id='word_1_64' title='bbox 60 1102 129 1154; x_wconf 87' lang='lat' dir='ltr'><strong>Cod.</strong></span> <span class='ocrx_word' id='word_1_65' title='bbox 156 1104 302 1174; x_wconf 33' lang='lat' dir='ltr'><strong>reperisse,</strong></span> <span class='ocrx_word' id='word_1_66' title='bbox 313 1103 479 1157; x_wconf 83' lang='lat' dir='ltr'><strong>instructum</strong></span> <span class='ocrx_word' id='word_1_67' title='bbox 505 1105 635 1170; x_wconf 76' lang='lat' dir='ltr'><strong>(tortasse</strong></span> <span class='ocrx_word' id='word_1_68' title='bbox 661 1103 692 1156; x_wconf 90' lang='lat' dir='ltr'><strong>id</strong></span> <span class='ocrx_word' id='word_1_69' title='bbox 715 1103 927 1178; x_wconf 79' lang='lat' dir='ltr'><strong>significaverat</strong></span> <span class='ocrx_word' id='word_1_70' title='bbox 953 1104 984 1154; x_wconf 89' lang='lat' dir='ltr'><strong>in</strong></span> <span class='ocrx_word' id='word_1_71' title='bbox 1006 1107 1060 1158; x_wconf 87' lang='lat' dir='ltr'><strong>Ed.</strong></span> <span class='ocrx_word' id='word_1_72' title='bbox 1080 1111 1104 1161; x_wconf 88' lang='lat' dir='ltr'><strong>l.</strong></span> <span class='ocrx_word' id='word_1_73' title='bbox 1134 1108 1210 1172; x_wconf 90' lang='lat' dir='ltr'><strong>quod</strong></span> 
     </span>
     <span class='ocr_line' id='line_1_10' title="bbox 59 1169 1208 1251; baseline 0.007 -29"><span class='ocrx_word' id='word_1_74' title='bbox 59 1172 146 1228; x_wconf 89' lang='lat' dir='ltr'><strong>etiam</strong></span> <span class='ocrx_word' id='word_1_75' title='bbox 164 1191 199 1226; x_wconf 82' lang='lat' dir='ltr'><strong>ex</strong></span> <span class='ocrx_word' id='word_1_76' title='bbox 216 1191 308 1248; x_wconf 87' lang='lat' dir='ltr'><strong>marg.</strong></span> <span class='ocrx_word' id='word_1_77' title='bbox 326 1173 415 1248; x_wconf 75' lang='lat' dir='ltr'><strong>Vera.</strong></span> <span class='ocrx_word' id='word_1_78' title='bbox 431 1171 569 1251; x_wconf 78' lang='lat' dir='ltr'><strong>colligoe)</strong></span> <span class='ocrx_word' id='word_1_79' title='bbox 594 1175 680 1243; x_wconf 84' lang='lat' dir='ltr'><strong>idque</strong></span> <span class='ocrx_word' id='word_1_80' title='bbox 705 1173 864 1226; x_wconf 89' lang='lat' dir='ltr'><strong>necessario</strong></span> <span class='ocrx_word' id='word_1_81' title='bbox 888 1174 975 1226; x_wconf 88' lang='lat' dir='ltr'><strong>fuisse</strong></span> <span class='ocrx_word' id='word_1_82' title='bbox 1001 1169 1208 1244; x_wconf 88' lang='lat' dir='ltr'><strong>recipiendum.</strong></span> 
     </span>
     <span class='ocr_line' id='line_1_11' title="bbox 58 1243 1333 1316; baseline 0.002 -21"><span class='ocrx_word' id='word_1_83' title='bbox 58 1243 207 1295; x_wconf 80' lang='lat' dir='ltr'><strong>Nimirum</strong></span> <span class='ocrx_word' id='word_1_84' title='bbox 224 1252 346 1313; x_wconf 84' lang='lat' dir='ltr'><strong>propter</strong></span> <span class='ocrx_word' id='word_1_85' title='bbox 364 1245 500 1311; x_wconf 88' lang='lat' dir='ltr'><strong>templum.</strong></span> <span class='ocrx_word' id='word_1_86' title='bbox 538 1243 595 1298; x_wconf 86' lang='lat' dir='ltr'><strong>Sed</strong></span> <span class='ocrx_word' id='word_1_87' title='bbox 611 1244 667 1298; x_wconf 93' lang='lat' dir='ltr'><strong>hoc</strong></span> <span class='ocrx_word' id='word_1_88' title='bbox 684 1244 855 1297; x_wconf 83' lang='lat' dir='ltr'><strong>vocabulum</strong></span> <span class='ocrx_word' id='word_1_89' title='bbox 873 1260 931 1296; x_wconf 90' lang='lat' dir='ltr'><strong>non</strong></span> <span class='ocrx_word' id='word_1_90' title='bbox 958 1251 999 1296; x_wconf 90' lang='lat' dir='ltr'><strong>est</strong></span> <span class='ocrx_word' id='word_1_91' title='bbox 1017 1244 1074 1296; x_wconf 89' lang='lat' dir='ltr'><strong>nisi</strong></span> <span class='ocrx_word' id='word_1_92' title='bbox 1100 1248 1210 1316; x_wconf 87' lang='lat' dir='ltr'><strong>apposi-</strong></span> <span class='ocrx_word' id='word_1_93' title='bbox 1326 1305 1333 1315; x_wconf 84' lang='lat'><strong>.</strong></span> 
     </span>
     <span class='ocr_line' id='line_1_12' title="bbox 59 1311 1305 1387; baseline 0.003 -23"><span class='ocrx_word' id='word_1_94' title='bbox 59 1311 102 1364; x_wconf 90' lang='lat' dir='ltr'><strong>tio</strong></span> <span class='ocrx_word' id='word_1_95' title='bbox 119 1312 273 1365; x_wconf 84' lang='lat' dir='ltr'><strong>verborum</strong></span> <span class='ocrx_word' id='word_1_96' title='bbox 300 1312 448 1367; x_wconf 84' lang='lat' dir='ltr'><strong>oPriami</strong></span> <span class='ocrx_word' id='word_1_97' title='bbox 473 1315 578 1368; x_wconf 88' lang='lat' dir='ltr'><strong>damus.</strong></span> <span class='ocrx_word' id='word_1_98' title='bbox 615 1314 704 1384; x_wconf 85' lang='lat' dir='ltr'><strong>ldque</strong></span> <span class='ocrx_word' id='word_1_99' title='bbox 729 1314 791 1366; x_wconf 90' lang='lat' dir='ltr'><strong>sine</strong></span> <span class='ocrx_word' id='word_1_100' title='bbox 815 1313 901 1366; x_wconf 88' lang='lat' dir='ltr'><strong>dubio</strong></span> <span class='ocrx_word' id='word_1_101' title='bbox 925 1313 1091 1387; x_wconf 77' lang='lat' dir='ltr'><strong>significare</strong></span> <span class='ocrx_word' id='word_1_102' title='bbox 1108 1317 1210 1369; x_wconf 75' lang='lat' dir='ltr'><strong>&#39;volue-</strong></span> <span class='ocrx_word' id='word_1_103' title='bbox 1298 1363 1305 1375; x_wconf 78' lang='grc'><em>,</em></span> 
     </span>
     <span class='ocr_line' id='line_1_13' title="bbox 58 1383 1210 1458; baseline 0.004 -24"><span class='ocrx_word' id='word_1_104' title='bbox 58 1389 129 1434; x_wconf 85' lang='lat' dir='ltr'><strong>runt</strong></span> <span class='ocrx_word' id='word_1_105' title='bbox 146 1384 198 1438; x_wconf 89' lang='lat' dir='ltr'><strong>W.</strong></span> <span class='ocrx_word' id='word_1_106' title='bbox 219 1391 248 1435; x_wconf 89' lang='lat' dir='ltr'><strong>et</strong></span> <span class='ocrx_word' id='word_1_107' title='bbox 266 1383 325 1448; x_wconf 71' lang='lat' dir='ltr'><strong>or,</strong></span> <span class='ocrx_word' id='word_1_108' title='bbox 344 1384 468 1437; x_wconf 89' lang='lat' dir='ltr'><strong>alterum</strong></span> <span class='ocrx_word' id='word_1_109' title='bbox 486 1383 572 1436; x_wconf 89' lang='lat' dir='ltr'><strong>huius</strong></span> <span class='ocrx_word' id='word_1_110' title='bbox 589 1383 647 1438; x_wconf 89' lang='lat' dir='ltr'><strong>loci</strong></span> <span class='ocrx_word' id='word_1_111' title='bbox 666 1401 783 1437; x_wconf 78' lang='lat' dir='ltr'><strong>versum</strong></span> <span class='ocrx_word' id='word_1_112' title='bbox 794 1383 996 1454; x_wconf 89' lang='lat' dir='ltr'><strong>parentheseos</strong></span> <span class='ocrx_word' id='word_1_113' title='bbox 1011 1385 1101 1458; x_wconf 85' lang='lat' dir='ltr'><strong>signis</strong></span> <span class='ocrx_word' id='word_1_114' title='bbox 1115 1385 1210 1439; x_wconf 90' lang='lat' dir='ltr'><strong>inclu-</strong></span> 
     </span>
     <span class='ocr_line' id='line_1_14' title="bbox 60 1452 1207 1530; baseline 0.005 -27"><span class='ocrx_word' id='word_1_115' title='bbox 60 1452 167 1506; x_wconf 87' lang='lat' dir='ltr'><strong>dentes.</strong></span> <span class='ocrx_word' id='word_1_116' title='bbox 204 1452 322 1506; x_wconf 79' lang='lat' dir='ltr'><strong>Causam</strong></span> <span class='ocrx_word' id='word_1_117' title='bbox 340 1455 444 1525; x_wconf 87' lang='lat' dir='ltr'><strong>probo:</strong></span> <span class='ocrx_word' id='word_1_118' title='bbox 464 1456 574 1507; x_wconf 84' lang='lat' dir='ltr'><strong>factum</strong></span> <span class='ocrx_word' id='word_1_119' title='bbox 611 1454 712 1507; x_wconf 81' lang='lat' dir='ltr'><strong>rebare</strong></span> <span class='ocrx_word' id='word_1_120' title='bbox 729 1470 789 1506; x_wconf 87' lang='lat' dir='ltr'><strong>non</strong></span> <span class='ocrx_word' id='word_1_121' title='bbox 811 1470 933 1524; x_wconf 88' lang='lat' dir='ltr'><strong>possum.</strong></span> <span class='ocrx_word' id='word_1_122' title='bbox 958 1481 992 1492; x_wconf 89' lang='lat'><em>-</em></span> <span class='ocrx_word' id='word_1_123' title='bbox 1017 1454 1117 1530; x_wconf 81' lang='lat' dir='ltr'><strong>Pergit</strong></span> <span class='ocrx_word' id='word_1_124' title='bbox 1140 1456 1207 1509; x_wconf 81' lang='lat' dir='ltr'><strong>uod.</strong></span> 
     </span>
     <span class='ocr_line' id='line_1_15' title="bbox 61 1522 1238 1595; baseline 0 -20"><span class='ocrx_word' id='word_1_125' title='bbox 61 1522 134 1575; x_wconf 90' lang='lat' dir='ltr'><strong>Gud.</strong></span> <span class='ocrx_word' id='word_1_126' title='bbox 155 1527 179 1578; x_wconf 92' lang='lat'><strong>1.</strong></span> <span class='ocrx_word' id='word_1_127' title='bbox 199 1530 340 1590; x_wconf 79' lang='lat' dir='ltr'><strong>epactam</strong></span> <span class='ocrx_word' id='word_1_128' title='bbox 358 1539 516 1592; x_wconf 66' lang='lat' dir='ltr'><strong>aegrum:</strong></span> <span class='ocrx_word' id='word_1_129' title='bbox 543 1541 585 1576; x_wconf 90' lang='lat' dir='ltr'><strong>un</strong></span> <span class='ocrx_word' id='word_1_130' title='bbox 605 1542 619 1577; x_wconf 99' lang='lat' dir='ltr'><strong>e</strong></span> <span class='ocrx_word' id='word_1_131' title='bbox 636 1523 715 1593; x_wconf 85' lang='lat' dir='ltr'><strong>vides</strong></span> <span class='ocrx_word' id='word_1_132' title='bbox 732 1524 782 1577; x_wconf 84' lang='lat' dir='ltr'><strong>vel</strong></span> <span class='ocrx_word' id='word_1_133' title='bbox 800 1525 920 1595; x_wconf 87' lang='lat' dir='ltr'><strong>optimos</strong></span> <span class='ocrx_word' id='word_1_134' title='bbox 938 1524 1051 1578; x_wconf 89' lang='lat' dir='ltr'><strong>codices</strong></span> <span class='ocrx_word' id='word_1_135' title='bbox 1074 1526 1209 1595; x_wconf 87' lang='lat' dir='ltr'><strong>pessimas</strong></span> <span class='ocrx_word' id='word_1_136' title='bbox 1236 1568 1238 1573; x_wconf 89' lang='lat'><strong>.</strong></span> 
     </span>
     <span class='ocr_line' id='line_1_16' title="bbox 61 1593 1171 1654; baseline 0.007 -10"><span class='ocrx_word' id='word_1_137' title='bbox 61 1609 182 1652; x_wconf 86' lang='lat' dir='ltr'><strong>nonnun</strong></span> <span class='ocrx_word' id='word_1_138' title='bbox 201 1611 266 1645; x_wconf 90' lang='lat' dir='ltr'><strong>uam</strong></span> <span class='ocrx_word' id='word_1_139' title='bbox 284 1593 388 1646; x_wconf 87' lang='lat' dir='ltr'><strong>habere</strong></span> <span class='ocrx_word' id='word_1_140' title='bbox 406 1595 555 1647; x_wconf 89' lang='lat' dir='ltr'><strong>lectiones.</strong></span> <span class='ocrx_word' id='word_1_141' title='bbox 593 1595 653 1647; x_wconf 86' lang='lat' dir='ltr'><strong>Mr.</strong></span> <span class='ocrx_word' id='word_1_142' title='bbox 787 1649 792 1654; x_wconf 75' lang='grc'><strong>,</strong></span> <span class='ocrx_word' id='word_1_143' title='bbox 1168 1647 1171 1652; x_wconf 93' lang='grc'><strong>.</strong></span> 
     </span>
     <span class='ocr_line' id='line_1_17' title="bbox 132 1661 1210 1733; baseline 0.003 -18"><span class='ocrx_word' id='word_1_144' title='bbox 132 1665 166 1715; x_wconf 84' lang='lat' dir='ltr'><strong>ab</strong></span> <span class='ocrx_word' id='word_1_145' title='bbox 218 1663 239 1716; x_wconf 93' lang='lat' dir='ltr'><strong>&#39;s</strong></span> <span class='ocrx_word' id='word_1_146' title='bbox 264 1664 422 1718; x_wconf 74' lang='lat' dir='ltr'><strong>cantoribus</strong></span> <span class='ocrx_word' id='word_1_147' title='bbox 445 1661 641 1732; x_wconf 83' lang='lat' dir='ltr'><strong>Euphorionis]</strong></span> <span class='ocrx_word' id='word_1_148' title='bbox 677 1661 872 1733; x_wconf 82' lang='lat' dir='ltr'><strong>„Euphorion</strong></span> <span class='ocrx_word' id='word_1_149' title='bbox 897 1664 981 1733; x_wconf 79' lang='lat' dir='ltr'><strong>poe&#39;ta</strong></span> <span class='ocrx_word' id='word_1_150' title='bbox 1011 1665 1069 1717; x_wconf 78' lang='lat' dir='ltr'><strong>fuit</strong></span> <span class='ocrx_word' id='word_1_151' title='bbox 1096 1663 1210 1718; x_wconf 88' lang='lat' dir='ltr'><strong>Chalci-</strong></span> 
     </span>
     <span class='ocr_line' id='line_1_18' title="bbox 60 1733 1209 1811; baseline 0.002 -25"><span class='ocrx_word' id='word_1_152' title='bbox 60 1733 163 1799; x_wconf 82' lang='lat' dir='ltr'><strong>densis,</strong></span> <span class='ocrx_word' id='word_1_153' title='bbox 223 1751 269 1786; x_wconf 90' lang='lat' dir='ltr'><strong>em</strong></span> <span class='ocrx_word' id='word_1_154' title='bbox 286 1735 436 1787; x_wconf 81' lang='lat' dir='ltr'><strong>transtulit</strong></span> <span class='ocrx_word' id='word_1_155' title='bbox 454 1733 562 1799; x_wconf 84' lang='lat' dir='ltr'><strong>Gallus,</strong></span> <span class='ocrx_word' id='word_1_156' title='bbox 582 1736 632 1802; x_wconf 85' lang='lat' dir='ltr'><strong>qui</strong></span> <span class='ocrx_word' id='word_1_157' title='bbox 650 1734 684 1786; x_wconf 92' lang='lat' dir='ltr'><strong>cb</strong></span> <span class='ocrx_word' id='word_1_158' title='bbox 703 1734 733 1786; x_wconf 90' lang='lat' dir='ltr'><strong>id</strong></span> <span class='ocrx_word' id='word_1_159' title='bbox 751 1735 792 1786; x_wconf 88' lang='lat' dir='ltr'><strong>sic</strong></span> <span class='ocrx_word' id='word_1_160' title='bbox 809 1734 941 1804; x_wconf 87' lang='lat' dir='ltr'><strong>loquitur</strong></span> <span class='ocrx_word' id='word_1_161' title='bbox 958 1735 1033 1804; x_wconf 83' lang='lat' dir='ltr'><strong>apud</strong></span> <span class='ocrx_word' id='word_1_162' title='bbox 1050 1735 1209 1811; x_wconf 78' lang='lat' dir='ltr'><strong>Virgilium</strong></span> 
     </span>
     <span class='ocr_line' id='line_1_19' title="bbox 32 1752 1148 1873; baseline 0.002 -18"><span class='ocrx_word' id='word_1_163' title='bbox 32 1842 35 1860; x_wconf 91' lang='lat'><strong>.</strong></span> <span class='ocrx_word' id='word_1_164' title='bbox 60 1805 94 1855; x_wconf 89' lang='lat' dir='ltr'><strong>in</strong></span> <span class='ocrx_word' id='word_1_165' title='bbox 110 1752 356 1856; x_wconf 57' lang='lat' dir='ltr'><strong>Bucohuludicro:</strong></span> <span class='ocrx_word' id='word_1_166' title='bbox 381 1803 431 1856; x_wconf 89' lang='lat' dir='ltr'><strong>lba</strong></span> <span class='ocrx_word' id='word_1_167' title='bbox 450 1809 485 1866; x_wconf 89' lang='lat' dir='ltr'><strong>et,</strong></span> <span class='ocrx_word' id='word_1_168' title='bbox 498 1800 650 1856; x_wconf 78' lang='lat' dir='ltr'><strong>&#39;Chalcidis</strong></span> <span class='ocrx_word' id='word_1_169' title='bbox 669 1819 739 1872; x_wconf 81' lang='lat' dir='ltr'><strong>quae</strong></span> <span class='ocrx_word' id='word_1_170' title='bbox 757 1809 819 1856; x_wconf 86' lang='lat' dir='ltr'><strong>suut</strong></span> <span class='ocrx_word' id='word_1_171' title='bbox 835 1801 907 1857; x_wconf 84' lang='lat' dir='ltr'><strong>mihi</strong></span> <span class='ocrx_word' id='word_1_172' title='bbox 924 1805 1037 1858; x_wconf 82' lang='lat' dir='ltr'><strong>condita</strong></span> <span class='ocrx_word' id='word_1_173' title='bbox 1054 1821 1148 1873; x_wconf 87' lang='lat' dir='ltr'><strong>uersu,</strong></span> 
     </span>
     <span class='ocr_line' id='line_1_20' title="bbox 381 1873 1280 1945; baseline 0.007 -20"><span class='ocrx_word' id='word_1_174' title='bbox 381 1873 514 1927; x_wconf 74' lang='lat' dir='ltr'><strong>carmina</strong></span> <span class='ocrx_word' id='word_1_175' title='bbox 528 1877 655 1945; x_wconf 73' lang='lat' dir='ltr'><strong>pastoris</strong></span> <span class='ocrx_word' id='word_1_176' title='bbox 672 1873 763 1927; x_wconf 83' lang='lat' dir='ltr'><strong>Siculi</strong></span> <span class='ocrx_word' id='word_1_177' title='bbox 778 1874 933 1927; x_wconf 82' lang='lat' dir='ltr'><strong>meditabor</strong></span> <span class='ocrx_word' id='word_1_178' title='bbox 957 1889 1049 1928; x_wconf 80' lang='lat' dir='ltr'><strong>uacua.</strong></span> <span class='ocrx_word' id='word_1_179' title='bbox 1274 1922 1280 1931; x_wconf 85' lang='lat'><strong>.</strong></span> 
     </span>
     <span class='ocr_line' id='line_1_21' title="bbox 64 1942 1210 2015; baseline 0.004 -20"><span class='ocrx_word' id='word_1_180' title='bbox 64 1943 187 2009; x_wconf 85' lang='lat' dir='ltr'><strong>Quintil.</strong></span> <span class='ocrx_word' id='word_1_181' title='bbox 212 1943 243 1994; x_wconf 88' lang='lat' dir='ltr'><strong>in</strong></span> <span class='ocrx_word' id='word_1_182' title='bbox 270 1943 304 1996; x_wconf 86' lang='lat' dir='ltr'><strong>X.</strong></span> <span class='ocrx_word' id='word_1_183' title='bbox 341 1943 414 1998; x_wconf 80' lang='lat' dir='ltr'><strong>Quid</strong></span> <span class='ocrx_word' id='word_1_184' title='bbox 437 1942 642 2011; x_wconf 75' lang='lat' dir='ltr'><strong>Euphorionem</strong></span> <span class='ocrx_word' id='word_1_185' title='bbox 665 1944 780 2015; x_wconf 75' lang='lat' dir='ltr'><strong>frustra</strong></span> <span class='ocrx_word' id='word_1_186' title='bbox 804 1943 1009 1997; x_wconf 78' lang='lat' dir='ltr'><strong>transibimus?</strong></span> <span class='ocrx_word' id='word_1_187' title='bbox 1046 1961 1124 2012; x_wconf 83' lang='lat' dir='ltr'><strong>quem</strong></span> <span class='ocrx_word' id='word_1_188' title='bbox 1151 1943 1210 2000; x_wconf 85' lang='lat' dir='ltr'><strong>uisi</strong></span> 
     </span>
     <span class='ocr_line' id='line_1_22' title="bbox 19 2010 1210 2083; baseline 0 -17"><span class='ocrx_word' id='word_1_189' title='bbox 19 2013 23 2016; x_wconf 71' lang='grc'><strong>”</strong></span> <span class='ocrx_word' id='word_1_190' title='bbox 57 2015 206 2083; x_wconf 73' lang='lat' dir='ltr'><strong>probasset</strong></span> <span class='ocrx_word' id='word_1_191' title='bbox 227 2013 382 2082; x_wconf 73' lang='lat' dir='ltr'><strong>Virgilius,</strong></span> <span class='ocrx_word' id='word_1_192' title='bbox 409 2029 546 2082; x_wconf 81' lang='lat' dir='ltr'><strong>uunquam</strong></span> <span class='ocrx_word' id='word_1_193' title='bbox 569 2023 642 2068; x_wconf 86' lang='lat' dir='ltr'><strong>certe</strong></span> <span class='ocrx_word' id='word_1_194' title='bbox 660 2016 835 2068; x_wconf 81' lang='lat' dir='ltr'><strong>conditarum</strong></span> <span class='ocrx_word' id='word_1_195' title='bbox 861 2010 1022 2070; x_wconf 81' lang='lat' dir='ltr'><strong>Chalcidico</strong></span> <span class='ocrx_word' id='word_1_196' title='bbox 1044 2029 1125 2067; x_wconf 83' lang='lat' dir='ltr'><strong>uersu</strong></span> <span class='ocrx_word' id='word_1_197' title='bbox 1147 2029 1210 2067; x_wconf 82' lang='lat' dir='ltr'><strong>car·</strong></span> 
     </span>
     <span class='ocr_line' id='line_1_23' title="bbox 60 2082 1210 2154; baseline 0.001 -18"><span class='ocrx_word' id='word_1_198' title='bbox 60 2084 167 2137; x_wconf 69' lang='lat' dir='ltr'><strong>nauum</strong></span> <span class='ocrx_word' id='word_1_199' title='bbox 183 2082 299 2148; x_wconf 73' lang='lat' dir='ltr'><strong>fecisset</strong></span> <span class='ocrx_word' id='word_1_200' title='bbox 317 2084 346 2137; x_wconf 86' lang='lat' dir='ltr'><strong>in</strong></span> <span class='ocrx_word' id='word_1_201' title='bbox 364 2084 506 2138; x_wconf 83' lang='lat' dir='ltr'><strong>Bucolicis</strong></span> <span class='ocrx_word' id='word_1_202' title='bbox 521 2085 692 2139; x_wconf 78' lang='lat' dir='ltr'><strong>mentionem.</strong></span> <span class='ocrx_word' id='word_1_203' title='bbox 716 2083 840 2136; x_wconf 86' lang='lat' dir='ltr'><strong>Habebat</strong></span> <span class='ocrx_word' id='word_1_204' title='bbox 857 2091 954 2136; x_wconf 88' lang='lat' dir='ltr'><strong>autem</strong></span> <span class='ocrx_word' id='word_1_205' title='bbox 971 2084 1022 2137; x_wconf 89' lang='lat' dir='ltr'><strong>hic</strong></span> <span class='ocrx_word' id='word_1_206' title='bbox 1039 2083 1210 2154; x_wconf 79' lang='lat' dir='ltr'><strong>Euphorion</strong></span> 
     </span>
     <span class='ocr_line' id='line_1_24' title="bbox 61 2152 1210 2224; baseline -0.003 -17"><span class='ocrx_word' id='word_1_207' title='bbox 61 2155 196 2224; x_wconf 87' lang='lat' dir='ltr'><strong>quosdam</strong></span> <span class='ocrx_word' id='word_1_208' title='bbox 214 2155 255 2206; x_wconf 90' lang='lat' dir='ltr'><strong>ita</strong></span> <span class='ocrx_word' id='word_1_209' title='bbox 273 2155 383 2208; x_wconf 89' lang='lat' dir='ltr'><strong>deditos</strong></span> <span class='ocrx_word' id='word_1_210' title='bbox 402 2152 457 2206; x_wconf 83' lang='lat' dir='ltr'><strong>sibi</strong></span> <span class='ocrx_word' id='word_1_211' title='bbox 475 2163 623 2220; x_wconf 86' lang='lat' dir='ltr'><strong>amatores,</strong></span> <span class='ocrx_word' id='word_1_212' title='bbox 642 2164 678 2206; x_wconf 76' lang='lat' dir='ltr'><strong>ut·</strong></span> <span class='ocrx_word' id='word_1_213' title='bbox 694 2171 760 2207; x_wconf 92' lang='lat' dir='ltr'><strong>eum</strong></span> <span class='ocrx_word' id='word_1_214' title='bbox 777 2155 960 2224; x_wconf 84' lang='lat' dir='ltr'><strong>praeferrent</strong></span> <span class='ocrx_word' id='word_1_215' title='bbox 976 2153 1073 2206; x_wconf 84' lang='lat' dir='ltr'><strong>Ennio</strong></span> <span class='ocrx_word' id='word_1_216' title='bbox 1093 2161 1122 2207; x_wconf 90' lang='lat' dir='ltr'><strong>et</strong></span> <span class='ocrx_word' id='word_1_217' title='bbox 1139 2153 1210 2205; x_wconf 86' lang='lat' dir='ltr'><strong>reli-</strong></span> 
     </span>
     <span class='ocr_line' id='line_1_25' title="bbox 60 2223 1212 2295; baseline 0.002 -21"><span class='ocrx_word' id='word_1_218' title='bbox 60 2225 126 2294; x_wconf 84' lang='lat' dir='ltr'><strong>quis</strong></span> <span class='ocrx_word' id='word_1_219' title='bbox 142 2224 244 2295; x_wconf 86' lang='lat' dir='ltr'><strong>poetis,</strong></span> <span class='ocrx_word' id='word_1_220' title='bbox 273 2225 390 2294; x_wconf 81' lang='lat' dir='ltr'><strong>eiusque</strong></span> <span class='ocrx_word' id='word_1_221' title='bbox 418 2233 549 2294; x_wconf 85' lang='lat' dir='ltr'><strong>poemata</strong></span> <span class='ocrx_word' id='word_1_222' title='bbox 567 2225 689 2279; x_wconf 86' lang='lat' dir='ltr'><strong>studiose</strong></span> <span class='ocrx_word' id='word_1_223' title='bbox 708 2231 866 2288; x_wconf 81' lang='lat' dir='ltr'><strong>cantarent,</strong></span> <span class='ocrx_word' id='word_1_224' title='bbox 890 2223 1061 2293; x_wconf 83' lang='lat' dir='ltr'><strong>posthabitis</strong></span> <span class='ocrx_word' id='word_1_225' title='bbox 1086 2223 1212 2276; x_wconf 90' lang='lat' dir='ltr'><strong>aliorum</strong></span> 
     </span>
     <span class='ocr_line' id='line_1_26' title="bbox 58 2293 1230 2369; baseline -0.001 -22"><span class='ocrx_word' id='word_1_226' title='bbox 58 2295 244 2364; x_wconf 88' lang='lat' dir='ltr'><strong>poematibus.</strong></span> <span class='ocrx_word' id='word_1_227' title='bbox 283 2295 422 2349; x_wconf 84' lang='lat' dir='ltr'><strong>Cautores</strong></span> <span class='ocrx_word' id='word_1_228' title='bbox 438 2293 468 2345; x_wconf 89' lang='lat' dir='ltr'><strong>h.</strong></span> <span class='ocrx_word' id='word_1_229' title='bbox 486 2294 684 2369; x_wconf 72' lang='lat' dir='ltr'><strong>bsignificari</strong></span> <span class='ocrx_word' id='word_1_230' title='bbox 702 2303 773 2365; x_wconf 90' lang='lat' dir='ltr'><strong>puto</strong></span> <span class='ocrx_word' id='word_1_231' title='bbox 801 2294 928 2347; x_wconf 88' lang='lat' dir='ltr'><strong>scenicos</strong></span> <span class='ocrx_word' id='word_1_232' title='bbox 954 2294 1117 2347; x_wconf 79' lang='lat' dir='ltr'><strong>fabularum</strong></span> <span class='ocrx_word' id='word_1_233' title='bbox 1134 2300 1230 2346; x_wconf 58' lang='lat' dir='ltr'><strong>acto»</strong></span> 
     </span>
     <span class='ocr_line' id='line_1_27' title="bbox 59 2363 1211 2435; baseline -0.001 -17"><span class='ocrx_word' id='word_1_234' title='bbox 59 2381 116 2431; x_wconf 87' lang='lat' dir='ltr'><strong>res,</strong></span> <span class='ocrx_word' id='word_1_235' title='bbox 139 2373 173 2416; x_wconf 88' lang='lat' dir='ltr'><strong>ut</strong></span> <span class='ocrx_word' id='word_1_236' title='bbox 198 2363 272 2435; x_wconf 86' lang='lat' dir='ltr'><strong>apud</strong></span> <span class='ocrx_word' id='word_1_237' title='bbox 289 2366 456 2417; x_wconf 85' lang='lat' dir='ltr'><strong>Horatium:</strong></span> <span class='ocrx_word' id='word_1_238' title='bbox 477 2363 519 2417; x_wconf 71' lang='lat' dir='ltr'><strong>‘Si</strong></span> <span class='ocrx_word' id='word_1_239' title='bbox 542 2367 686 2431; x_wconf 82' lang='lat' dir='ltr'><strong>plausoris</strong></span> <span class='ocrx_word' id='word_1_240' title='bbox 707 2380 774 2432; x_wconf 84' lang='lat' dir='ltr'><strong>eges</strong></span> <span class='ocrx_word' id='word_1_241' title='bbox 799 2365 900 2417; x_wconf 85' lang='lat' dir='ltr'><strong>aulaea</strong></span> <span class='ocrx_word' id='word_1_242' title='bbox 923 2364 1059 2418; x_wconf 84' lang='lat' dir='ltr'><strong>maneatis</strong></span> <span class='ocrx_word' id='word_1_243' title='bbox 1084 2371 1109 2416; x_wconf 88' lang='lat' dir='ltr'><strong>et</strong></span> <span class='ocrx_word' id='word_1_244' title='bbox 1126 2378 1211 2431; x_wconf 81' lang='lat' dir='ltr'><strong>usque</strong></span> 
     </span>
     <span class='ocr_line' id='line_1_28' title="bbox 59 2433 1289 2500; baseline -0.003 -11"><span class='ocrx_word' id='word_1_245' title='bbox 59 2433 174 2489; x_wconf 77' lang='lat' dir='ltr'><strong>sessuri</strong></span> <span class='ocrx_word' id='word_1_246' title='bbox 191 2434 276 2487; x_wconf 85' lang='lat' dir='ltr'><strong>donec</strong></span> <span class='ocrx_word' id='word_1_247' title='bbox 293 2440 400 2498; x_wconf 84' lang='lat' dir='ltr'><strong>cautor,</strong></span> <span class='ocrx_word' id='word_1_248' title='bbox 419 2449 469 2486; x_wconf 88' lang='lat' dir='ltr'><strong>uos</strong></span> <span class='ocrx_word' id='word_1_249' title='bbox 483 2433 621 2500; x_wconf 80' lang='lat' dir='ltr'><strong>plaudite,</strong></span> <span class='ocrx_word' id='word_1_250' title='bbox 639 2433 744 2490; x_wconf 74' lang='lat' dir='ltr'><strong>dicat.‚“</strong></span> <span class='ocrx_word' id='word_1_251' title='bbox 763 2434 895 2486; x_wconf 85' lang='lat' dir='ltr'><strong>Beroald.</strong></span> <span class='ocrx_word' id='word_1_252' title='bbox 932 2435 1001 2487; x_wconf 82' lang='lat' dir='ltr'><strong>Loci</strong></span> <span class='ocrx_word' id='word_1_253' title='bbox 1026 2451 1042 2486; x_wconf 91' lang='lat' dir='ltr'><strong>a</strong></span> <span class='ocrx_word' id='word_1_254' title='bbox 1059 2435 1123 2486; x_wconf 82' lang='lat' dir='ltr'><strong>Rsr.</strong></span> <span class='ocrx_word' id='word_1_255' title='bbox 1148 2433 1212 2487; x_wconf 89' lang='lat' dir='ltr'><strong>lau·</strong></span> <span class='ocrx_word' id='word_1_256' title='bbox 1286 2441 1289 2447; x_wconf 86' lang='lat'>&#39;</span> 
     </span>
     <span class='ocr_line' id='line_1_29' title="bbox 60 2502 1211 2580; baseline 0 -22"><span class='ocrx_word' id='word_1_257' title='bbox 60 2505 121 2558; x_wconf 80' lang='lat' dir='ltr'><strong>dati</strong></span> <span class='ocrx_word' id='word_1_258' title='bbox 147 2513 214 2555; x_wconf 90' lang='lat' dir='ltr'><strong>sunt</strong></span> <span class='ocrx_word' id='word_1_259' title='bbox 236 2504 318 2580; x_wconf 86' lang='lat' dir='ltr'><strong>Virg.</strong></span> <span class='ocrx_word' id='word_1_260' title='bbox 344 2504 408 2574; x_wconf 84' lang='lat' dir='ltr'><strong>Ecl.</strong></span> <span class='ocrx_word' id='word_1_261' title='bbox 428 2504 461 2554; x_wconf 84' lang='lat' dir='ltr'><strong>X.</strong></span> <span class='ocrx_word' id='word_1_262' title='bbox 480 2505 515 2559; x_wconf 84' lang='grc'><strong>50</strong></span> <span class='ocrx_word' id='word_1_263' title='bbox 533 2521 574 2573; x_wconf 83' lang='lat' dir='ltr'><strong>sq.</strong></span> <span class='ocrx_word' id='word_1_264' title='bbox 607 2503 744 2568; x_wconf 82' lang='lat' dir='ltr'><strong>Quinctil.</strong></span> <span class='ocrx_word' id='word_1_265' title='bbox 762 2505 797 2555; x_wconf 85' lang='lat' dir='ltr'><strong>X.</strong></span> <span class='ocrx_word' id='word_1_266' title='bbox 819 2507 843 2559; x_wconf 90' lang='lat'><strong>1.</strong></span> <span class='ocrx_word' id='word_1_267' title='bbox 871 2504 969 2556; x_wconf 87' lang='lat' dir='ltr'><strong>Horat.</strong></span> <span class='ocrx_word' id='word_1_268' title='bbox 994 2502 1027 2554; x_wconf 90' lang='lat' dir='ltr'><strong>A.</strong></span> <span class='ocrx_word' id='word_1_269' title='bbox 1046 2504 1075 2556; x_wconf 84' lang='lat' dir='ltr'><strong>P.</strong></span> <span class='ocrx_word' id='word_1_270' title='bbox 1096 2503 1155 2558; x_wconf 80' lang='lat'><strong>154.</strong></span> <span class='ocrx_word' id='word_1_271' title='bbox 1176 2503 1211 2558; x_wconf 83' lang='lat' dir='ltr'><strong>ad</strong></span> 
     </span>
     <span class='ocr_line' id='line_1_30' title="bbox 61 2571 1211 2644; baseline 0 -18"><span class='ocrx_word' id='word_1_272' title='bbox 61 2590 133 2644; x_wconf 88' lang='lat' dir='ltr'><strong>quos</strong></span> <span class='ocrx_word' id='word_1_273' title='bbox 149 2575 207 2626; x_wconf 76' lang='lat' dir='ltr'><strong>rid.</strong></span> <span class='ocrx_word' id='word_1_274' title='bbox 227 2574 365 2644; x_wconf 88' lang='lat' dir='ltr'><strong>interprr.</strong></span> <span class='ocrx_word' id='word_1_275' title='bbox 394 2571 473 2626; x_wconf 84' lang='lat' dir='ltr'><strong>Adde</strong></span> <span class='ocrx_word' id='word_1_276' title='bbox 489 2589 540 2626; x_wconf 90' lang='lat' dir='ltr'><strong>nos</strong></span> <span class='ocrx_word' id='word_1_277' title='bbox 558 2574 593 2626; x_wconf 88' lang='lat' dir='ltr'><strong>ad</strong></span> <span class='ocrx_word' id='word_1_278' title='bbox 610 2573 668 2627; x_wconf 83' lang='lat' dir='ltr'><strong>Cic.</strong></span> <span class='ocrx_word' id='word_1_279' title='bbox 689 2574 723 2626; x_wconf 86' lang='lat' dir='ltr'><strong>de</strong></span> <span class='ocrx_word' id='word_1_280' title='bbox 740 2573 805 2629; x_wconf 74' lang='lat' dir='ltr'><strong>Diu.</strong></span> <span class='ocrx_word' id='word_1_281' title='bbox 825 2575 863 2629; x_wconf 89' lang='grc'><strong>11.</strong></span> <span class='ocrx_word' id='word_1_282' title='bbox 882 2573 925 2628; x_wconf 91' lang='grc'><strong>64.</strong></span> <span class='ocrx_word' id='word_1_283' title='bbox 948 2590 977 2642; x_wconf 87' lang='grc' dir='ltr'><strong>Ρ.</strong></span> <span class='ocrx_word' id='word_1_284' title='bbox 997 2573 1058 2629; x_wconf 86' lang='grc'><strong>524.</strong></span> <span class='ocrx_word' id='word_1_285' title='bbox 1084 2572 1139 2624; x_wconf 87' lang='lat' dir='ltr'><strong>ubi</strong></span> <span class='ocrx_word' id='word_1_286' title='bbox 1151 2573 1211 2626; x_wconf 83' lang='lat' dir='ltr'><strong>Eu-</strong></span> 
     </span>
     <span class='ocr_line' id='line_1_31' title="bbox 61 2643 919 2715; baseline -0.003 -18"><span class='ocrx_word' id='word_1_287' title='bbox 61 2643 165 2715; x_wconf 86' lang='lat' dir='ltr'><strong>phoric</strong></span> <span class='ocrx_word' id='word_1_288' title='bbox 183 2661 241 2696; x_wconf 89' lang='lat' dir='ltr'><strong>non</strong></span> <span class='ocrx_word' id='word_1_289' title='bbox 258 2644 363 2708; x_wconf 89' lang='lat' dir='ltr'><strong>minus,</strong></span> <span class='ocrx_word' id='word_1_290' title='bbox 402 2661 468 2694; x_wconf 81' lang='lat' dir='ltr'><strong>uarn</strong></span> <span class='ocrx_word' id='word_1_291' title='bbox 486 2651 583 2696; x_wconf 88' lang='lat' dir='ltr'><strong>nostro</strong></span> <span class='ocrx_word' id='word_1_292' title='bbox 600 2644 664 2698; x_wconf 91' lang='lat' dir='ltr'><strong>luco</strong></span> <span class='ocrx_word' id='word_1_293' title='bbox 683 2643 820 2714; x_wconf 88' lang='lat' dir='ltr'><strong>carpitur.</strong></span> <span class='ocrx_word' id='word_1_294' title='bbox 857 2643 919 2712; x_wconf 54' lang='grc' dir='ltr'><strong>ΜΡ.</strong></span> 
     </span>
     <span class='ocr_line' id='line_1_32' title="bbox 134 2710 1210 2782; baseline 0 -16"><span class='ocrx_word' id='word_1_295' title='bbox 134 2713 303 2768; x_wconf 82' lang='lat' dir='ltr'><strong>Gaatcribus</strong></span> <span class='ocrx_word' id='word_1_296' title='bbox 326 2714 387 2782; x_wconf 86' lang='lat' dir='ltr'><strong>Eup</strong></span> <span class='ocrx_word' id='word_1_297' title='bbox 423 2713 529 2779; x_wconf 69' lang='lat' dir='ltr'><strong>rioms]</strong></span> <span class='ocrx_word' id='word_1_298' title='bbox 564 2714 637 2767; x_wconf 82' lang='lat' dir='ltr'><strong>Vide</strong></span> <span class='ocrx_word' id='word_1_299' title='bbox 666 2715 703 2766; x_wconf 86' lang='lat' dir='ltr'><strong>sis</strong></span> <span class='ocrx_word' id='word_1_300' title='bbox 726 2715 766 2770; x_wconf 85' lang='lat' dir='ltr'><strong>Js.</strong></span> <span class='ocrx_word' id='word_1_301' title='bbox 792 2712 986 2774; x_wconf 76' lang='lat' dir='ltr'><strong>casaubonum</strong></span> <span class='ocrx_word' id='word_1_302' title='bbox 1015 2711 1050 2765; x_wconf 88' lang='lat' dir='ltr'><strong>ad</strong></span> <span class='ocrx_word' id='word_1_303' title='bbox 1078 2710 1210 2766; x_wconf 89' lang='lat' dir='ltr'><strong>Suetonii</strong></span> 
     </span>
    </p>
   </div>
   <div class='ocr_carea' id='block_1_4' title="bbox 61 2782 1025 2906">
    <p class='ocr_par' dir='ltr' id='par_1_5' title="bbox 61 2782 1025 2906">
     <span class='ocr_line' id='line_1_33' title="bbox 61 2782 1025 2906; baseline -0.004 -69"><span class='ocrx_word' id='word_1_304' title='bbox 61 2783 126 2837; x_wconf 78' lang='lat' dir='ltr'><strong>Tib.</strong></span> <span class='ocrx_word' id='word_1_305' title='bbox 145 2802 206 2854; x_wconf 90' lang='lat' dir='ltr'><strong>cap.</strong></span> <span class='ocrx_word' id='word_1_306' title='bbox 225 2787 307 2837; x_wconf 72' lang='lat' dir='ltr'><strong>Lxx.</strong></span> <span class='ocrx_word' id='word_1_307' title='bbox 329 2792 358 2837; x_wconf 92' lang='lat' dir='ltr'><strong>et</strong></span> <span class='ocrx_word' id='word_1_308' title='bbox 376 2785 419 2836; x_wconf 85' lang='lat' dir='ltr'><strong>cl.</strong></span> <span class='ocrx_word' id='word_1_309' title='bbox 440 2782 609 2836; x_wconf 82' lang='lat' dir='ltr'><strong>salmasium</strong></span> <span class='ocrx_word' id='word_1_310' title='bbox 626 2785 729 2836; x_wconf 81' lang='lat' dir='ltr'><strong>Exerc.</strong></span> <span class='ocrx_word' id='word_1_311' title='bbox 749 2783 823 2836; x_wconf 85' lang='lat' dir='ltr'><strong>Plin.</strong></span> <span class='ocrx_word' id='word_1_312' title='bbox 837 2800 871 2906; x_wconf 57' lang='grc' dir='ltr'><strong><em>ἒ</em></strong></span> <span class='ocrx_word' id='word_1_313' title='bbox 891 2785 952 2838; x_wconf 82' lang='grc'><strong>856.</strong></span> <span class='ocrx_word' id='word_1_314' title='bbox 989 2782 1025 2835; x_wconf 87' lang='lat' dir='ltr'><strong>D.</strong></span> 
     </span>
    </p>
   </div>
   <div class='ocr_carea' id='block_1_5' title="bbox 15 2844 1348 4469">
    <p class='ocr_par' dir='ltr' id='par_1_6' title="bbox 60 2844 1348 4254">
     <span class='ocr_line' id='line_1_34' title="bbox 133 2844 1212 2921; baseline -0.004 -13"><span class='ocrx_word' id='word_1_315' title='bbox 133 2855 293 2912; x_wconf 67' lang='lat' dir='ltr'><strong>cantoribus</strong></span> <span class='ocrx_word' id='word_1_316' title='bbox 317 2855 361 2907; x_wconf 86' lang='lat' dir='ltr'><strong>Eu</strong></span> <span class='ocrx_word' id='word_1_317' title='bbox 380 2852 524 2920; x_wconf 77' lang='lat' dir='ltr'><strong>harichis]</strong></span> <span class='ocrx_word' id='word_1_318' title='bbox 570 2853 746 2906; x_wconf 79' lang='lat' dir='ltr'><strong>casaubonus</strong></span> <span class='ocrx_word' id='word_1_319' title='bbox 773 2852 807 2905; x_wconf 92' lang='lat' dir='ltr'><strong>ad</strong></span> <span class='ocrx_word' id='word_1_320' title='bbox 858 2861 969 2917; x_wconf 92' lang='lat' dir='ltr'><strong>ueton.,</strong></span> <span class='ocrx_word' id='word_1_321' title='bbox 991 2844 1084 2921; x_wconf 63' lang='lat' dir='ltr'><strong>³quem</strong></span> <span class='ocrx_word' id='word_1_322' title='bbox 1113 2851 1212 2905; x_wconf 86' lang='lat' dir='ltr'><strong>laudat</strong></span> 
     </span>
     <span class='ocr_line' id='line_1_35' title="bbox 61 2920 1253 2995; baseline 0.002 -21"><span class='ocrx_word' id='word_1_323' title='bbox 61 2923 142 2989; x_wconf 74' lang='lat' dir='ltr'><strong>Dav,</strong></span> <span class='ocrx_word' id='word_1_324' title='bbox 169 2943 198 2995; x_wconf 88' lang='lat' dir='ltr'><strong>p.</strong></span> <span class='ocrx_word' id='word_1_325' title='bbox 217 2928 260 2980; x_wconf 80' lang='lat' dir='ltr'><strong>db.</strong></span> <span class='ocrx_word' id='word_1_326' title='bbox 289 2925 341 2976; x_wconf 85' lang='lat' dir='ltr'><strong>Ed.</strong></span> <span class='ocrx_word' id='word_1_327' title='bbox 407 2924 458 2976; x_wconf 84' lang='lat' dir='ltr'><strong>clf.</strong></span> <span class='ocrx_word' id='word_1_328' title='bbox 487 2923 624 2988; x_wconf 64' lang='lat' dir='ltr'><strong>„cicera</strong></span> <span class='ocrx_word' id='word_1_329' title='bbox 651 2924 702 2987; x_wconf 89' lang='lat' dir='ltr'><strong>ait,</strong></span> <span class='ocrx_word' id='word_1_330' title='bbox 720 2928 847 2977; x_wconf 82' lang='lat' dir='ltr'><strong>cantores</strong></span> <span class='ocrx_word' id='word_1_331' title='bbox 869 2920 1059 2991; x_wconf 79' lang='lat' dir='ltr'><strong>Euphorionis</strong></span> <span class='ocrx_word' id='word_1_332' title='bbox 1083 2923 1212 2993; x_wconf 88' lang='lat' dir='ltr'><strong>appellat</strong></span> <span class='ocrx_word' id='word_1_333' title='bbox 1250 2936 1253 2944; x_wconf 90' lang='lat'>·</span> 
     </span>
     <span class='ocr_line' id='line_1_36' title="bbox 60 2992 1213 3067; baseline 0 -22"><span class='ocrx_word' id='word_1_334' title='bbox 60 2992 203 3058; x_wconf 87' lang='lat' dir='ltr'><strong>homines,</strong></span> <span class='ocrx_word' id='word_1_335' title='bbox 231 2994 283 3062; x_wconf 84' lang='lat' dir='ltr'><strong>qui</strong></span> <span class='ocrx_word' id='word_1_336' title='bbox 305 2993 440 3046; x_wconf 87' lang='lat' dir='ltr'><strong>mollium</strong></span> <span class='ocrx_word' id='word_1_337' title='bbox 472 2992 503 3044; x_wconf 90' lang='lat' dir='ltr'><strong>id</strong></span> <span class='ocrx_word' id='word_1_338' title='bbox 527 3009 617 3067; x_wconf 87' lang='lat' dir='ltr'><strong>genus</strong></span> <span class='ocrx_word' id='word_1_339' title='bbox 649 2994 823 3062; x_wconf 89' lang='lat' dir='ltr'><strong>scriptorum</strong></span> <span class='ocrx_word' id='word_1_340' title='bbox 848 2992 973 3050; x_wconf 84' lang='lat' dir='ltr'><strong>lectione</strong></span> <span class='ocrx_word' id='word_1_341' title='bbox 1000 2992 1213 3046; x_wconf 87' lang='lat' dir='ltr'><strong>oblectantur.“</strong></span> 
     </span>
     <span class='ocr_line' id='line_1_37' title="bbox 62 3062 1311 3119; baseline 0.001 -3"><span class='ocrx_word' id='word_1_342' title='bbox 62 3063 120 3116; x_wconf 87' lang='lat' dir='ltr'><strong>Sed</strong></span> <span class='ocrx_word' id='word_1_343' title='bbox 153 3071 215 3115; x_wconf 89' lang='lat' dir='ltr'><strong>tota</strong></span> <span class='ocrx_word' id='word_1_344' title='bbox 243 3064 295 3119; x_wconf 87' lang='lat' dir='ltr'><strong>illa</strong></span> <span class='ocrx_word' id='word_1_345' title='bbox 326 3062 472 3114; x_wconf 89' lang='lat' dir='ltr'><strong>annotatio</strong></span> <span class='ocrx_word' id='word_1_346' title='bbox 493 3062 523 3114; x_wconf 89' lang='lat' dir='ltr'><strong>le</strong></span> <span class='ocrx_word' id='word_1_347' title='bbox 545 3063 623 3114; x_wconf 87' lang='lat' dir='ltr'><strong>enda.</strong></span> <span class='ocrx_word' id='word_1_348' title='bbox 669 3064 760 3115; x_wconf 85' lang='lat' dir='ltr'><strong>Locus</strong></span> <span class='ocrx_word' id='word_1_349' title='bbox 785 3062 919 3115; x_wconf 87' lang='lat' dir='ltr'><strong>Salmasii</strong></span> <span class='ocrx_word' id='word_1_350' title='bbox 947 3063 982 3116; x_wconf 92' lang='lat' dir='ltr'><strong>ad</strong></span> <span class='ocrx_word' id='word_1_351' title='bbox 1006 3063 1139 3116; x_wconf 83' lang='lat' dir='ltr'><strong>Solinum</strong></span> <span class='ocrx_word' id='word_1_352' title='bbox 1170 3072 1213 3118; x_wconf 84' lang='lat' dir='ltr'><strong>est</strong></span> <span class='ocrx_word' id='word_1_353' title='bbox 1244 3075 1248 3082; x_wconf 88' lang='lat'><em>&#39;</em></span> <span class='ocrx_word' id='word_1_354' title='bbox 1308 3070 1311 3075; x_wconf 76' lang='grc'><em>’</em></span> 
     </span>
     <span class='ocr_line' id='line_1_38' title="bbox 60 3130 1213 3202; baseline -0.003 -15"><span class='ocrx_word' id='word_1_355' title='bbox 60 3151 91 3202; x_wconf 88' lang='grc' dir='ltr'><strong>Ρ.</strong></span> <span class='ocrx_word' id='word_1_356' title='bbox 112 3136 173 3187; x_wconf 87' lang='grc'><strong>601.</strong></span> <span class='ocrx_word' id='word_1_357' title='bbox 193 3133 246 3184; x_wconf 79' lang='lat' dir='ltr'><strong>Ed.</strong></span> <span class='ocrx_word' id='word_1_358' title='bbox 265 3131 342 3195; x_wconf 83' lang='lat' dir='ltr'><strong>Trai.</strong></span> <span class='ocrx_word' id='word_1_359' title='bbox 363 3130 433 3183; x_wconf 89' lang='lat' dir='ltr'><strong>Add.</strong></span> <span class='ocrx_word' id='word_1_360' title='bbox 453 3134 535 3184; x_wconf 85' lang='lat' dir='ltr'><strong>Mene</strong></span> <span class='ocrx_word' id='word_1_361' title='bbox 559 3146 603 3184; x_wconf 86' lang='lat' dir='ltr'><strong>en.</strong></span> <span class='ocrx_word' id='word_1_362' title='bbox 622 3132 696 3185; x_wconf 89' lang='lat' dir='ltr'><strong>Obss.</strong></span> <span class='ocrx_word' id='word_1_363' title='bbox 716 3134 748 3184; x_wconf 81' lang='lat'><strong>1..</strong></span> <span class='ocrx_word' id='word_1_364' title='bbox 761 3133 800 3184; x_wconf 29' lang='lat'><strong>⁴1..</strong></span> <span class='ocrx_word' id='word_1_365' title='bbox 820 3135 902 3201; x_wconf 71' lang='lat' dir='ltr'><strong>peu.</strong></span> <span class='ocrx_word' id='word_1_366' title='bbox 923 3141 952 3184; x_wconf 84' lang='lat' dir='ltr'><strong>et</strong></span> <span class='ocrx_word' id='word_1_367' title='bbox 971 3133 1002 3185; x_wconf 92' lang='lat' dir='ltr'><strong>in</strong></span> <span class='ocrx_word' id='word_1_368' title='bbox 1039 3133 1123 3184; x_wconf 87' lang='lat' dir='ltr'><strong>rimis</strong></span> <span class='ocrx_word' id='word_1_369' title='bbox 1141 3135 1213 3186; x_wconf 86' lang='lat' dir='ltr'><strong>Mei·</strong></span> 
     </span>
     <span class='ocr_line' id='line_1_39' title="bbox 61 3151 1209 3275; baseline -0.002 -20"><span class='ocrx_word' id='word_1_370' title='bbox 61 3203 200 3258; x_wconf 81' lang='lat' dir='ltr'><strong>neckium</strong></span> <span class='ocrx_word' id='word_1_371' title='bbox 223 3201 258 3254; x_wconf 90' lang='lat' dir='ltr'><strong>de</strong></span> <span class='ocrx_word' id='word_1_372' title='bbox 284 3201 471 3272; x_wconf 81' lang='lat' dir='ltr'><strong>Euphorione</strong></span> <span class='ocrx_word' id='word_1_373' title='bbox 497 3219 526 3270; x_wconf 87' lang='lat' dir='ltr'><strong>p.</strong></span> <span class='ocrx_word' id='word_1_374' title='bbox 547 3205 581 3256; x_wconf 83' lang='grc'><strong>35</strong></span> <span class='ocrx_word' id='word_1_375' title='bbox 604 3218 644 3271; x_wconf 88' lang='lat' dir='ltr'><strong>sq.</strong></span> <span class='ocrx_word' id='word_1_376' title='bbox 670 3203 705 3256; x_wconf 92' lang='grc'><strong>42</strong></span> <span class='ocrx_word' id='word_1_377' title='bbox 728 3219 789 3271; x_wconf 84' lang='lat' dir='ltr'><strong>sqq.</strong></span> <span class='ocrx_word' id='word_1_378' title='bbox 826 3201 991 3275; x_wconf 85' lang='lat' dir='ltr'><strong>Adiungere</strong></span> <span class='ocrx_word' id='word_1_379' title='bbox 1018 3151 1091 3253; x_wconf 69' lang='lat' dir='ltr'><strong>libet</strong></span> <span class='ocrx_word' id='word_1_380' title='bbox 1117 3220 1152 3253; x_wconf 88' lang='lat' dir='ltr'><strong>ex</strong></span> <span class='ocrx_word' id='word_1_381' title='bbox 1176 3204 1209 3254; x_wconf 87' lang='lat' dir='ltr'><strong>A.</strong></span> 
     </span>
     <span class='ocr_line' id='line_1_40' title="bbox 61 3270 1211 3340; baseline -0.003 -10"><span class='ocrx_word' id='word_1_382' title='bbox 61 3273 227 3330; x_wconf 83' lang='lat' dir='ltr'><strong>Weichert.</strong></span> <span class='ocrx_word' id='word_1_383' title='bbox 247 3275 336 3325; x_wconf 78' lang='lat' dir='ltr'><strong>Poeta.</strong></span> <span class='ocrx_word' id='word_1_384' title='bbox 357 3273 430 3324; x_wconf 72' lang='lat' dir='ltr'><strong>batt.</strong></span> <span class='ocrx_word' id='word_1_385' title='bbox 451 3270 546 3323; x_wconf 83' lang='lat' dir='ltr'><strong>Hostii</strong></span> <span class='ocrx_word' id='word_1_386' title='bbox 565 3279 619 3324; x_wconf 82' lang='lat' dir='ltr'><strong>etc.</strong></span> <span class='ocrx_word' id='word_1_387' title='bbox 646 3271 721 3322; x_wconf 82' lang='lat' dir='ltr'><strong>Vitis</strong></span> <span class='ocrx_word' id='word_1_388' title='bbox 739 3280 769 3323; x_wconf 81' lang='lat' dir='ltr'><strong>et</strong></span> <span class='ocrx_word' id='word_1_389' title='bbox 786 3270 860 3327; x_wconf 80' lang='lat' dir='ltr'><strong>Reli.</strong></span> <span class='ocrx_word' id='word_1_390' title='bbox 880 3270 961 3340; x_wconf 67' lang='lat' dir='ltr'><strong>(aps.</strong></span> <span class='ocrx_word' id='word_1_391' title='bbox 981 3271 1053 3322; x_wconf 83' lang='lat' dir='ltr'><strong>Tbn.</strong></span> <span class='ocrx_word' id='word_1_392' title='bbox 1076 3273 1152 3325; x_wconf 79' lang='lat'><strong>1830.</strong></span> <span class='ocrx_word' id='word_1_393' title='bbox 1172 3271 1211 3336; x_wconf 83' lang='lat'><strong>8.)</strong></span> 
     </span>
     <span class='ocr_line' id='line_1_41' title="bbox 60 3339 1213 3413; baseline -0.005 -14"><span class='ocrx_word' id='word_1_394' title='bbox 60 3362 90 3413; x_wconf 90' lang='grc' dir='ltr'><strong>Ρ.</strong></span> <span class='ocrx_word' id='word_1_395' title='bbox 112 3341 174 3399; x_wconf 78' lang='grc' dir='ltr'><strong>122ἑ</strong></span> <span class='ocrx_word' id='word_1_396' title='bbox 202 3342 399 3409; x_wconf 88' lang='lat' dir='ltr'><strong>„Studiorum</strong></span> <span class='ocrx_word' id='word_1_397' title='bbox 417 3340 651 3411; x_wconf 80' lang='lat' dir='ltr'><strong>depravationem</strong></span> <span class='ocrx_word' id='word_1_398' title='bbox 669 3341 713 3392; x_wconf 88' lang='lat' dir='ltr'><strong>rei</strong></span> <span class='ocrx_word' id='word_1_399' title='bbox 730 3340 862 3411; x_wconf 89' lang='lat' dir='ltr'><strong>publicae</strong></span> <span class='ocrx_word' id='word_1_400' title='bbox 880 3341 1003 3393; x_wconf 91' lang='lat' dir='ltr'><strong>interitu</strong></span> <span class='ocrx_word' id='word_1_401' title='bbox 1026 3340 1143 3393; x_wconf 90' lang='lat' dir='ltr'><strong>subinde</strong></span> <span class='ocrx_word' id='word_1_402' title='bbox 1162 3339 1213 3393; x_wconf 71' lang='lat' dir='ltr'><strong>&#39;in-</strong></span> 
     </span>
     <span class='ocr_line' id='line_1_42' title="bbox 60 3410 1212 3484; baseline -0.002 -18"><span class='ocrx_word' id='word_1_403' title='bbox 60 3415 253 3471; x_wconf 82' lang='lat' dir='ltr'><strong>valescentem</strong></span> <span class='ocrx_word' id='word_1_404' title='bbox 269 3413 399 3484; x_wconf 86' lang='lat' dir='ltr'><strong>deplorat</strong></span> <span class='ocrx_word' id='word_1_405' title='bbox 410 3413 466 3465; x_wconf 88' lang='lat' dir='ltr'><strong>iam</strong></span> <span class='ocrx_word' id='word_1_406' title='bbox 478 3410 589 3474; x_wconf 67' lang='lat' dir='ltr'><strong>Cicero}</strong></span> <span class='ocrx_word' id='word_1_407' title='bbox 609 3428 734 3462; x_wconf 90' lang='lat' dir='ltr'><strong>summus</strong></span> <span class='ocrx_word' id='word_1_408' title='bbox 753 3411 807 3463; x_wconf 90' lang='lat' dir='ltr'><strong>ille</strong></span> <span class='ocrx_word' id='word_1_409' title='bbox 824 3418 957 3464; x_wconf 83' lang='lat' dir='ltr'><strong>veterum</strong></span> <span class='ocrx_word' id='word_1_410' title='bbox 972 3417 1072 3465; x_wconf 79' lang='lat' dir='ltr'><strong>vatum</strong></span> <span class='ocrx_word' id='word_1_411' title='bbox 1090 3410 1212 3471; x_wconf 85' lang='lat' dir='ltr'><strong>admira-</strong></span> 
     </span>
     <span class='ocr_line' id='line_1_43' title="bbox 61 3481 1212 3554; baseline -0.003 -17"><span class='ocrx_word' id='word_1_412' title='bbox 61 3493 110 3537; x_wconf 91' lang='lat' dir='ltr'><strong>tor</strong></span> <span class='ocrx_word' id='word_1_413' title='bbox 128 3494 157 3538; x_wconf 81' lang='lat' dir='ltr'><strong>et</strong></span> <span class='ocrx_word' id='word_1_414' title='bbox 173 3485 281 3538; x_wconf 84' lang='lat' dir='ltr'><strong>vindex</strong></span> <span class='ocrx_word' id='word_1_415' title='bbox 292 3484 394 3536; x_wconf 90' lang='lat' dir='ltr'><strong>Tuscc.</strong></span> <span class='ocrx_word' id='word_1_416' title='bbox 414 3484 466 3535; x_wconf 91' lang='lat'><strong>111.</strong></span> <span class='ocrx_word' id='word_1_417' title='bbox 488 3485 533 3536; x_wconf 86' lang='lat'><strong>19:</strong></span> <span class='ocrx_word' id='word_1_418' title='bbox 552 3481 603 3533; x_wconf 90' lang='lat' dir='ltr'><strong>ubi</strong></span> <span class='ocrx_word' id='word_1_419' title='bbox 620 3481 740 3533; x_wconf 88' lang='lat' dir='ltr'><strong>laudatis</strong></span> <span class='ocrx_word' id='word_1_420' title='bbox 758 3482 848 3534; x_wconf 84' lang='lat' dir='ltr'><strong>Ennii</strong></span> <span class='ocrx_word' id='word_1_421' title='bbox 865 3481 994 3533; x_wconf 84' lang='lat' dir='ltr'><strong>versibus</strong></span> <span class='ocrx_word' id='word_1_422' title='bbox 1012 3481 1163 3554; x_wconf 82' lang='lat' dir='ltr'><strong>gravitatis</strong></span> <span class='ocrx_word' id='word_1_423' title='bbox 1182 3489 1212 3534; x_wconf 88' lang='lat' dir='ltr'><strong>et</strong></span> 
     </span>
     <span class='ocr_line' id='line_1_44' title="bbox 61 3549 1212 3635; baseline -0.004 -27"><span class='ocrx_word' id='word_1_424' title='bbox 61 3555 245 3608; x_wconf 90' lang='lat' dir='ltr'><strong>sublimitatis</strong></span> <span class='ocrx_word' id='word_1_425' title='bbox 263 3550 357 3627; x_wconf 78' lang='lat' dir='ltr'><strong>plenis</strong></span> <span class='ocrx_word' id='word_1_426' title='bbox 375 3570 442 3606; x_wconf 90' lang='lat' dir='ltr'><strong>cum</strong></span> <span class='ocrx_word' id='word_1_427' title='bbox 460 3552 581 3620; x_wconf 86' lang='lat' dir='ltr'><strong>quadam</strong></span> <span class='ocrx_word' id='word_1_428' title='bbox 605 3552 853 3635; x_wconf 85' lang='lat' dir='ltr'><strong>indignatiuncula</strong></span> <span class='ocrx_word' id='word_1_429' title='bbox 878 3553 1036 3604; x_wconf 86' lang='lat' dir='ltr'><strong>exclamat:</strong></span> <span class='ocrx_word' id='word_1_430' title='bbox 1062 3549 1212 3618; x_wconf 73' lang='lat' dir='ltr'><strong>Opablam</strong></span> 
     </span>
     <span class='ocr_line' id='line_1_45' title="bbox 62 3619 1209 3695; baseline -0.004 -17"><span class='ocrx_word' id='word_1_431' title='bbox 62 3626 227 3693; x_wconf 76' lang='lat' dir='ltr'><strong>egregium!</strong></span> <span class='ocrx_word' id='word_1_432' title='bbox 245 3640 409 3695; x_wconf 77' lang='lat' dir='ltr'><strong>quamquam</strong></span> <span class='ocrx_word' id='word_1_433' title='bbox 427 3622 525 3675; x_wconf 89' lang='lat' dir='ltr'><strong>abhis</strong></span> <span class='ocrx_word' id='word_1_434' title='bbox 543 3619 1002 3691; x_wconf 84' lang='lat' dir='ltr'><strong>cantoribusEuphariauis</strong></span> <span class='ocrx_word' id='word_1_435' title='bbox 1020 3622 1209 3673; x_wconf 83' lang='lat' dir='ltr'><strong>contemnitur.</strong></span> 
     </span>
     <span class='ocr_line' id='line_1_46' title="bbox 62 3690 1211 3764; baseline -0.002 -18"><span class='ocrx_word' id='word_1_436' title='bbox 62 3696 151 3761; x_wconf 86' lang='lat' dir='ltr'><strong>Quem</strong></span> <span class='ocrx_word' id='word_1_437' title='bbox 177 3698 273 3749; x_wconf 90' lang='lat' dir='ltr'><strong>locum</strong></span> <span class='ocrx_word' id='word_1_438' title='bbox 288 3696 351 3749; x_wconf 80' lang='lat' dir='ltr'><strong>-etsi</strong></span> <span class='ocrx_word' id='word_1_439' title='bbox 377 3694 523 3764; x_wconf 88' lang='lat' dir='ltr'><strong>praeclare</strong></span> <span class='ocrx_word' id='word_1_440' title='bbox 551 3693 708 3763; x_wconf 81' lang='lat' dir='ltr'><strong>explicavit</strong></span> <span class='ocrx_word' id='word_1_441' title='bbox 732 3693 910 3746; x_wconf 87' lang='lat' dir='ltr'><strong>Meineckius</strong></span> <span class='ocrx_word' id='word_1_442' title='bbox 934 3692 968 3745; x_wconf 92' lang='lat' dir='ltr'><strong>de</strong></span> <span class='ocrx_word' id='word_1_443' title='bbox 991 3690 1086 3761; x_wconf 84' lang='lat' dir='ltr'><strong>Euph.</strong></span> <span class='ocrx_word' id='word_1_444' title='bbox 1114 3692 1211 3744; x_wconf 87' lang='lat' dir='ltr'><strong>Chalc.</strong></span> 
     </span>
     <span class='ocr_line' id='line_1_47' title="bbox 60 3761 1212 3835; baseline -0.001 -19"><span class='ocrx_word' id='word_1_445' title='bbox 60 3766 128 3818; x_wconf 86' lang='lat' dir='ltr'><strong>Vita</strong></span> <span class='ocrx_word' id='word_1_446' title='bbox 146 3775 176 3818; x_wconf 92' lang='lat' dir='ltr'><strong>et</strong></span> <span class='ocrx_word' id='word_1_447' title='bbox 194 3767 270 3820; x_wconf 72' lang='lat' dir='ltr'><strong>Scir.</strong></span> <span class='ocrx_word' id='word_1_448' title='bbox 290 3782 319 3834; x_wconf 90' lang='grc' dir='ltr'><strong>Ρ.</strong></span> <span class='ocrx_word' id='word_1_449' title='bbox 338 3768 373 3821; x_wconf 81' lang='grc'><strong>33</strong></span> <span class='ocrx_word' id='word_1_450' title='bbox 391 3783 432 3834; x_wconf 89' lang='lat' dir='ltr'><strong>sq.</strong></span> <span class='ocrx_word' id='word_1_451' title='bbox 453 3764 551 3833; x_wconf 88' lang='lat' dir='ltr'><strong>ibique</strong></span> <span class='ocrx_word' id='word_1_452' title='bbox 570 3765 668 3816; x_wconf 88' lang='lat' dir='ltr'><strong>docuit</strong></span> <span class='ocrx_word' id='word_1_453' title='bbox 686 3763 792 3833; x_wconf 87' lang='lat' dir='ltr'><strong>respici</strong></span> <span class='ocrx_word' id='word_1_454' title='bbox 814 3780 832 3814; x_wconf 85' lang='lat' dir='ltr'><strong>a</strong></span> <span class='ocrx_word' id='word_1_455' title='bbox 851 3762 988 3815; x_wconf 87' lang='lat' dir='ltr'><strong>Cicerone</strong></span> <span class='ocrx_word' id='word_1_456' title='bbox 1015 3761 1212 3835; x_wconf 85' lang='lat' dir='ltr'><strong>Euphorionis</strong></span> 
     </span>
     <span class='ocr_line' id='line_1_48' title="bbox 60 3833 1212 3911; baseline -0.003 -22"><span class='ocrx_word' id='word_1_457' title='bbox 60 3837 181 3911; x_wconf 83' lang='lat' dir='ltr'><strong>Elegcs,</strong></span> <span class='ocrx_word' id='word_1_458' title='bbox 211 3835 354 3888; x_wconf 90' lang='lat' dir='ltr'><strong>mollioris</strong></span> <span class='ocrx_word' id='word_1_459' title='bbox 383 3835 548 3908; x_wconf 85' lang='lat' dir='ltr'><strong>argumenti</strong></span> <span class='ocrx_word' id='word_1_460' title='bbox 572 3836 718 3904; x_wconf 78' lang='lat' dir='ltr'><strong>poe&#39;mata,</strong></span> <span class='ocrx_word' id='word_1_461' title='bbox 748 3842 845 3885; x_wconf 78' lang='lat' dir='ltr'><strong>tanaen</strong></span> <span class='ocrx_word' id='word_1_462' title='bbox 869 3849 926 3884; x_wconf 89' lang='lat' dir='ltr'><strong>non</strong></span> <span class='ocrx_word' id='word_1_463' title='bbox 950 3850 1074 3903; x_wconf 85' lang='lat' dir='ltr'><strong>possum,</strong></span> <span class='ocrx_word' id='word_1_464' title='bbox 1101 3833 1172 3901; x_wconf 87' lang='lat' dir='ltr'><strong>quin</strong></span> <span class='ocrx_word' id='word_1_465' title='bbox 1196 3851 1212 3886; x_wconf 86' lang='lat' dir='ltr'><strong>a</strong></span> 
     </span>
     <span class='ocr_line' id='line_1_49' title="bbox 60 3903 1212 3979; baseline -0.002 -21"><span class='ocrx_word' id='word_1_466' title='bbox 60 3906 226 3958; x_wconf 88' lang='lat' dir='ltr'><strong>doctissimo</strong></span> <span class='ocrx_word' id='word_1_467' title='bbox 256 3906 331 3971; x_wconf 80' lang='lat' dir='ltr'><strong>viro,</strong></span> <span class='ocrx_word' id='word_1_468' title='bbox 356 3923 446 3974; x_wconf 84' lang='lat' dir='ltr'><strong>quum</strong></span> <span class='ocrx_word' id='word_1_469' title='bbox 474 3903 661 3974; x_wconf 73' lang='lat' dir='ltr'><strong>Euphorionis</strong></span> <span class='ocrx_word' id='word_1_470' title='bbox 683 3909 810 3956; x_wconf 83' lang='lat' dir='ltr'><strong>cantores</strong></span> <span class='ocrx_word' id='word_1_471' title='bbox 834 3905 868 3956; x_wconf 89' lang='lat' dir='ltr'><strong>de</strong></span> <span class='ocrx_word' id='word_1_472' title='bbox 893 3903 980 3954; x_wconf 83' lang='lat' dir='ltr'><strong>illius</strong></span> <span class='ocrx_word' id='word_1_473' title='bbox 998 3904 1146 3979; x_wconf 80' lang='lat' dir='ltr'><strong>elegorum</strong></span> <span class='ocrx_word' id='word_1_474' title='bbox 1163 3903 1212 3956; x_wconf 83' lang='lat' dir='ltr'><strong>vel</strong></span> 
     </span>
     <span class='ocr_line' id='line_1_50' title="bbox 61 3973 1212 4046; baseline -0.005 -16"><span class='ocrx_word' id='word_1_475' title='bbox 61 3975 272 4046; x_wconf 87' lang='lat' dir='ltr'><strong>interpretibus</strong></span> <span class='ocrx_word' id='word_1_476' title='bbox 288 3976 341 4027; x_wconf 77' lang='lat' dir='ltr'><strong>&#39;vel</strong></span> <span class='ocrx_word' id='word_1_477' title='bbox 359 3975 551 4028; x_wconf 87' lang='lat' dir='ltr'><strong>imitatoribus</strong></span> <span class='ocrx_word' id='word_1_478' title='bbox 575 3976 691 4045; x_wconf 76' lang='lat' dir='ltr'><strong>accipit,</strong></span> <span class='ocrx_word' id='word_1_479' title='bbox 717 3975 916 4027; x_wconf 83' lang='lat' dir='ltr'><strong>discessionem</strong></span> <span class='ocrx_word' id='word_1_480' title='bbox 938 3973 1056 4026; x_wconf 82' lang='lat' dir='ltr'><strong>faciam:</strong></span> <span class='ocrx_word' id='word_1_481' title='bbox 1084 3973 1212 4033; x_wconf 88' lang='lat' dir='ltr'><strong>nondum</strong></span> 
     </span>
     <span class='ocr_line' id='line_1_51' title="bbox 62 4043 1348 4115; baseline -0.006 -14"><span class='ocrx_word' id='word_1_482' title='bbox 62 4049 142 4102; x_wconf 88' lang='lat' dir='ltr'><strong>enim</strong></span> <span class='ocrx_word' id='word_1_483' title='bbox 160 4064 207 4098; x_wconf 89' lang='lat' dir='ltr'><strong>me</strong></span> <span class='ocrx_word' id='word_1_484' title='bbox 227 4062 327 4098; x_wconf 86' lang='lat' dir='ltr'><strong>eorum</strong></span> <span class='ocrx_word' id='word_1_485' title='bbox 345 4046 483 4115; x_wconf 82' lang='lat' dir='ltr'><strong>poenitet,</strong></span> <span class='ocrx_word' id='word_1_486' title='bbox 512 4063 583 4113; x_wconf 87' lang='lat' dir='ltr'><strong>quae</strong></span> <span class='ocrx_word' id='word_1_487' title='bbox 597 4046 636 4098; x_wconf 80' lang='lat' dir='ltr'><strong>&#39;de</strong></span> <span class='ocrx_word' id='word_1_488' title='bbox 660 4045 822 4099; x_wconf 85' lang='lat' dir='ltr'><strong>istiusmodi</strong></span> <span class='ocrx_word' id='word_1_489' title='bbox 848 4043 1011 4095; x_wconf 88' lang='lat' dir='ltr'><strong>cantoribus</strong></span> <span class='ocrx_word' id='word_1_490' title='bbox 1034 4043 1155 4096; x_wconf 90' lang='lat' dir='ltr'><strong>disserui</strong></span> <span class='ocrx_word' id='word_1_491' title='bbox 1181 4044 1212 4094; x_wconf 86' lang='lat' dir='ltr'><strong>in</strong></span> <span class='ocrx_word' id='word_1_492' title='bbox 1344 4096 1348 4108; x_wconf 64' lang='grc'>,</span> 
     </span>
     <span class='ocr_line' id='line_1_52' title="bbox 60 4113 1276 4193; baseline -0.003 -21"><span class='ocrx_word' id='word_1_493' title='bbox 60 4123 161 4193; x_wconf 89' lang='lat' dir='ltr'><strong>Progr.</strong></span> <span class='ocrx_word' id='word_1_494' title='bbox 183 4117 218 4170; x_wconf 91' lang='lat' dir='ltr'><strong>de</strong></span> <span class='ocrx_word' id='word_1_495' title='bbox 236 4114 350 4168; x_wconf 88' lang='lat' dir='ltr'><strong>Horatii</strong></span> <span class='ocrx_word' id='word_1_496' title='bbox 368 4115 522 4168; x_wconf 86' lang='lat' dir='ltr'><strong>Obtrectat.</strong></span> <span class='ocrx_word' id='word_1_497' title='bbox 542 4114 563 4179; x_wconf 68' lang='lat' dir='ltr'><strong>b.</strong></span> <span class='ocrx_word' id='word_1_498' title='bbox 581 4115 631 4170; x_wconf 81' lang='grc'><strong>3.“</strong></span> <span class='ocrx_word' id='word_1_499' title='bbox 653 4117 734 4168; x_wconf 89' lang='lat' dir='ltr'><strong>Unus</strong></span> <span class='ocrx_word' id='word_1_500' title='bbox 753 4118 803 4169; x_wconf 87' lang='lat' dir='ltr'><strong>Ox.</strong></span> <span class='ocrx_word' id='word_1_501' title='bbox 822 4114 909 4170; x_wconf 85' lang='lat' dir='ltr'><strong>habet</strong></span> <span class='ocrx_word' id='word_1_502' title='bbox 932 4113 1064 4167; x_wconf 80' lang='lat' dir='ltr'><strong>cauieris.</strong></span> <span class='ocrx_word' id='word_1_503' title='bbox 1091 4113 1164 4166; x_wconf 87' lang='lat' dir='ltr'><strong>Gud.</strong></span> <span class='ocrx_word' id='word_1_504' title='bbox 1185 4116 1210 4168; x_wconf 89' lang='grc'><strong>2.</strong></span> <span class='ocrx_word' id='word_1_505' title='bbox 1235 4173 1244 4181; x_wconf 54' lang='grc'>,</span> <span class='ocrx_word' id='word_1_506' title='bbox 1272 4148 1276 4154; x_wconf 92' lang='grc'><strong>-</strong></span> 
     </span>
     <span class='ocr_line' id='line_1_53' title="bbox 62 4175 1213 4254; baseline -0.008 -11"><span class='ocrx_word' id='word_1_507' title='bbox 62 4189 193 4243; x_wconf 85' lang='lat' dir='ltr'><strong>cuntibus.</strong></span> <span class='ocrx_word' id='word_1_508' title='bbox 221 4186 292 4239; x_wconf 92' lang='lat' dir='ltr'><strong>Add.</strong></span> <span class='ocrx_word' id='word_1_509' title='bbox 312 4187 347 4238; x_wconf 90' lang='lat' dir='ltr'><strong>ad</strong></span> <span class='ocrx_word' id='word_1_510' title='bbox 365 4202 428 4237; x_wconf 88' lang='lat' dir='ltr'><strong>rem</strong></span> <span class='ocrx_word' id='word_1_511' title='bbox 445 4185 476 4238; x_wconf 84' lang='lat' dir='ltr'><strong>G.</strong></span> <span class='ocrx_word' id='word_1_512' title='bbox 496 4186 523 4237; x_wconf 87' lang='lat' dir='ltr'><strong>J.</strong></span> <span class='ocrx_word' id='word_1_513' title='bbox 534 4185 655 4254; x_wconf 82' lang='lat' dir='ltr'><strong>Grysar:</strong></span> <span class='ocrx_word' id='word_1_514' title='bbox 675 4175 733 4239; x_wconf 78' lang='lat' dir='ltr'><strong>tib.</strong></span> <span class='ocrx_word' id='word_1_515' title='bbox 754 4186 779 4238; x_wconf 94' lang='lat' dir='ltr'><strong>d.</strong></span> <span class='ocrx_word' id='word_1_516' title='bbox 799 4186 894 4239; x_wconf 70' lang='lat' dir='ltr'><strong>Ram.</strong></span> <span class='ocrx_word' id='word_1_517' title='bbox 912 4185 1034 4236; x_wconf 86' lang='lat' dir='ltr'><strong>Biihne</strong></span> <span class='ocrx_word' id='word_1_518' title='bbox 1053 4184 1100 4236; x_wconf 89' lang='lat' dir='ltr'><strong>im</strong></span> <span class='ocrx_word' id='word_1_519' title='bbox 1119 4184 1213 4234; x_wconf 81' lang='lat' dir='ltr'><strong>Zeit-</strong></span> 
     </span>
    </p>

    <p class='ocr_par' dir='ltr' id='par_1_7' title="bbox 15 4254 1212 4328">
     <span class='ocr_line' id='line_1_54' title="bbox 15 4254 1212 4328; baseline -0.008 -15"><span class='ocrx_word' id='word_1_520' title='bbox 15 4318 19 4327; x_wconf 56' lang='grc'><em>,</em></span> <span class='ocrx_word' id='word_1_521' title='bbox 62 4262 160 4313; x_wconf 90' lang='lat' dir='ltr'><strong>alter</strong></span> <span class='ocrx_word' id='word_1_522' title='bbox 178 4260 237 4313; x_wconf 89' lang='lat' dir='ltr'><strong>des</strong></span> <span class='ocrx_word' id='word_1_523' title='bbox 257 4258 403 4312; x_wconf 89' lang='lat' dir='ltr'><strong>Cicero:</strong></span> <span class='ocrx_word' id='word_1_524' title='bbox 423 4254 483 4307; x_wconf 94' lang='lat' dir='ltr'><strong>All</strong></span> <span class='ocrx_word' id='word_1_525' title='bbox 511 4254 730 4328; x_wconf 85' lang='lat' dir='ltr'><strong>.Schulztg.</strong></span> <span class='ocrx_word' id='word_1_526' title='bbox 752 4256 885 4322; x_wconf 76' lang='grc'><strong>183211.</strong></span> <span class='ocrx_word' id='word_1_527' title='bbox 905 4257 949 4310; x_wconf 90' lang='grc'><strong>45.</strong></span> <span class='ocrx_word' id='word_1_528' title='bbox 969 4274 997 4324; x_wconf 87' lang='grc' dir='ltr'><strong>Ρ.</strong></span> <span class='ocrx_word' id='word_1_529' title='bbox 1017 4256 1079 4310; x_wconf 83' lang='grc'><strong>357.</strong></span> <span class='ocrx_word' id='word_1_530' title='bbox 1107 4254 1212 4306; x_wconf 84' lang='lat' dir='ltr'><strong>Caute·</strong></span> 
     </span>
    </p>

    <p class='ocr_par' dir='ltr' id='par_1_8' title="bbox 63 4272 1191 4404">
     <span class='ocr_line' id='line_1_55' title="bbox 63 4272 1191 4404; baseline -0.006 -20"><span class='ocrx_word' id='word_1_531' title='bbox 63 4348 110 4385; x_wconf 85' lang='lat' dir='ltr'><strong>res</strong></span> <span class='ocrx_word' id='word_1_532' title='bbox 128 4347 187 4384; x_wconf 91' lang='lat' dir='ltr'><strong>esse</strong></span> <span class='ocrx_word' id='word_1_533' title='bbox 206 4330 383 4392; x_wconf 72' lang='lat' dir='ltr'><strong>uitauerat,</strong></span> <span class='ocrx_word' id='word_1_534' title='bbox 403 4325 470 4404; x_wconf 80' lang='lat' dir='ltr'><strong>coll.</strong></span> <span class='ocrx_word' id='word_1_535' title='bbox 490 4272 550 4378; x_wconf 56' lang='lat' dir='ltr'><strong>dic.</strong></span> <span class='ocrx_word' id='word_1_536' title='bbox 569 4341 622 4395; x_wconf 92' lang='lat' dir='ltr'><strong>pro</strong></span> <span class='ocrx_word' id='word_1_537' title='bbox 642 4325 719 4379; x_wconf 82' lang='lat' dir='ltr'><strong>Sext.</strong></span> <span class='ocrx_word' id='word_1_538' title='bbox 739 4328 783 4381; x_wconf 85' lang='lat'><strong>55.</strong></span> <span class='ocrx_word' id='word_1_539' title='bbox 818 4328 880 4380; x_wconf 83' lang='lat' dir='ltr'><strong>Mr.</strong></span> <span class='ocrx_word' id='word_1_540' title='bbox 1040 4391 1046 4404; x_wconf 45' lang='grc'><strong><em>.</em></strong></span> <span class='ocrx_word' id='word_1_541' title='bbox 1185 4390 1191 4403; x_wconf 94' lang='lat'><strong>.</strong></span> 
     </span>
    </p>

    <p class='ocr_par' dir='ltr' id='par_1_9' title="bbox 133 4389 1212 4469">
     <span class='ocr_line' id='line_1_56' title="bbox 133 4389 1212 4469; baseline -0.014 -13"><span class='ocrx_word' id='word_1_542' title='bbox 133 4400 227 4456; x_wconf 80' lang='lat' dir='ltr'><strong>Sentit</strong></span> <span class='ocrx_word' id='word_1_543' title='bbox 255 4397 348 4456; x_wconf 82' lang='lat' dir='ltr'><strong>amaia</strong></span> <span class='ocrx_word' id='word_1_544' title='bbox 374 4397 520 4469; x_wconf 80' lang='lat' dir='ltr'><strong>repentina</strong></span> <span class='ocrx_word' id='word_1_545' title='bbox 546 4400 582 4451; x_wconf 82' lang='lat' dir='ltr'><strong>et</strong></span> <span class='ocrx_word' id='word_1_546' title='bbox 608 4411 670 4451; x_wconf 81' lang='lat' dir='ltr'><strong>aec</strong></span> <span class='ocrx_word' id='word_1_547' title='bbox 700 4395 846 4466; x_wconf 81' lang='lat' dir='ltr'><strong>opinata</strong></span> <span class='ocrx_word' id='word_1_548' title='bbox 873 4410 934 4451; x_wconf 86' lang='lat' dir='ltr'><strong>esse</strong></span> <span class='ocrx_word' id='word_1_549' title='bbox 960 4389 1127 4464; x_wconf 77' lang='lat' dir='ltr'><strong>grauiora]</strong></span> <span class='ocrx_word' id='word_1_550' title='bbox 1163 4390 1212 4443; x_wconf 79' lang='lat' dir='ltr'><strong>sac</strong></span> 
     </span>
    </p>
   </div>
   <div class='ocr_carea' id='block_1_6' title="bbox 0 0 1430 5070">
    <p class='ocr_par' dir='ltr' id='par_1_10' title="bbox 0 0 1430 5070">
     <span class='ocr_line' id='line_1_57' title="bbox 0 0 1430 5070; baseline 0 0"><span class='ocrx_word' id='word_1_551' title='bbox 0 0 1430 5070; x_wconf 95' lang='lat' dir='ltr'><strong> </strong></span> 
     </span>
    </p>
   </div>
  </div>
 </body>
</html>
