<?xml version="1.0" encoding="UTF-8"?>
<!DOCTYPE html PUBLIC "-//W3C//DTD XHTML 1.0 Transitional//EN"
    "http://www.w3.org/TR/xhtml1/DTD/xhtml1-transitional.dtd">
<html xmlns="http://www.w3.org/1999/xhtml" xml:lang="en" lang="en">
 <head>
  <title>
</title>
<meta http-equiv="Content-Type" content="text/html;charset=utf-8" />
  <meta name='ocr-system' content='tesseract 3.04.00' />
  <meta name='ocr-capabilities' content='ocr_page ocr_carea ocr_par ocr_line ocrx_word'/>
</head>
<body>
  <div class='ocr_page' id='page_1' title='image "./mtulliiciceroni00davigoog_0471.png"; bbox 0 0 2842 5070; ppageno 0'>
   <div class='ocr_carea' id='block_1_1' title="bbox 123 625 168 767">
    <p class='ocr_par' dir='ltr' id='par_1_1' title="bbox 123 625 168 767">
     <span class='ocr_line' id='line_1_1' title="bbox 124 625 168 691; baseline 0 0"><span class='ocrx_word' id='word_1_1' title='bbox 124 625 168 691; x_wconf 82' lang='grc'><strong>37</strong></span> 
     </span>
     <span class='ocr_line' id='line_1_2' title="bbox 123 712 168 767; baseline -0.067 0"><span class='ocrx_word' id='word_1_2' title='bbox 123 712 168 767; x_wconf 84' lang='lat' dir='ltr'><strong>rs.</strong></span> 
     </span>
    </p>
   </div>
   <div class='ocr_carea' id='block_1_2' title="bbox 188 267 1181 399">
    <p class='ocr_par' dir='ltr' id='par_1_2' title="bbox 188 267 1181 399">
     <span class='ocr_line' id='line_1_3' title="bbox 188 267 1181 399; baseline -0.002 -36"><span class='ocrx_word' id='word_1_3' title='bbox 188 295 252 363; x_wconf 80' lang='lat' dir='ltr'><strong>tot</strong></span> <span class='ocrx_word' id='word_1_4' title='bbox 386 292 620 399; x_wconf 78' lang='lat' dir='ltr'><strong>otcmoms</strong></span> <span class='ocrx_word' id='word_1_5' title='bbox 638 288 889 361; x_wconf 72' lang='lat' dir='ltr'><strong>tuscanen.</strong></span> <span class='ocrx_word' id='word_1_6' title='bbox 912 295 1146 362; x_wconf 76' lang='lat' dir='ltr'><strong>nuruum.</strong></span> <span class='ocrx_word' id='word_1_7' title='bbox 1174 267 1181 272; x_wconf 74' lang='grc'><strong>’</strong></span> 
     </span>
    </p>
   </div>
   <div class='ocr_carea' id='block_1_3' title="bbox 188 435 1347 720">
    <p class='ocr_par' dir='ltr' id='par_1_3' title="bbox 188 435 1347 720">
     <span class='ocr_line' id='line_1_4' title="bbox 188 435 1347 587; baseline 0.004 -65"><span class='ocrx_word' id='word_1_8' title='bbox 188 462 306 558; x_wconf 70' lang='lat' dir='ltr'><strong>tectus</strong></span> <span class='ocrx_word' id='word_1_9' title='bbox 330 462 571 587; x_wconf 53' lang='lat' dir='ltr'><strong>csset&#39;iretior,</strong></span> <span class='ocrx_word' id='word_1_10' title='bbox 604 463 674 535; x_wconf 76' lang='lat' dir='ltr'><strong>Quo</strong></span> <span class='ocrx_word' id='word_1_11' title='bbox 706 470 738 526; x_wconf 88' lang='lat' dir='ltr'><strong>te</strong></span> <span class='ocrx_word' id='word_1_12' title='bbox 756 463 860 542; x_wconf 88' lang='lat' dir='ltr'><strong>noda,</strong></span> <span class='ocrx_word' id='word_1_13' title='bbox 891 437 1013 546; x_wconf 86' lang='lat' dir='ltr'><strong>inquit,</strong></span> <span class='ocrx_word' id='word_1_14' title='bbox 1046 435 1250 544; x_wconf 82' lang='lat' dir='ltr'><strong>accepissent,</strong></span> <span class='ocrx_word' id='word_1_15' title='bbox 1283 455 1347 527; x_wconf 83' lang='lat' dir='ltr'><strong>niti</strong></span> 
     </span>
     <span class='ocr_line' id='line_1_5' title="bbox 190 553 1345 720; baseline 0 -32"><span class='ocrx_word' id='word_1_16' title='bbox 190 553 448 689; x_wconf 47' lang='lat' dir='ltr'><strong>&#39;rotulibiaei&#39;int</strong></span> <span class='ocrx_word' id='word_1_17' title='bbox 478 645 559 712; x_wconf 76' lang='lat' dir='ltr'><strong>ergo</strong></span> <span class='ocrx_word' id='word_1_18' title='bbox 581 626 650 698; x_wconf 83' lang='lat' dir='ltr'><strong>isti,</strong></span> <span class='ocrx_word' id='word_1_19' title='bbox 681 627 738 720; x_wconf 82' lang='lat' dir='ltr'><strong>qui</strong></span> <span class='ocrx_word' id='word_1_20' title='bbox 768 625 979 690; x_wconf 80' lang='lat' dir='ltr'><strong>iracundiam</strong></span> <span class='ocrx_word' id='word_1_21' title='bbox 1004 625 1123 689; x_wconf 87' lang='lat' dir='ltr'><strong>utilem</strong></span> <span class='ocrx_word' id='word_1_22' title='bbox 1146 623 1286 689; x_wconf 70' lang='lat' dir='ltr'><strong>dicunt?</strong></span> <span class='ocrx_word' id='word_1_23' title='bbox 1305 663 1345 676; x_wconf 92' lang='lat'><strong>·-</strong></span> 
     </span>
    </p>
   </div>
   <div class='ocr_carea' id='block_1_4' title="bbox 189 773 1344 1909">
    <p class='ocr_par' dir='ltr' id='par_1_4' title="bbox 189 773 1344 1772">
     <span class='ocr_line' id='line_1_6' title="bbox 261 773 1344 847; baseline 0.003 -19"><span class='ocrx_word' id='word_1_24' title='bbox 261 773 409 829; x_wconf 76' lang='lat' dir='ltr'><strong>Laudatur</strong></span> <span class='ocrx_word' id='word_1_25' title='bbox 432 776 509 831; x_wconf 82' lang='lat' dir='ltr'><strong>illud</strong></span> <span class='ocrx_word' id='word_1_26' title='bbox 531 775 690 847; x_wconf 76' lang='lat' dir='ltr'><strong>Archytae]</strong></span> <span class='ocrx_word' id='word_1_27' title='bbox 726 778 808 831; x_wconf 84' lang='lat' dir='ltr'><strong>Locis</strong></span> <span class='ocrx_word' id='word_1_28' title='bbox 830 776 977 831; x_wconf 83' lang='lat' dir='ltr'><strong>aDarisio</strong></span> <span class='ocrx_word' id='word_1_29' title='bbox 1001 776 1125 831; x_wconf 82' lang='lat' dir='ltr'><strong>ltudatis</strong></span> <span class='ocrx_word' id='word_1_30' title='bbox 1148 778 1213 834; x_wconf 84' lang='lat' dir='ltr'><strong>add.</strong></span> <span class='ocrx_word' id='word_1_31' title='bbox 1234 778 1294 834; x_wconf 78' lang='lat' dir='ltr'><strong>cio.</strong></span> <span class='ocrx_word' id='word_1_32' title='bbox 1312 777 1344 831; x_wconf 86' lang='lat' dir='ltr'><strong>de</strong></span> 
     </span>
     <span class='ocr_line' id='line_1_7' title="bbox 189 844 1343 919; baseline -0.001 -17"><span class='ocrx_word' id='word_1_33' title='bbox 189 849 259 919; x_wconf 85' lang='lat' dir='ltr'><strong>Rep.</strong></span> <span class='ocrx_word' id='word_1_34' title='bbox 281 847 304 898; x_wconf 86' lang='lat' dir='ltr'><strong>t.</strong></span> <span class='ocrx_word' id='word_1_35' title='bbox 324 847 367 901; x_wconf 79' lang='grc'><strong>38.</strong></span> <span class='ocrx_word' id='word_1_36' title='bbox 386 865 414 917; x_wconf 86' lang='lat' dir='ltr'><strong>p.</strong></span> <span class='ocrx_word' id='word_1_37' title='bbox 436 851 496 903; x_wconf 73' lang='lat'><strong>154.</strong></span> <span class='ocrx_word' id='word_1_38' title='bbox 516 848 559 901; x_wconf 89' lang='lat' dir='ltr'><strong>ed.</strong></span> <span class='ocrx_word' id='word_1_39' title='bbox 580 858 669 902; x_wconf 83' lang='lat' dir='ltr'><strong>nostr.</strong></span> <span class='ocrx_word' id='word_1_40' title='bbox 694 844 724 903; x_wconf 85' lang='lat' dir='ltr'><strong>S.</strong></span> <span class='ocrx_word' id='word_1_41' title='bbox 744 847 837 905; x_wconf 80' lang='lat' dir='ltr'><strong>Quid?</strong></span> <span class='ocrx_word' id='word_1_42' title='bbox 856 854 921 913; x_wconf 87' lang='lat' dir='ltr'><strong>tum,</strong></span> <span class='ocrx_word' id='word_1_43' title='bbox 939 866 1000 903; x_wconf 88' lang='lat' dir='ltr'><strong>cum</strong></span> <span class='ocrx_word' id='word_1_44' title='bbox 1017 856 1046 901; x_wconf 89' lang='lat' dir='ltr'><strong>tu</strong></span> <span class='ocrx_word' id='word_1_45' title='bbox 1064 864 1095 902; x_wconf 84' lang='lat' dir='ltr'><strong>es</strong></span> <span class='ocrx_word' id='word_1_46' title='bbox 1110 846 1214 915; x_wconf 80' lang='lat' dir='ltr'><strong>iratur,</strong></span> <span class='ocrx_word' id='word_1_47' title='bbox 1232 849 1343 917; x_wconf 81' lang='lat' dir='ltr'><strong>permit·</strong></span> 
     </span>
     <span class='ocr_line' id='line_1_8' title="bbox 190 916 1343 985; baseline 0.001 -14"><span class='ocrx_word' id='word_1_48' title='bbox 190 921 228 971; x_wconf 82' lang='lat' dir='ltr'><strong>tie</strong></span> <span class='ocrx_word' id='word_1_49' title='bbox 251 917 300 970; x_wconf 82' lang='lat' dir='ltr'><strong>illi</strong></span> <span class='ocrx_word' id='word_1_50' title='bbox 325 916 492 973; x_wconf 79' lang='lat' dir='ltr'><strong><em>iracundiae</em></strong></span> <span class='ocrx_word' id='word_1_51' title='bbox 514 919 685 972; x_wconf 82' lang='lat' dir='ltr'><strong>dominatum</strong></span> <span class='ocrx_word' id='word_1_52' title='bbox 707 919 801 972; x_wconf 80' lang='lat' dir='ltr'><strong>anlntt&#39;</strong></span> <span class='ocrx_word' id='word_1_53' title='bbox 827 920 892 972; x_wconf 80' lang='lat' dir='ltr'><strong>tui?</strong></span> <span class='ocrx_word' id='word_1_54' title='bbox 928 918 961 973; x_wconf 80' lang='lat' dir='ltr'><strong>L.</strong></span> <span class='ocrx_word' id='word_1_55' title='bbox 984 919 1058 985; x_wconf 88' lang='lat' dir='ltr'><strong>Non,</strong></span> <span class='ocrx_word' id='word_1_56' title='bbox 1083 936 1128 973; x_wconf 86' lang='lat' dir='ltr'><strong>me</strong></span> <span class='ocrx_word' id='word_1_57' title='bbox 1145 921 1280 984; x_wconf 80' lang='lat' dir='ltr'><strong>Hercule,</strong></span> <span class='ocrx_word' id='word_1_58' title='bbox 1305 918 1343 972; x_wconf 82' lang='lat' dir='ltr'><strong>t&#39;n-</strong></span> 
     </span>
     <span class='ocr_line' id='line_1_9' title="bbox 190 987 1344 1060; baseline 0.002 -19"><span class='ocrx_word' id='word_1_59' title='bbox 190 990 266 1059; x_wconf 83' lang='lat' dir='ltr'><strong>quit:</strong></span> <span class='ocrx_word' id='word_1_60' title='bbox 285 987 334 1039; x_wconf 85' lang='lat' dir='ltr'><strong>sed</strong></span> <span class='ocrx_word' id='word_1_61' title='bbox 351 988 448 1043; x_wconf 78' lang='lat' dir='ltr'><strong>imitor</strong></span> <span class='ocrx_word' id='word_1_62' title='bbox 465 987 616 1058; x_wconf 80' lang='lat' dir='ltr'><strong>Arcltptam</strong></span> <span class='ocrx_word' id='word_1_63' title='bbox 635 989 718 1043; x_wconf 83' lang='lat' dir='ltr'><strong>illum</strong></span> <span class='ocrx_word' id='word_1_64' title='bbox 738 990 929 1056; x_wconf 87' lang='lat' dir='ltr'><strong>Tarentinum,</strong></span> <span class='ocrx_word' id='word_1_65' title='bbox 955 989 1012 1060; x_wconf 80' lang='lat' dir='ltr'><strong>qui,</strong></span> <span class='ocrx_word' id='word_1_66' title='bbox 1037 1007 1097 1044; x_wconf 87' lang='lat' dir='ltr'><strong>cum</strong></span> <span class='ocrx_word' id='word_1_67' title='bbox 1122 991 1161 1043; x_wconf 87' lang='lat' dir='ltr'><strong>ad</strong></span> <span class='ocrx_word' id='word_1_68' title='bbox 1186 990 1286 1043; x_wconf 80' lang='lat' dir='ltr'><strong>uillam</strong></span> <span class='ocrx_word' id='word_1_69' title='bbox 1302 1007 1344 1043; x_wconf 86' lang='lat' dir='ltr'><strong>ve-</strong></span> 
     </span>
     <span class='ocr_line' id='line_1_10' title="bbox 190 1058 1344 1130; baseline 0.001 -17"><span class='ocrx_word' id='word_1_70' title='bbox 190 1060 289 1127; x_wconf 79' lang='lat' dir='ltr'><strong>nissel,</strong></span> <span class='ocrx_word' id='word_1_71' title='bbox 308 1064 334 1109; x_wconf 85' lang='lat' dir='ltr'><strong>et</strong></span> <span class='ocrx_word' id='word_1_72' title='bbox 352 1062 444 1113; x_wconf 78' lang='lat' dir='ltr'><strong>omnia</strong></span> <span class='ocrx_word' id='word_1_73' title='bbox 466 1060 553 1112; x_wconf 81' lang='lat' dir='ltr'><strong>aliter</strong></span> <span class='ocrx_word' id='word_1_74' title='bbox 572 1060 743 1126; x_wconf 77' lang='lat' dir='ltr'><strong>offendisset,</strong></span> <span class='ocrx_word' id='word_1_75' title='bbox 762 1077 795 1113; x_wconf 85' lang='lat' dir='ltr'><strong>aa</strong></span> <span class='ocrx_word' id='word_1_76' title='bbox 813 1060 949 1126; x_wconf 75' lang='lat' dir='ltr'><strong>iusserat,</strong></span> <span class='ocrx_word' id='word_1_77' title='bbox 973 1067 1009 1124; x_wconf 89' lang='lat' dir='ltr'><strong>te,</strong></span> <span class='ocrx_word' id='word_1_78' title='bbox 1032 1068 1059 1114; x_wconf 90' lang='lat' dir='ltr'><strong>te</strong></span> <span class='ocrx_word' id='word_1_79' title='bbox 1076 1060 1232 1127; x_wconf 73' lang='lat' dir='ltr'><strong><em>infelicem,</em></strong></span> <span class='ocrx_word' id='word_1_80' title='bbox 1257 1058 1344 1130; x_wconf 79' lang='lat' dir='ltr'><strong>inquil</strong></span> 
     </span>
     <span class='ocr_line' id='line_1_11' title="bbox 189 1126 1342 1198; baseline 0.002 -16"><span class='ocrx_word' id='word_1_81' title='bbox 189 1129 296 1191; x_wconf 83' lang='lat' dir='ltr'><strong>cillica,</strong></span> <span class='ocrx_word' id='word_1_82' title='bbox 319 1145 395 1198; x_wconf 85' lang='lat' dir='ltr'><strong>quem</strong></span> <span class='ocrx_word' id='word_1_83' title='bbox 419 1146 561 1183; x_wconf 84' lang='lat' dir='ltr'><strong>necassem</strong></span> <span class='ocrx_word' id='word_1_84' title='bbox 586 1132 643 1183; x_wconf 82' lang='lat' dir='ltr'><strong>iam</strong></span> <span class='ocrx_word' id='word_1_85' title='bbox 670 1133 840 1196; x_wconf 70' lang='lat' dir='ltr'><strong>uertentur,</strong></span> <span class='ocrx_word' id='word_1_86' title='bbox 867 1132 924 1185; x_wconf 79' lang='lat' dir='ltr'><strong>niel</strong></span> <span class='ocrx_word' id='word_1_87' title='bbox 950 1133 1045 1184; x_wconf 82' lang='lat' dir='ltr'><strong>iratur</strong></span> <span class='ocrx_word' id='word_1_88' title='bbox 1073 1147 1169 1184; x_wconf 80' lang='lat' dir='ltr'><strong>essem.</strong></span> <span class='ocrx_word' id='word_1_89' title='bbox 1206 1132 1266 1185; x_wconf 87' lang='lat' dir='ltr'><strong>Ubi</strong></span> <span class='ocrx_word' id='word_1_90' title='bbox 1288 1126 1342 1184; x_wconf 83' lang='lat' dir='ltr'><strong>vid.</strong></span> 
     </span>
     <span class='ocr_line' id='line_1_12' title="bbox 190 1198 1341 1276; baseline -0.001 -23"><span class='ocrx_word' id='word_1_91' title='bbox 190 1219 256 1253; x_wconf 83' lang='lat' dir='ltr'><strong>ann.</strong></span> <span class='ocrx_word' id='word_1_92' title='bbox 289 1207 377 1252; x_wconf 81' lang='lat' dir='ltr'><strong>nostr.</strong></span> <span class='ocrx_word' id='word_1_93' title='bbox 412 1201 540 1271; x_wconf 82' lang='lat' dir='ltr'><strong>itemque</strong></span> <span class='ocrx_word' id='word_1_94' title='bbox 571 1200 604 1253; x_wconf 69' lang='grc' dir='ltr'><strong>Α</strong></span> <span class='ocrx_word' id='word_1_95' title='bbox 633 1198 746 1254; x_wconf 84' lang='lat' dir='ltr'><strong>Schotti</strong></span> <span class='ocrx_word' id='word_1_96' title='bbox 775 1200 925 1276; x_wconf 78' lang='lat' dir='ltr'><strong>Ada&#39;gialia</strong></span> <span class='ocrx_word' id='word_1_97' title='bbox 951 1201 1036 1255; x_wconf 79' lang='lat' dir='ltr'><strong>Sacra</strong></span> <span class='ocrx_word' id='word_1_98' title='bbox 1074 1201 1185 1267; x_wconf 85' lang='lat' dir='ltr'><strong>(Antw.</strong></span> <span class='ocrx_word' id='word_1_99' title='bbox 1221 1200 1341 1255; x_wconf 88' lang='lat' dir='ltr'><strong>Plautin.</strong></span> 
     </span>
     <span class='ocr_line' id='line_1_13' title="bbox 190 1268 1343 1341; baseline -0.001 -15"><span class='ocrx_word' id='word_1_100' title='bbox 190 1274 268 1327; x_wconf 82' lang='grc'><strong>1639.</strong></span> <span class='ocrx_word' id='word_1_101' title='bbox 289 1271 329 1334; x_wconf 82' lang='lat' dir='ltr'><strong>t.)</strong></span> <span class='ocrx_word' id='word_1_102' title='bbox 346 1289 375 1341; x_wconf 82' lang='lat' dir='ltr'><strong>p.</strong></span> <span class='ocrx_word' id='word_1_103' title='bbox 396 1274 455 1326; x_wconf 84' lang='grc'><strong>133.</strong></span> <span class='ocrx_word' id='word_1_104' title='bbox 475 1303 507 1314; x_wconf 93' lang='lat'>-</span> <span class='ocrx_word' id='word_1_105' title='bbox 528 1271 596 1325; x_wconf 86' lang='lat' dir='ltr'><strong>Cod.</strong></span> <span class='ocrx_word' id='word_1_106' title='bbox 616 1273 691 1324; x_wconf 82' lang='lat' dir='ltr'><strong>Mon.</strong></span> <span class='ocrx_word' id='word_1_107' title='bbox 711 1277 737 1339; x_wconf 84' lang='lat' dir='ltr'><strong>l.</strong></span> <span class='ocrx_word' id='word_1_108' title='bbox 756 1268 843 1325; x_wconf 84' lang='lat' dir='ltr'><strong>habet</strong></span> <span class='ocrx_word' id='word_1_109' title='bbox 860 1271 1019 1338; x_wconf 81' lang='lat' dir='ltr'><strong>Arellte,</strong></span> <span class='ocrx_word' id='word_1_110' title='bbox 1045 1272 1099 1324; x_wconf 89' lang='lat' dir='ltr'><strong>duo</strong></span> <span class='ocrx_word' id='word_1_111' title='bbox 1124 1273 1198 1325; x_wconf 80' lang='lat' dir='ltr'><strong>Oxx.</strong></span> <span class='ocrx_word' id='word_1_112' title='bbox 1224 1268 1343 1325; x_wconf 80' lang='lat' dir='ltr'><strong>Areli-</strong></span> 
     </span>
     <span class='ocr_line' id='line_1_14' title="bbox 190 1339 1342 1414; baseline 0.001 -20"><span class='ocrx_word' id='word_1_113' title='bbox 190 1348 244 1406; x_wconf 87' lang='lat' dir='ltr'><strong>tae‚</strong></span> <span class='ocrx_word' id='word_1_114' title='bbox 263 1359 337 1393; x_wconf 87' lang='lat' dir='ltr'><strong>unus</strong></span> <span class='ocrx_word' id='word_1_115' title='bbox 355 1339 541 1407; x_wconf 70' lang='lat' dir='ltr'><strong><em>Archilnem,</em></strong></span> <span class='ocrx_word' id='word_1_116' title='bbox 559 1343 614 1395; x_wconf 85' lang='lat' dir='ltr'><strong>duo</strong></span> <span class='ocrx_word' id='word_1_117' title='bbox 633 1341 705 1394; x_wconf 85' lang='lat' dir='ltr'><strong>item</strong></span> <span class='ocrx_word' id='word_1_118' title='bbox 723 1342 863 1395; x_wconf 87' lang='lat' dir='ltr'><strong>omittunt</strong></span> <span class='ocrx_word' id='word_1_119' title='bbox 880 1343 938 1412; x_wconf 84' lang='lat' dir='ltr'><strong>qui,</strong></span> <span class='ocrx_word' id='word_1_120' title='bbox 958 1359 1080 1412; x_wconf 85' lang='lat' dir='ltr'><strong>quorum</strong></span> <span class='ocrx_word' id='word_1_121' title='bbox 1093 1342 1252 1414; x_wconf 83' lang='lat' dir='ltr'><strong>posterior,</strong></span> <span class='ocrx_word' id='word_1_122' title='bbox 1270 1343 1342 1396; x_wconf 87' lang='lat' dir='ltr'><strong>idem</strong></span> 
     </span>
     <span class='ocr_line' id='line_1_15' title="bbox 189 1411 1341 1536; baseline 0.002 -71"><span class='ocrx_word' id='word_1_123' title='bbox 189 1413 243 1536; x_wconf 57' lang='lat' dir='ltr'><strong>qui</strong></span> <span class='ocrx_word' id='word_1_124' title='bbox 260 1411 547 1496; x_wconf 65' lang='lat' dir='ltr'><strong>habetAscln&#39;tecum,</strong></span> <span class='ocrx_word' id='word_1_125' title='bbox 587 1415 664 1536; x_wconf 53' lang='lat' dir='ltr'><strong>erqit</strong></span> <span class='ocrx_word' id='word_1_126' title='bbox 681 1413 786 1467; x_wconf 80' lang='lat' dir='ltr'><strong>cillica.</strong></span> <span class='ocrx_word' id='word_1_127' title='bbox 815 1414 903 1471; x_wconf 86' lang='lat' dir='ltr'><strong>Marb.</strong></span> <span class='ocrx_word' id='word_1_128' title='bbox 923 1431 990 1466; x_wconf 88' lang='lat' dir='ltr'><strong>cum</strong></span> <span class='ocrx_word' id='word_1_129' title='bbox 1008 1414 1082 1466; x_wconf 90' lang='lat' dir='ltr'><strong>Gud.</strong></span> <span class='ocrx_word' id='word_1_130' title='bbox 1105 1418 1128 1469; x_wconf 92' lang='lat'><strong>1.</strong></span> <span class='ocrx_word' id='word_1_131' title='bbox 1147 1413 1237 1466; x_wconf 84' lang='lat' dir='ltr'><strong>habet</strong></span> <span class='ocrx_word' id='word_1_132' title='bbox 1254 1413 1341 1478; x_wconf 81' lang='lat' dir='ltr'><strong>vilica,</strong></span> 
     </span>
     <span class='ocr_line' id='line_1_16' title="bbox 190 1480 1340 1625; baseline 0.001 -16"><span class='ocrx_word' id='word_1_133' title='bbox 190 1494 568 1612; x_wconf 50' lang='lat' dir='ltr'><strong>citilitilimlni..</strong></span> <span class='ocrx_word' id='word_1_134' title='bbox 588 1502 629 1608; x_wconf 68' lang='lat' dir='ltr'><strong>i?</strong></span> <span class='ocrx_word' id='word_1_135' title='bbox 640 1485 753 1621; x_wconf 58' lang='lat' dir='ltr'><strong>tlt,</strong></span> <span class='ocrx_word' id='word_1_136' title='bbox 766 1484 875 1624; x_wconf 67' lang='lat' dir='ltr'><strong>illl:</strong></span> <span class='ocrx_word' id='word_1_137' title='bbox 895 1480 1220 1608; x_wconf 56' lang='lat' dir='ltr'><strong>llltttlt‘tltd.</strong></span> <span class='ocrx_word' id='word_1_138' title='bbox 1235 1486 1340 1625; x_wconf 61' lang='grc' dir='ltr'><strong>3.ἒῖἒῖ</strong></span> 
     </span>
     <span class='ocr_line' id='line_1_17' title="bbox 189 1625 1340 1694; baseline 0 -15"><span class='ocrx_word' id='word_1_139' title='bbox 189 1626 234 1679; x_wconf 83' lang='lat' dir='ltr'><strong>Ad</strong></span> <span class='ocrx_word' id='word_1_140' title='bbox 252 1633 428 1678; x_wconf 83' lang='lat' dir='ltr'><strong>structuram</strong></span> <span class='ocrx_word' id='word_1_141' title='bbox 446 1629 623 1694; x_wconf 84' lang='lat' dir='ltr'><strong>accepissem,</strong></span> <span class='ocrx_word' id='word_1_142' title='bbox 648 1625 707 1679; x_wconf 78' lang='lat' dir='ltr'><strong>nisi</strong></span> <span class='ocrx_word' id='word_1_143' title='bbox 725 1656 757 1669; x_wconf 94' lang='lat'>-</span> <span class='ocrx_word' id='word_1_144' title='bbox 777 1642 864 1678; x_wconf 81' lang='lat' dir='ltr'><strong>essem</strong></span> <span class='ocrx_word' id='word_1_145' title='bbox 884 1627 943 1679; x_wconf 84' lang='lat' dir='ltr'><strong>rid.</strong></span> <span class='ocrx_word' id='word_1_146' title='bbox 967 1626 1096 1679; x_wconf 83' lang='lat' dir='ltr'><strong>Ellendt.</strong></span> <span class='ocrx_word' id='word_1_147' title='bbox 1122 1625 1158 1679; x_wconf 86' lang='lat' dir='ltr'><strong>de</strong></span> <span class='ocrx_word' id='word_1_148' title='bbox 1176 1626 1340 1679; x_wconf 84' lang='lat' dir='ltr'><strong>Enunciatt.</strong></span> 
     </span>
     <span class='ocr_line' id='line_1_18' title="bbox 189 1694 1086 1772; baseline -0.002 -22"><span class='ocrx_word' id='word_1_149' title='bbox 189 1697 373 1750; x_wconf 83' lang='lat' dir='ltr'><strong>Conditionn.</strong></span> <span class='ocrx_word' id='word_1_150' title='bbox 392 1714 420 1764; x_wconf 89' lang='lat' dir='ltr'><strong>p.</strong></span> <span class='ocrx_word' id='word_1_151' title='bbox 440 1700 484 1752; x_wconf 89' lang='grc'><strong>33.</strong></span> <span class='ocrx_word' id='word_1_152' title='bbox 514 1697 580 1749; x_wconf 89' lang='lat' dir='ltr'><strong>Cod.</strong></span> <span class='ocrx_word' id='word_1_153' title='bbox 600 1696 674 1772; x_wconf 76' lang='lat' dir='ltr'><strong>Aug.</strong></span> <span class='ocrx_word' id='word_1_154' title='bbox 694 1694 780 1751; x_wconf 86' lang='lat' dir='ltr'><strong>habet</strong></span> <span class='ocrx_word' id='word_1_155' title='bbox 798 1699 830 1751; x_wconf 85' lang='lat' dir='ltr'><strong>ni</strong></span> <span class='ocrx_word' id='word_1_156' title='bbox 845 1711 900 1767; x_wconf 88' lang='lat' dir='ltr'><strong>pro</strong></span> <span class='ocrx_word' id='word_1_157' title='bbox 920 1696 987 1750; x_wconf 79' lang='lat' dir='ltr'><strong>nisi.</strong></span> <span class='ocrx_word' id='word_1_158' title='bbox 1026 1697 1086 1750; x_wconf 91' lang='lat' dir='ltr'><strong>Mr.</strong></span> 
     </span>
    </p>

    <p class='ocr_par' dir='ltr' id='par_1_5' title="bbox 190 1766 1342 1909">
     <span class='ocr_line' id='line_1_19' title="bbox 261 1766 1341 1835; baseline 0.004 -18"><span class='ocrx_word' id='word_1_159' title='bbox 261 1783 287 1817; x_wconf 93' lang='lat' dir='ltr'><strong>c.</strong></span> <span class='ocrx_word' id='word_1_160' title='bbox 306 1770 351 1822; x_wconf 78' lang='lat'><strong>37.</strong></span> <span class='ocrx_word' id='word_1_161' title='bbox 390 1766 444 1821; x_wconf 77' lang='lat' dir='ltr'><strong>Ubi</strong></span> <span class='ocrx_word' id='word_1_162' title='bbox 461 1773 524 1835; x_wconf 85' lang='lat' dir='ltr'><strong>qunt</strong></span> <span class='ocrx_word' id='word_1_163' title='bbox 540 1784 610 1835; x_wconf 81' lang='lat' dir='ltr'><strong>ergo</strong></span> <span class='ocrx_word' id='word_1_164' title='bbox 629 1766 703 1833; x_wconf 60' lang='lat' dir='ltr'><strong>isti]</strong></span> <span class='ocrx_word' id='word_1_165' title='bbox 741 1768 787 1833; x_wconf 88' lang='lat' dir='ltr'><strong>,‚i.</strong></span> <span class='ocrx_word' id='word_1_166' title='bbox 807 1785 831 1821; x_wconf 92' lang='lat' dir='ltr'><strong>e.</strong></span> <span class='ocrx_word' id='word_1_167' title='bbox 852 1767 928 1819; x_wconf 87' lang='lat' dir='ltr'><strong>nulli</strong></span> <span class='ocrx_word' id='word_1_168' title='bbox 945 1775 1026 1832; x_wconf 67' lang='lat' dir='ltr'><strong>sunt,</strong></span> <span class='ocrx_word' id='word_1_169' title='bbox 1042 1767 1259 1822; x_wconf 78' lang='lat' dir='ltr'><strong>refutatisnnt.</strong></span> <span class='ocrx_word' id='word_1_170' title='bbox 1286 1768 1341 1821; x_wconf 77' lang='lat' dir='ltr'><strong>No·</strong></span> 
     </span>
     <span class='ocr_line' id='line_1_20' title="bbox 190 1834 1342 1909; baseline 0.002 -20"><span class='ocrx_word' id='word_1_171' title='bbox 190 1838 244 1890; x_wconf 85' lang='lat' dir='ltr'><strong>stri</strong></span> <span class='ocrx_word' id='word_1_172' title='bbox 262 1837 362 1890; x_wconf 90' lang='lat' dir='ltr'><strong>eodem</strong></span> <span class='ocrx_word' id='word_1_173' title='bbox 379 1837 519 1908; x_wconf 84' lang='lat' dir='ltr'><strong>loquendi</strong></span> <span class='ocrx_word' id='word_1_174' title='bbox 544 1838 677 1891; x_wconf 87' lang='lat' dir='ltr'><strong>modain</strong></span> <span class='ocrx_word' id='word_1_175' title='bbox 696 1846 875 1891; x_wconf 84' lang='lat' dir='ltr'><strong>contemtum</strong></span> <span class='ocrx_word' id='word_1_176' title='bbox 901 1837 1055 1890; x_wconf 88' lang='lat' dir='ltr'><strong>utuntur.“</strong></span> <span class='ocrx_word' id='word_1_177' title='bbox 1079 1834 1191 1891; x_wconf 81' lang='lat' dir='ltr'><strong>Nissen.</strong></span> <span class='ocrx_word' id='word_1_178' title='bbox 1229 1839 1342 1909; x_wconf 77' lang='lat' dir='ltr'><strong>Peripa-</strong></span> 
     </span>
    </p>
   </div>
   <div class='ocr_carea' id='block_1_5' title="bbox 128 1903 1343 1988">
    <p class='ocr_par' dir='ltr' id='par_1_6' title="bbox 128 1903 1343 1988">
     <span class='ocr_line' id='line_1_21' title="bbox 128 1903 1343 1988; baseline 0.001 -28"><span class='ocrx_word' id='word_1_179' title='bbox 128 1903 131 1917; x_wconf 95' lang='lat'>&#39;</span> <span class='ocrx_word' id='word_1_180' title='bbox 189 1908 293 1962; x_wconf 85' lang='lat' dir='ltr'><strong>teticos</strong></span> <span class='ocrx_word' id='word_1_181' title='bbox 312 1909 465 1988; x_wconf 80' lang='lat' dir='ltr'><strong>significat.</strong></span> <span class='ocrx_word' id='word_1_182' title='bbox 500 1910 554 1962; x_wconf 87' lang='lat' dir='ltr'><strong>Pro</strong></span> <span class='ocrx_word' id='word_1_183' title='bbox 574 1923 644 1976; x_wconf 78' lang='lat' dir='ltr'><strong>ergo</strong></span> <span class='ocrx_word' id='word_1_184' title='bbox 663 1906 731 1962; x_wconf 87' lang='lat' dir='ltr'><strong>God.</strong></span> <span class='ocrx_word' id='word_1_185' title='bbox 752 1911 827 1962; x_wconf 84' lang='lat' dir='ltr'><strong>Mon.</strong></span> <span class='ocrx_word' id='word_1_186' title='bbox 845 1914 870 1964; x_wconf 88' lang='lat' dir='ltr'><strong>l.</strong></span> <span class='ocrx_word' id='word_1_187' title='bbox 889 1908 1000 1977; x_wconf 76' lang='lat' dir='ltr'><strong>igitur:</strong></span> <span class='ocrx_word' id='word_1_188' title='bbox 1018 1908 1192 1978; x_wconf 82' lang='lat' dir='ltr'><strong>permutatis</strong></span> <span class='ocrx_word' id='word_1_189' title='bbox 1210 1914 1343 1981; x_wconf 87' lang='lat' dir='ltr'><strong>compen-</strong></span> 
     </span>
    </p>
   </div>
   <div class='ocr_carea' id='block_1_6' title="bbox 185 1989 1369 3570">
    <p class='ocr_par' dir='ltr' id='par_1_7' title="bbox 188 1989 1352 2213">
     <span class='ocr_line' id='line_1_22' title="bbox 188 1989 1352 2085; baseline 0.003 -19"><span class='ocrx_word' id='word_1_190' title='bbox 188 2015 244 2068; x_wconf 72' lang='lat' dir='ltr'><strong>nts</strong></span> <span class='ocrx_word' id='word_1_191' title='bbox 261 1989 283 2085; x_wconf 68' lang='grc' dir='ltr'><em>ἕ</em></span> <span class='ocrx_word' id='word_1_192' title='bbox 301 2025 330 2070; x_wconf 76' lang='lat' dir='ltr'><strong>et</strong></span> <span class='ocrx_word' id='word_1_193' title='bbox 346 1990 376 2084; x_wconf 69' lang='grc' dir='ltr'><strong>ἑ.</strong></span> <span class='ocrx_word' id='word_1_194' title='bbox 414 2013 480 2069; x_wconf 80' lang='lat' dir='ltr'><strong>coo.</strong></span> <span class='ocrx_word' id='word_1_195' title='bbox 510 2013 585 2066; x_wconf 80' lang='lat' dir='ltr'><strong>cut.</strong></span> <span class='ocrx_word' id='word_1_196' title='bbox 605 2017 631 2068; x_wconf 82' lang='lat'><strong>2.</strong></span> <span class='ocrx_word' id='word_1_197' title='bbox 657 2013 743 2066; x_wconf 80' lang='lat' dir='ltr'><strong>habet</strong></span> <span class='ocrx_word' id='word_1_198' title='bbox 764 2013 958 2080; x_wconf 68' lang='lat' dir='ltr'><strong>iracundam,</strong></span> <span class='ocrx_word' id='word_1_199' title='bbox 986 2014 1083 2067; x_wconf 74' lang='lat' dir='ltr'><strong>nuiss.</strong></span> <span class='ocrx_word' id='word_1_200' title='bbox 1107 2014 1206 2069; x_wconf 67' lang='lat' dir='ltr'><strong>utem</strong></span> <span class='ocrx_word' id='word_1_201' title='bbox 1230 2016 1352 2069; x_wconf 75' lang='lat' dir='ltr'><strong>trane-⁴</strong></span> 
     </span>
     <span class='ocr_line' id='line_1_23' title="bbox 189 2083 1341 2160; baseline 0.002 -21"><span class='ocrx_word' id='word_1_202' title='bbox 189 2086 276 2150; x_wconf 80' lang='lat' dir='ltr'><strong>diam,</strong></span> <span class='ocrx_word' id='word_1_203' title='bbox 295 2091 370 2141; x_wconf 86' lang='lat' dir='ltr'><strong>Mon.</strong></span> <span class='ocrx_word' id='word_1_204' title='bbox 390 2091 416 2142; x_wconf 87' lang='lat' dir='ltr'><strong>l.</strong></span> <span class='ocrx_word' id='word_1_205' title='bbox 433 2088 459 2141; x_wconf 83' lang='lat'>2</span> <span class='ocrx_word' id='word_1_206' title='bbox 478 2083 554 2160; x_wconf 79' lang='lat' dir='ltr'><strong>Aug.</strong></span> <span class='ocrx_word' id='word_1_207' title='bbox 574 2093 604 2139; x_wconf 88' lang='lat' dir='ltr'><strong>et</strong></span> <span class='ocrx_word' id='word_1_208' title='bbox 622 2102 696 2138; x_wconf 86' lang='lat' dir='ltr'><strong>unus</strong></span> <span class='ocrx_word' id='word_1_209' title='bbox 713 2085 764 2138; x_wconf 85' lang='lat' dir='ltr'><strong>Ox.</strong></span> <span class='ocrx_word' id='word_1_210' title='bbox 783 2101 859 2138; x_wconf 82' lang='lat' dir='ltr'><strong>esse</strong></span> <span class='ocrx_word' id='word_1_211' title='bbox 876 2085 981 2138; x_wconf 82' lang='lat' dir='ltr'><strong>dieunt.</strong></span> <span class='ocrx_word' id='word_1_212' title='bbox 1006 2085 1091 2142; x_wconf 79' lang='lat' dir='ltr'><strong>vind.</strong></span> <span class='ocrx_word' id='word_1_213' title='bbox 1109 2090 1135 2142; x_wconf 87' lang='lat' dir='ltr'><strong>t.</strong></span> <span class='ocrx_word' id='word_1_214' title='bbox 1154 2092 1341 2154; x_wconf 76' lang='lat' dir='ltr'><strong>potestesse</strong></span> 
     </span>
     <span class='ocr_line' id='line_1_24' title="bbox 188 2157 565 2213; baseline 0 -3"><span class='ocrx_word' id='word_1_215' title='bbox 188 2157 307 2211; x_wconf 78' lang='lat' dir='ltr'><strong>utilit.</strong></span> <span class='ocrx_word' id='word_1_216' title='bbox 345 2161 404 2213; x_wconf 90' lang='lat' dir='ltr'><strong>Mr.</strong></span> <span class='ocrx_word' id='word_1_217' title='bbox 562 2199 565 2204; x_wconf 94' lang='lat'><strong>.</strong></span> 
     </span>
    </p>

    <p class='ocr_par' dir='ltr' id='par_1_8' title="bbox 185 2226 1369 3570">
     <span class='ocr_line' id='line_1_25' title="bbox 260 2226 1342 2293; baseline -0.001 -11"><span class='ocrx_word' id='word_1_218' title='bbox 260 2229 354 2283; x_wconf 86' lang='lat' dir='ltr'><strong>Potest</strong></span> <span class='ocrx_word' id='word_1_219' title='bbox 371 2228 533 2284; x_wconf 66' lang='lat' dir='ltr'><strong>utillimae</strong></span> <span class='ocrx_word' id='word_1_220' title='bbox 551 2227 679 2282; x_wconf 78' lang='lat' dir='ltr'><strong>insania?</strong></span> <span class='ocrx_word' id='word_1_221' title='bbox 707 2227 747 2280; x_wconf 82' lang='lat' dir='ltr'><strong>At</strong></span> <span class='ocrx_word' id='word_1_222' title='bbox 764 2226 906 2281; x_wconf 79' lang='lat' dir='ltr'><strong>naturalia</strong></span> <span class='ocrx_word' id='word_1_223' title='bbox 929 2226 993 2293; x_wconf 76' lang='lat' dir='ltr'><strong>erl]</strong></span> <span class='ocrx_word' id='word_1_224' title='bbox 1030 2260 1051 2292; x_wconf 89' lang='lat'>„</span> <span class='ocrx_word' id='word_1_225' title='bbox 1060 2226 1201 2292; x_wconf 78' lang='lat' dir='ltr'><strong>obiectio,</strong></span> <span class='ocrx_word' id='word_1_226' title='bbox 1229 2226 1278 2281; x_wconf 89' lang='lat' dir='ltr'><strong>cui</strong></span> <span class='ocrx_word' id='word_1_227' title='bbox 1297 2244 1342 2281; x_wconf 84' lang='lat' dir='ltr'><strong>re·</strong></span> 
     </span>
     <span class='ocr_line' id='line_1_26' title="bbox 189 2298 1342 2369; baseline 0 -17"><span class='ocrx_word' id='word_1_228' title='bbox 189 2301 309 2369; x_wconf 82' lang='lat' dir='ltr'><strong>spondet</strong></span> <span class='ocrx_word' id='word_1_229' title='bbox 333 2301 409 2369; x_wconf 86' lang='lat' dir='ltr'><strong>quod</strong></span> <span class='ocrx_word' id='word_1_230' title='bbox 433 2298 579 2366; x_wconf 75' lang='lat' dir='ltr'><strong>sequiturt</strong></span> <span class='ocrx_word' id='word_1_231' title='bbox 609 2314 647 2350; x_wconf 86' lang='lat' dir='ltr'><strong>an</strong></span> <span class='ocrx_word' id='word_1_232' title='bbox 670 2299 818 2366; x_wconf 78' lang='lat' dir='ltr'><strong><em>quidquam</em></strong></span> <span class='ocrx_word' id='word_1_233' title='bbox 841 2313 900 2351; x_wconf 84' lang='lat' dir='ltr'><strong>esse</strong></span> <span class='ocrx_word' id='word_1_234' title='bbox 920 2302 1009 2366; x_wconf 84' lang='lat' dir='ltr'><strong>potest</strong></span> <span class='ocrx_word' id='word_1_235' title='bbox 1036 2298 1181 2351; x_wconf 82' lang='lat' dir='ltr'><strong>secundun</strong></span> <span class='ocrx_word' id='word_1_236' title='bbox 1206 2303 1342 2363; x_wconf 77' lang='lat' dir='ltr'><strong>autnon,</strong></span> 
     </span>
     <span class='ocr_line' id='line_1_27' title="bbox 191 2366 1344 2438; baseline 0 -18"><span class='ocrx_word' id='word_1_237' title='bbox 191 2372 262 2437; x_wconf 80' lang='lat' dir='ltr'><strong>qttod</strong></span> <span class='ocrx_word' id='word_1_238' title='bbox 277 2373 315 2423; x_wconf 83' lang='lat' dir='ltr'><strong>et&#39;t</strong></span> <span class='ocrx_word' id='word_1_239' title='bbox 333 2377 504 2438; x_wconf 76' lang='lat' dir='ltr'><strong>repugnante</strong></span> <span class='ocrx_word' id='word_1_240' title='bbox 521 2366 650 2422; x_wconf 71' lang='lat' dir='ltr'><strong>ratione?</strong></span> <span class='ocrx_word' id='word_1_241' title='bbox 686 2369 727 2421; x_wconf 87' lang='lat' dir='ltr'><strong>Et</strong></span> <span class='ocrx_word' id='word_1_242' title='bbox 744 2378 787 2423; x_wconf 90' lang='lat' dir='ltr'><strong>est</strong></span> <span class='ocrx_word' id='word_1_243' title='bbox 805 2372 956 2432; x_wconf 80' lang='lat' dir='ltr'><strong>sententie,</strong></span> <span class='ocrx_word' id='word_1_244' title='bbox 975 2369 1032 2420; x_wconf 89' lang='lat' dir='ltr'><strong>nisi</strong></span> <span class='ocrx_word' id='word_1_245' title='bbox 1050 2369 1147 2434; x_wconf 84' lang='lat' dir='ltr'><strong>fallor,</strong></span> <span class='ocrx_word' id='word_1_246' title='bbox 1167 2370 1261 2422; x_wconf 89' lang='lat' dir='ltr'><strong>multo</strong></span> <span class='ocrx_word' id='word_1_247' title='bbox 1277 2384 1344 2421; x_wconf 79' lang='lat' dir='ltr'><strong>con·</strong></span> 
     </span>
     <span class='ocr_line' id='line_1_28' title="bbox 190 2437 1343 2514; baseline -0.001 -22"><span class='ocrx_word' id='word_1_248' title='bbox 190 2437 314 2505; x_wconf 89' lang='lat' dir='ltr'><strong>cinnior,</strong></span> <span class='ocrx_word' id='word_1_249' title='bbox 334 2441 460 2510; x_wconf 81' lang='lat' dir='ltr'><strong>quamsi</strong></span> <span class='ocrx_word' id='word_1_250' title='bbox 477 2440 565 2514; x_wconf 81' lang='lat' dir='ltr'><strong>legas,</strong></span> <span class='ocrx_word' id='word_1_251' title='bbox 583 2447 618 2491; x_wconf 95' lang='lat' dir='ltr'><strong>ut</strong></span> <span class='ocrx_word' id='word_1_252' title='bbox 635 2449 731 2492; x_wconf 81' lang='lat' dir='ltr'><strong>antee:</strong></span> <span class='ocrx_word' id='word_1_253' title='bbox 751 2446 801 2493; x_wconf 88' lang='lat' dir='ltr'><strong>aut</strong></span> <span class='ocrx_word' id='word_1_254' title='bbox 818 2440 961 2493; x_wconf 81' lang='lat' dir='ltr'><strong>naturalia</strong></span> <span class='ocrx_word' id='word_1_255' title='bbox 979 2439 1041 2492; x_wconf 79' lang='lat' dir='ltr'><strong>eet?</strong></span> <span class='ocrx_word' id='word_1_256' title='bbox 1068 2456 1135 2491; x_wconf 86' lang='lat' dir='ltr'><strong>curn</strong></span> <span class='ocrx_word' id='word_1_257' title='bbox 1158 2438 1343 2508; x_wconf 80' lang='lat' dir='ltr'><strong>praecedenti</strong></span> 
     </span>
     <span class='ocr_line' id='line_1_29' title="bbox 188 2509 1344 2580; baseline 0 -19"><span class='ocrx_word' id='word_1_258' title='bbox 188 2511 317 2563; x_wconf 84' lang='lat' dir='ltr'><strong>membra</strong></span> <span class='ocrx_word' id='word_1_259' title='bbox 336 2520 516 2564; x_wconf 80' lang='lat' dir='ltr'><strong>connectens.</strong></span> <span class='ocrx_word' id='word_1_260' title='bbox 552 2512 594 2564; x_wconf 92' lang='lat' dir='ltr'><strong>Ut</strong></span> <span class='ocrx_word' id='word_1_261' title='bbox 616 2519 712 2562; x_wconf 83' lang='lat' dir='ltr'><strong>autern</strong></span> <span class='ocrx_word' id='word_1_262' title='bbox 738 2509 818 2562; x_wconf 86' lang='lat' dir='ltr'><strong>lnmc</strong></span> <span class='ocrx_word' id='word_1_263' title='bbox 844 2511 941 2563; x_wconf 88' lang='lat' dir='ltr'><strong>locum</strong></span> <span class='ocrx_word' id='word_1_264' title='bbox 963 2527 1020 2561; x_wconf 85' lang='lat' dir='ltr'><strong>una</strong></span> <span class='ocrx_word' id='word_1_265' title='bbox 1038 2510 1155 2580; x_wconf 87' lang='lat' dir='ltr'><strong>dempta</strong></span> <span class='ocrx_word' id='word_1_266' title='bbox 1176 2509 1263 2563; x_wconf 81' lang='lat' dir='ltr'><strong>litera</strong></span> <span class='ocrx_word' id='word_1_267' title='bbox 1281 2526 1344 2563; x_wconf 81' lang='lat' dir='ltr'><strong>cor·</strong></span> 
     </span>
     <span class='ocr_line' id='line_1_30' title="bbox 186 2580 1344 2652; baseline -0.001 -19"><span class='ocrx_word' id='word_1_268' title='bbox 186 2581 325 2647; x_wconf 69' lang='lat' dir='ltr'><strong>restitutus,</strong></span> <span class='ocrx_word' id='word_1_269' title='bbox 353 2583 395 2635; x_wconf 86' lang='lat' dir='ltr'><strong>sic</strong></span> <span class='ocrx_word' id='word_1_270' title='bbox 415 2582 513 2652; x_wconf 82' lang='lat' dir='ltr'><strong>paullo</strong></span> <span class='ocrx_word' id='word_1_271' title='bbox 536 2589 600 2651; x_wconf 88' lang='lat' dir='ltr'><strong>post</strong></span> <span class='ocrx_word' id='word_1_272' title='bbox 623 2580 714 2633; x_wconf 84' lang='lat' dir='ltr'><strong>alium</strong></span> <span class='ocrx_word' id='word_1_273' title='bbox 736 2600 792 2633; x_wconf 80' lang='lat' dir='ltr'><strong>una</strong></span> <span class='ocrx_word' id='word_1_274' title='bbox 819 2582 968 2633; x_wconf 83' lang='lat' dir='ltr'><strong>immutata</strong></span> <span class='ocrx_word' id='word_1_275' title='bbox 987 2581 1181 2636; x_wconf 77' lang='lat' dir='ltr'><strong>restituimus.</strong></span> <span class='ocrx_word' id='word_1_276' title='bbox 1203 2598 1271 2633; x_wconf 86' lang='lat' dir='ltr'><strong>nam</strong></span> <span class='ocrx_word' id='word_1_277' title='bbox 1294 2580 1344 2632; x_wconf 82' lang='lat' dir='ltr'><strong>nti</strong></span> 
     </span>
     <span class='ocr_line' id='line_1_31' title="bbox 188 2651 1343 2726; baseline -0.001 -23"><span class='ocrx_word' id='word_1_278' title='bbox 188 2651 340 2726; x_wconf 81' lang='lat' dir='ltr'><strong>legebatur</strong></span> <span class='ocrx_word' id='word_1_279' title='bbox 360 2652 525 2722; x_wconf 83' lang='lat' dir='ltr'><strong>priusquam</strong></span> <span class='ocrx_word' id='word_1_280' title='bbox 551 2658 624 2704; x_wconf 78' lang='lat' dir='ltr'><strong>estet</strong></span> <span class='ocrx_word' id='word_1_281' title='bbox 645 2651 723 2703; x_wconf 90' lang='lat' dir='ltr'><strong>ulla</strong></span> <span class='ocrx_word' id='word_1_282' title='bbox 748 2651 902 2705; x_wconf 81' lang='lat' dir='ltr'><strong>ulciscendi</strong></span> <span class='ocrx_word' id='word_1_283' title='bbox 925 2651 1023 2715; x_wconf 79' lang='lat' dir='ltr'><strong>libido,</strong></span> <span class='ocrx_word' id='word_1_284' title='bbox 1052 2669 1102 2704; x_wconf 89' lang='lat' dir='ltr'><strong>nos</strong></span> <span class='ocrx_word' id='word_1_285' title='bbox 1120 2666 1205 2703; x_wconf 85' lang='lat' dir='ltr'><strong>sensu</strong></span> <span class='ocrx_word' id='word_1_286' title='bbox 1223 2651 1343 2704; x_wconf 81' lang='lat' dir='ltr'><strong>meliora</strong></span> 
     </span>
     <span class='ocr_line' id='line_1_32' title="bbox 188 2720 1342 2792; baseline -0.003 -16"><span class='ocrx_word' id='word_1_287' title='bbox 188 2723 416 2777; x_wconf 85' lang='lat' dir='ltr'><strong>emendavimus:</strong></span> <span class='ocrx_word' id='word_1_288' title='bbox 444 2722 526 2790; x_wconf 78' lang='lat' dir='ltr'><strong>prim</strong></span> <span class='ocrx_word' id='word_1_289' title='bbox 548 2737 625 2792; x_wconf 85' lang='lat' dir='ltr'><strong>quan</strong></span> <span class='ocrx_word' id='word_1_290' title='bbox 649 2729 721 2776; x_wconf 79' lang='lat' dir='ltr'><strong>estet</strong></span> <span class='ocrx_word' id='word_1_291' title='bbox 744 2724 820 2776; x_wconf 87' lang='lat' dir='ltr'><strong>ulta</strong></span> <span class='ocrx_word' id='word_1_292' title='bbox 842 2721 995 2775; x_wconf 82' lang='lat' dir='ltr'><strong>ulciscendi</strong></span> <span class='ocrx_word' id='word_1_293' title='bbox 1021 2721 1143 2776; x_wconf 68' lang='lat' dir='ltr'><strong>tittdof‘</strong></span> <span class='ocrx_word' id='word_1_294' title='bbox 1179 2720 1211 2774; x_wconf 84' lang='grc' dir='ltr'><strong>Ρ.</strong></span> <span class='ocrx_word' id='word_1_295' title='bbox 1230 2721 1342 2774; x_wconf 75' lang='lat' dir='ltr'><strong>Manui.</strong></span> 
     </span>
     <span class='ocr_line' id='line_1_33' title="bbox 189 2789 1343 2864; baseline 0.001 -20"><span class='ocrx_word' id='word_1_296' title='bbox 189 2794 252 2859; x_wconf 88' lang='lat' dir='ltr'><strong>„In</strong></span> <span class='ocrx_word' id='word_1_297' title='bbox 270 2794 344 2847; x_wconf 88' lang='lat' dir='ltr'><strong>libro</strong></span> <span class='ocrx_word' id='word_1_298' title='bbox 367 2803 532 2864; x_wconf 83' lang='lat' dir='ltr'><strong>pervetere:</strong></span> <span class='ocrx_word' id='word_1_299' title='bbox 571 2795 622 2845; x_wconf 83' lang='lat' dir='ltr'><strong>An</strong></span> <span class='ocrx_word' id='word_1_300' title='bbox 640 2796 799 2847; x_wconf 82' lang='lat' dir='ltr'><strong>naturalem</strong></span> <span class='ocrx_word' id='word_1_301' title='bbox 822 2789 911 2845; x_wconf 88' lang='lat' dir='ltr'><strong>ltanc</strong></span> <span class='ocrx_word' id='word_1_302' title='bbox 929 2793 1078 2862; x_wconf 81' lang='lat' dir='ltr'><strong>quidquam</strong></span> <span class='ocrx_word' id='word_1_303' title='bbox 1103 2793 1343 2847; x_wconf 72' lang='lat' dir='ltr'><strong>recemundum</strong></span> 
     </span>
     <span class='ocr_line' id='line_1_34' title="bbox 189 2861 1342 2933; baseline -0.001 -18"><span class='ocrx_word' id='word_1_304' title='bbox 189 2871 325 2929; x_wconf 85' lang='lat' dir='ltr'><strong>naturam,</strong></span> <span class='ocrx_word' id='word_1_305' title='bbox 345 2866 419 2932; x_wconf 85' lang='lat' dir='ltr'><strong>quod</strong></span> <span class='ocrx_word' id='word_1_306' title='bbox 436 2865 475 2916; x_wconf 82' lang='lat' dir='ltr'><strong>sil</strong></span> <span class='ocrx_word' id='word_1_307' title='bbox 492 2871 665 2933; x_wconf 80' lang='lat' dir='ltr'><strong>repugnante</strong></span> <span class='ocrx_word' id='word_1_308' title='bbox 682 2865 803 2917; x_wconf 79' lang='lat' dir='ltr'><strong>ratione.</strong></span> <span class='ocrx_word' id='word_1_309' title='bbox 840 2861 976 2917; x_wconf 82' lang='lat' dir='ltr'><strong>Nondum</strong></span> <span class='ocrx_word' id='word_1_310' title='bbox 993 2872 1089 2916; x_wconf 85' lang='lat' dir='ltr'><strong>tamen</strong></span> <span class='ocrx_word' id='word_1_311' title='bbox 1107 2872 1197 2917; x_wconf 87' lang='lat' dir='ltr'><strong>recte.</strong></span> <span class='ocrx_word' id='word_1_312' title='bbox 1227 2864 1342 2917; x_wconf 84' lang='lat' dir='ltr'><strong>Rectius</strong></span> 
     </span>
     <span class='ocr_line' id='line_1_35' title="bbox 188 2933 1344 3006; baseline 0.001 -20"><span class='ocrx_word' id='word_1_313' title='bbox 188 2936 308 2987; x_wconf 83' lang='lat' dir='ltr'><strong>fortasse</strong></span> <span class='ocrx_word' id='word_1_314' title='bbox 326 2936 367 2988; x_wconf 86' lang='lat' dir='ltr'><strong>sic</strong></span> <span class='ocrx_word' id='word_1_315' title='bbox 386 2936 584 3006; x_wconf 67' lang='lat' dir='ltr'><strong>interponens:</strong></span> <span class='ocrx_word' id='word_1_316' title='bbox 615 2935 711 2988; x_wconf 79' lang='lat' dir='ltr'><strong>Potest</strong></span> <span class='ocrx_word' id='word_1_317' title='bbox 727 2937 808 2989; x_wconf 81' lang='lat' dir='ltr'><strong>atille</strong></span> <span class='ocrx_word' id='word_1_318' title='bbox 832 2951 892 2988; x_wconf 78' lang='lat' dir='ltr'><strong>ease</strong></span> <span class='ocrx_word' id='word_1_319' title='bbox 916 2933 1082 2988; x_wconf 76' lang='lat' dir='ltr'><strong>lucanicae</strong></span> <span class='ocrx_word' id='word_1_320' title='bbox 1106 2934 1268 2988; x_wconf 77' lang='lat' dir='ltr'><strong>naturalia?</strong></span> <span class='ocrx_word' id='word_1_321' title='bbox 1295 2939 1344 2987; x_wconf 86' lang='lat' dir='ltr'><strong>aul</strong></span> 
     </span>
     <span class='ocr_line' id='line_1_36' title="bbox 190 2995 1343 3076; baseline -0.003 -18"><span class='ocrx_word' id='word_1_322' title='bbox 190 3006 341 3075; x_wconf 79' lang='lat' dir='ltr'><strong>quidquam</strong></span> <span class='ocrx_word' id='word_1_323' title='bbox 358 3023 416 3060; x_wconf 81' lang='lat' dir='ltr'><strong>esse</strong></span> <span class='ocrx_word' id='word_1_324' title='bbox 435 2995 584 3060; x_wconf 78' lang='lat' dir='ltr'><strong>secandum</strong></span> <span class='ocrx_word' id='word_1_325' title='bbox 600 3004 742 3071; x_wconf 84' lang='lat' dir='ltr'><strong>naturam,</strong></span> <span class='ocrx_word' id='word_1_326' title='bbox 762 3008 833 3076; x_wconf 84' lang='lat' dir='ltr'><strong>quod</strong></span> <span class='ocrx_word' id='word_1_327' title='bbox 850 3008 880 3069; x_wconf 83' lang='lat' dir='ltr'><strong>fit</strong></span> <span class='ocrx_word' id='word_1_328' title='bbox 900 3011 1069 3073; x_wconf 81' lang='lat' dir='ltr'><strong>repugnante</strong></span> <span class='ocrx_word' id='word_1_329' title='bbox 1086 3005 1220 3059; x_wconf 80' lang='lat' dir='ltr'><strong>ratione?</strong></span> <span class='ocrx_word' id='word_1_330' title='bbox 1232 3035 1264 3051; x_wconf 87' lang='lat'>-</span> <span class='ocrx_word' id='word_1_331' title='bbox 1283 3006 1343 3057; x_wconf 79' lang='lat' dir='ltr'><strong>Aut</strong></span> 
     </span>
     <span class='ocr_line' id='line_1_37' title="bbox 190 3074 1344 3146; baseline -0.002 -16"><span class='ocrx_word' id='word_1_332' title='bbox 190 3077 277 3130; x_wconf 84' lang='lat' dir='ltr'><strong>etiam</strong></span> <span class='ocrx_word' id='word_1_333' title='bbox 302 3078 371 3130; x_wconf 80' lang='lat' dir='ltr'><strong>alibi</strong></span> <span class='ocrx_word' id='word_1_334' title='bbox 396 3079 427 3130; x_wconf 89' lang='lat' dir='ltr'><strong>in</strong></span> <span class='ocrx_word' id='word_1_335' title='bbox 446 3077 505 3131; x_wconf 84' lang='lat' dir='ltr'><strong>Cic.</strong></span> <span class='ocrx_word' id='word_1_336' title='bbox 532 3074 586 3146; x_wconf 82' lang='lat' dir='ltr'><strong>pro</strong></span> <span class='ocrx_word' id='word_1_337' title='bbox 605 3092 642 3129; x_wconf 90' lang='lat' dir='ltr'><strong>an</strong></span> <span class='ocrx_word' id='word_1_338' title='bbox 660 3077 796 3146; x_wconf 86' lang='lat' dir='ltr'><strong>reperias,</strong></span> <span class='ocrx_word' id='word_1_339' title='bbox 822 3077 870 3129; x_wconf 86' lang='lat' dir='ltr'><strong>vel</strong></span> <span class='ocrx_word' id='word_1_340' title='bbox 897 3075 998 3128; x_wconf 87' lang='lat' dir='ltr'><strong>invitis</strong></span> <span class='ocrx_word' id='word_1_341' title='bbox 1016 3076 1230 3135; x_wconf 83' lang='lat' dir='ltr'><strong>literatoribus:</strong></span> <span class='ocrx_word' id='word_1_342' title='bbox 1260 3077 1344 3129; x_wconf 90' lang='lat' dir='ltr'><strong>utin</strong></span> 
     </span>
     <span class='ocr_line' id='line_1_38' title="bbox 191 3143 1342 3218; baseline -0.001 -18"><span class='ocrx_word' id='word_1_343' title='bbox 191 3149 317 3218; x_wconf 81' lang='lat' dir='ltr'><strong>antiquis</strong></span> <span class='ocrx_word' id='word_1_344' title='bbox 336 3149 420 3200; x_wconf 82' lang='lat' dir='ltr'><strong>libris</strong></span> <span class='ocrx_word' id='word_1_345' title='bbox 438 3149 499 3200; x_wconf 78' lang='lat' dir='ltr'><strong>Lib.</strong></span> <span class='ocrx_word' id='word_1_346' title='bbox 519 3149 577 3199; x_wconf 85' lang='lat' dir='ltr'><strong>XV.</strong></span> <span class='ocrx_word' id='word_1_347' title='bbox 597 3148 652 3218; x_wconf 89' lang='lat' dir='ltr'><strong>Ep.</strong></span> <span class='ocrx_word' id='word_1_348' title='bbox 672 3151 716 3202; x_wconf 76' lang='lat' dir='ltr'><strong>tt.</strong></span> <span class='ocrx_word' id='word_1_349' title='bbox 736 3147 771 3200; x_wconf 81' lang='lat' dir='ltr'><strong>ad</strong></span> <span class='ocrx_word' id='word_1_350' title='bbox 788 3146 912 3201; x_wconf 82' lang='lat' dir='ltr'><strong>Famil.“</strong></span> <span class='ocrx_word' id='word_1_351' title='bbox 930 3143 1032 3200; x_wconf 82' lang='lat' dir='ltr'><strong>Solott.</strong></span> <span class='ocrx_word' id='word_1_352' title='bbox 1062 3147 1136 3199; x_wconf 77' lang='lat' dir='ltr'><strong>Nati.</strong></span> <span class='ocrx_word' id='word_1_353' title='bbox 1156 3147 1217 3201; x_wconf 86' lang='lat' dir='ltr'><strong>cic.</strong></span> <span class='ocrx_word' id='word_1_354' title='bbox 1236 3165 1266 3216; x_wconf 86' lang='lat' dir='ltr'><strong>p.</strong></span> <span class='ocrx_word' id='word_1_355' title='bbox 1280 3149 1342 3203; x_wconf 76' lang='grc'><strong>388.</strong></span> 
     </span>
     <span class='ocr_line' id='line_1_39' title="bbox 189 3217 1343 3290; baseline -0.002 -20"><span class='ocrx_word' id='word_1_356' title='bbox 189 3233 232 3288; x_wconf 84' lang='lat' dir='ltr'><strong>sq.</strong></span> <span class='ocrx_word' id='word_1_357' title='bbox 260 3218 410 3284; x_wconf 75' lang='lat' dir='ltr'><strong>„Munatii</strong></span> <span class='ocrx_word' id='word_1_358' title='bbox 427 3218 592 3272; x_wconf 86' lang='lat' dir='ltr'><strong>coniectura</strong></span> <span class='ocrx_word' id='word_1_359' title='bbox 611 3220 729 3289; x_wconf 82' lang='lat' dir='ltr'><strong>probata</strong></span> <span class='ocrx_word' id='word_1_360' title='bbox 747 3221 810 3271; x_wconf 87' lang='lat' dir='ltr'><strong>fere</strong></span> <span class='ocrx_word' id='word_1_361' title='bbox 829 3234 927 3271; x_wconf 85' lang='lat' dir='ltr'><strong>omnes</strong></span> <span class='ocrx_word' id='word_1_362' title='bbox 945 3217 1063 3290; x_wconf 82' lang='lat' dir='ltr'><strong>legunt:</strong></span> <span class='ocrx_word' id='word_1_363' title='bbox 1075 3224 1112 3270; x_wconf 86' lang='lat' dir='ltr'><strong>at</strong></span> <span class='ocrx_word' id='word_1_364' title='bbox 1130 3218 1274 3272; x_wconf 81' lang='lat' dir='ltr'><strong>naturalis</strong></span> <span class='ocrx_word' id='word_1_365' title='bbox 1293 3220 1343 3271; x_wconf 82' lang='lat' dir='ltr'><strong>eet.</strong></span> 
     </span>
     <span class='ocr_line' id='line_1_40' title="bbox 189 3286 1369 3359; baseline -0.001 -17"><span class='ocrx_word' id='word_1_366' title='bbox 189 3316 224 3327; x_wconf 93' lang='lat'>—</span> <span class='ocrx_word' id='word_1_367' title='bbox 242 3291 301 3343; x_wconf 80' lang='lat' dir='ltr'><strong>Aut</strong></span> <span class='ocrx_word' id='word_1_368' title='bbox 321 3289 477 3343; x_wconf 82' lang='lat' dir='ltr'><strong>naturalem</strong></span> <span class='ocrx_word' id='word_1_369' title='bbox 494 3289 624 3359; x_wconf 87' lang='lat' dir='ltr'><strong>Gryphii</strong></span> <span class='ocrx_word' id='word_1_370' title='bbox 647 3289 723 3341; x_wconf 90' lang='lat' dir='ltr'><strong>liber</strong></span> <span class='ocrx_word' id='word_1_371' title='bbox 744 3288 830 3342; x_wconf 86' lang='lat' dir='ltr'><strong>habet</strong></span> <span class='ocrx_word' id='word_1_372' title='bbox 856 3297 885 3341; x_wconf 87' lang='lat' dir='ltr'><strong>ct</strong></span> <span class='ocrx_word' id='word_1_373' title='bbox 908 3288 1033 3341; x_wconf 90' lang='lat' dir='ltr'><strong>Victorii</strong></span> <span class='ocrx_word' id='word_1_374' title='bbox 1056 3304 1088 3339; x_wconf 81' lang='lat' dir='ltr'><strong>ac</strong></span> <span class='ocrx_word' id='word_1_375' title='bbox 1106 3289 1259 3342; x_wconf 77' lang='lat' dir='ltr'><strong>Vascossni</strong></span> <span class='ocrx_word' id='word_1_376' title='bbox 1287 3288 1345 3342; x_wconf 90' lang='lat' dir='ltr'><strong>edi·</strong></span> <span class='ocrx_word' id='word_1_377' title='bbox 1366 3286 1369 3291; x_wconf 82' lang='grc'>’</span> 
     </span>
     <span class='ocr_line' id='line_1_41' title="bbox 188 3357 1344 3430; baseline 0 -18"><span class='ocrx_word' id='word_1_378' title='bbox 188 3360 247 3413; x_wconf 89' lang='lat' dir='ltr'><strong>tio:</strong></span> <span class='ocrx_word' id='word_1_379' title='bbox 278 3379 349 3430; x_wconf 81' lang='lat' dir='ltr'><strong>quae</strong></span> <span class='ocrx_word' id='word_1_380' title='bbox 373 3370 416 3414; x_wconf 92' lang='lat' dir='ltr'><strong>est</strong></span> <span class='ocrx_word' id='word_1_381' title='bbox 439 3360 529 3413; x_wconf 87' lang='lat' dir='ltr'><strong>lectio</strong></span> <span class='ocrx_word' id='word_1_382' title='bbox 552 3376 611 3412; x_wconf 88' lang='lat' dir='ltr'><strong>non</strong></span> <span class='ocrx_word' id='word_1_383' title='bbox 637 3361 720 3411; x_wconf 80' lang='lat' dir='ltr'><strong>mala.</strong></span> <span class='ocrx_word' id='word_1_384' title='bbox 757 3362 906 3412; x_wconf 84' lang='lat' dir='ltr'><strong>Praeterea</strong></span> <span class='ocrx_word' id='word_1_385' title='bbox 932 3358 964 3409; x_wconf 91' lang='lat' dir='ltr'><strong>in</strong></span> <span class='ocrx_word' id='word_1_386' title='bbox 982 3357 1111 3428; x_wconf 81' lang='lat' dir='ltr'><strong>Gryphii</strong></span> <span class='ocrx_word' id='word_1_387' title='bbox 1129 3359 1206 3412; x_wconf 91' lang='lat' dir='ltr'><strong>libro</strong></span> <span class='ocrx_word' id='word_1_388' title='bbox 1224 3359 1344 3422; x_wconf 79' lang='lat' dir='ltr'><strong>verbmn</strong></span> 
     </span>
     <span class='ocr_line' id='line_1_42' title="bbox 185 3428 1342 3500; baseline -0.003 -17"><span class='ocrx_word' id='word_1_389' title='bbox 185 3437 279 3500; x_wconf 83' lang='lat' dir='ltr'><strong>potest</strong></span> <span class='ocrx_word' id='word_1_390' title='bbox 305 3431 452 3494; x_wconf 86' lang='lat' dir='ltr'><strong>[videlicet</strong></span> <span class='ocrx_word' id='word_1_391' title='bbox 470 3432 503 3481; x_wconf 88' lang='lat' dir='ltr'><strong>in</strong></span> <span class='ocrx_word' id='word_1_392' title='bbox 520 3448 601 3499; x_wconf 86' lang='lat' dir='ltr'><strong>seqq.</strong></span> <span class='ocrx_word' id='word_1_393' title='bbox 621 3429 767 3500; x_wconf 79' lang='lat' dir='ltr'><strong>quicquam</strong></span> <span class='ocrx_word' id='word_1_394' title='bbox 789 3446 849 3483; x_wconf 82' lang='lat' dir='ltr'><strong>esse</strong></span> <span class='ocrx_word' id='word_1_395' title='bbox 869 3428 971 3497; x_wconf 78' lang='lat' dir='ltr'><strong>potest]</strong></span> <span class='ocrx_word' id='word_1_396' title='bbox 992 3445 1057 3481; x_wconf 84' lang='lat' dir='ltr'><strong>non</strong></span> <span class='ocrx_word' id='word_1_397' title='bbox 1080 3428 1234 3482; x_wconf 81' lang='lat' dir='ltr'><strong>habetur.“</strong></span> <span class='ocrx_word' id='word_1_398' title='bbox 1260 3431 1342 3483; x_wconf 75' lang='lat' dir='ltr'><strong>Brut.</strong></span> 
     </span>
     <span class='ocr_line' id='line_1_43' title="bbox 188 3499 1344 3570; baseline 0 -18"><span class='ocrx_word' id='word_1_399' title='bbox 188 3503 279 3567; x_wconf 76' lang='lat' dir='ltr'><strong>„Vct</strong></span> <span class='ocrx_word' id='word_1_400' title='bbox 299 3502 365 3555; x_wconf 86' lang='lat' dir='ltr'><strong>Cod.</strong></span> <span class='ocrx_word' id='word_1_401' title='bbox 384 3508 477 3570; x_wconf 79' lang='lat' dir='ltr'><strong>potest</strong></span> <span class='ocrx_word' id='word_1_402' title='bbox 494 3501 574 3554; x_wconf 81' lang='lat' dir='ltr'><strong>utilis</strong></span> <span class='ocrx_word' id='word_1_403' title='bbox 592 3517 651 3553; x_wconf 85' lang='lat' dir='ltr'><strong>esee</strong></span> <span class='ocrx_word' id='word_1_404' title='bbox 673 3500 808 3554; x_wconf 77' lang='lat' dir='ltr'><strong>intortio?</strong></span> <span class='ocrx_word' id='word_1_405' title='bbox 845 3507 892 3553; x_wconf 88' lang='lat' dir='ltr'><strong>aut</strong></span> <span class='ocrx_word' id='word_1_406' title='bbox 916 3500 1045 3553; x_wconf 88' lang='lat' dir='ltr'><strong>naturale</strong></span> <span class='ocrx_word' id='word_1_407' title='bbox 1069 3499 1215 3570; x_wconf 73' lang='lat' dir='ltr'><strong>quidquam</strong></span> <span class='ocrx_word' id='word_1_408' title='bbox 1240 3506 1294 3562; x_wconf 85' lang='lat' dir='ltr'><strong>eet,</strong></span> <span class='ocrx_word' id='word_1_409' title='bbox 1317 3502 1344 3553; x_wconf 83' lang='lat' dir='ltr'><strong>et</strong></span> 
     </span>
    </p>
   </div>
   <div class='ocr_carea' id='block_1_7' title="bbox 109 3568 1343 3641">
    <p class='ocr_par' dir='ltr' id='par_1_9' title="bbox 109 3568 1343 3641">
     <span class='ocr_line' id='line_1_44' title="bbox 109 3568 1343 3641; baseline 0.002 -17"><span class='ocrx_word' id='word_1_410' title='bbox 109 3610 115 3618; x_wconf 89' lang='lat'><strong>.</strong></span> <span class='ocrx_word' id='word_1_411' title='bbox 189 3573 339 3626; x_wconf 78' lang='lat' dir='ltr'><strong>secundum</strong></span> <span class='ocrx_word' id='word_1_412' title='bbox 357 3579 498 3637; x_wconf 82' lang='lat' dir='ltr'><strong>naturam,</strong></span> <span class='ocrx_word' id='word_1_413' title='bbox 518 3572 589 3641; x_wconf 84' lang='lat' dir='ltr'><strong>quod</strong></span> <span class='ocrx_word' id='word_1_414' title='bbox 606 3575 638 3637; x_wconf 83' lang='lat' dir='ltr'><strong>fit</strong></span> <span class='ocrx_word' id='word_1_415' title='bbox 656 3577 833 3640; x_wconf 79' lang='lat' dir='ltr'><strong>repugnante</strong></span> <span class='ocrx_word' id='word_1_416' title='bbox 851 3570 1013 3624; x_wconf 53' lang='lat' dir='ltr'><strong>rationem</strong></span> <span class='ocrx_word' id='word_1_417' title='bbox 1032 3568 1110 3623; x_wconf 80' lang='lat' dir='ltr'><strong>Gall.</strong></span> <span class='ocrx_word' id='word_1_418' title='bbox 1150 3570 1343 3627; x_wconf 73' lang='lat' dir='ltr'><strong>moment</strong></span> 
     </span>
    </p>
   </div>
   <div class='ocr_carea' id='block_1_8' title="bbox 188 3641 1369 4498">
    <p class='ocr_par' dir='ltr' id='par_1_10' title="bbox 188 3641 1344 3768">
     <span class='ocr_line' id='line_1_45' title="bbox 189 3641 1344 3713; baseline 0 -19"><span class='ocrx_word' id='word_1_419' title='bbox 189 3644 271 3695; x_wconf 89' lang='lat' dir='ltr'><strong>cuius</strong></span> <span class='ocrx_word' id='word_1_420' title='bbox 294 3645 449 3697; x_wconf 89' lang='lat' dir='ltr'><strong>lectionem</strong></span> <span class='ocrx_word' id='word_1_421' title='bbox 473 3659 531 3696; x_wconf 91' lang='lat' dir='ltr'><strong>non</strong></span> <span class='ocrx_word' id='word_1_422' title='bbox 554 3643 694 3713; x_wconf 87' lang='lat' dir='ltr'><strong>improbo,</strong></span> <span class='ocrx_word' id='word_1_423' title='bbox 722 3643 853 3711; x_wconf 83' lang='lat' dir='ltr'><strong>quumvis</strong></span> <span class='ocrx_word' id='word_1_424' title='bbox 880 3642 999 3713; x_wconf 89' lang='lat' dir='ltr'><strong>probem</strong></span> <span class='ocrx_word' id='word_1_425' title='bbox 1021 3641 1142 3694; x_wconf 81' lang='lat' dir='ltr'><strong>Manutii</strong></span> <span class='ocrx_word' id='word_1_426' title='bbox 1170 3642 1344 3695; x_wconf 75' lang='lat' dir='ltr'><strong>emendatio-</strong></span> 
     </span>
     <span class='ocr_line' id='line_1_46' title="bbox 188 3715 970 3768; baseline 0 -2"><span class='ocrx_word' id='word_1_427' title='bbox 188 3715 289 3767; x_wconf 85' lang='lat' dir='ltr'><strong>nem.“</strong></span> <span class='ocrx_word' id='word_1_428' title='bbox 324 3717 386 3768; x_wconf 81' lang='lat' dir='ltr'><strong>Fra.</strong></span> <span class='ocrx_word' id='word_1_429' title='bbox 406 3715 491 3768; x_wconf 83' lang='lat' dir='ltr'><strong>Fabr.</strong></span> <span class='ocrx_word' id='word_1_430' title='bbox 965 3732 970 3744; x_wconf 61' lang='lat'>⁸</span> 
     </span>
    </p>

    <p class='ocr_par' dir='ltr' id='par_1_11' title="bbox 189 3778 1369 4498">
     <span class='ocr_line' id='line_1_47' title="bbox 261 3778 1344 3856; baseline -0.005 -18"><span class='ocrx_word' id='word_1_431' title='bbox 261 3785 311 3856; x_wconf 81' lang='lat' dir='ltr'><strong>qul</strong></span> <span class='ocrx_word' id='word_1_432' title='bbox 332 3783 514 3838; x_wconf 76' lang='lat' dir='ltr'><strong>iracundiam</strong></span> <span class='ocrx_word' id='word_1_433' title='bbox 536 3784 633 3836; x_wconf 80' lang='lat' dir='ltr'><strong>utilem</strong></span> <span class='ocrx_word' id='word_1_434' title='bbox 655 3781 770 3836; x_wconf 80' lang='lat' dir='ltr'><strong>dicunt?</strong></span> <span class='ocrx_word' id='word_1_435' title='bbox 798 3784 909 3851; x_wconf 84' lang='lat' dir='ltr'><strong>(Potest</strong></span> <span class='ocrx_word' id='word_1_436' title='bbox 931 3782 1014 3836; x_wconf 79' lang='lat' dir='ltr'><strong>utilia</strong></span> <span class='ocrx_word' id='word_1_437' title='bbox 1039 3797 1095 3835; x_wconf 83' lang='lat' dir='ltr'><strong>esse</strong></span> <span class='ocrx_word' id='word_1_438' title='bbox 1122 3778 1271 3846; x_wconf 75' lang='lat' dir='ltr'><strong>insaniat)</strong></span> <span class='ocrx_word' id='word_1_439' title='bbox 1295 3786 1344 3834; x_wconf 85' lang='lat' dir='ltr'><strong>out</strong></span> 
     </span>
     <span class='ocr_line' id='line_1_48' title="bbox 189 3851 1345 3925; baseline -0.006 -16"><span class='ocrx_word' id='word_1_440' title='bbox 189 3857 379 3921; x_wconf 74' lang='lat' dir='ltr'><strong>naturaleml]</strong></span> <span class='ocrx_word' id='word_1_441' title='bbox 416 3855 557 3924; x_wconf 87' lang='lat' dir='ltr'><strong>Optimam</strong></span> <span class='ocrx_word' id='word_1_442' title='bbox 582 3863 612 3906; x_wconf 88' lang='lat' dir='ltr'><strong>et</strong></span> <span class='ocrx_word' id='word_1_443' title='bbox 635 3870 705 3906; x_wconf 83' lang='lat' dir='ltr'><strong>vero</strong></span> <span class='ocrx_word' id='word_1_444' title='bbox 723 3857 884 3925; x_wconf 84' lang='lat' dir='ltr'><strong>proximam</strong></span> <span class='ocrx_word' id='word_1_445' title='bbox 903 3854 1027 3907; x_wconf 87' lang='lat' dir='ltr'><strong>Victorii</strong></span> <span class='ocrx_word' id='word_1_446' title='bbox 1052 3851 1210 3906; x_wconf 85' lang='lat' dir='ltr'><strong>lectionem</strong></span> <span class='ocrx_word' id='word_1_447' title='bbox 1232 3852 1345 3920; x_wconf 87' lang='lat' dir='ltr'><strong>recepi·</strong></span> 
     </span>
     <span class='ocr_line' id='line_1_49' title="bbox 189 3922 1345 3994; baseline -0.004 -15"><span class='ocrx_word' id='word_1_448' title='bbox 189 3945 261 3984; x_wconf 88' lang='lat' dir='ltr'><strong>mus.</strong></span> <span class='ocrx_word' id='word_1_449' title='bbox 289 3926 372 3978; x_wconf 88' lang='lat' dir='ltr'><strong>Fabr.</strong></span> <span class='ocrx_word' id='word_1_450' title='bbox 393 3924 454 3977; x_wconf 90' lang='lat' dir='ltr'><strong>cod.</strong></span> <span class='ocrx_word' id='word_1_451' title='bbox 472 3930 563 3992; x_wconf 83' lang='lat' dir='ltr'><strong>potest</strong></span> <span class='ocrx_word' id='word_1_452' title='bbox 584 3933 638 3978; x_wconf 88' lang='lat' dir='ltr'><strong>etc.</strong></span> <span class='ocrx_word' id='word_1_453' title='bbox 660 3922 698 3989; x_wconf 89' lang='lat' dir='ltr'><strong>[v.</strong></span> <span class='ocrx_word' id='word_1_454' title='bbox 720 3943 784 3977; x_wconf 82' lang='lat' dir='ltr'><strong>ann.</strong></span> <span class='ocrx_word' id='word_1_455' title='bbox 805 3925 904 3992; x_wconf 75' lang='lat' dir='ltr'><strong>Gom]</strong></span> <span class='ocrx_word' id='word_1_456' title='bbox 931 3925 1017 3977; x_wconf 81' lang='lat' dir='ltr'><strong>Pelet.</strong></span> <span class='ocrx_word' id='word_1_457' title='bbox 1042 3932 1137 3994; x_wconf 78' lang='lat' dir='ltr'><strong>quart.</strong></span> <span class='ocrx_word' id='word_1_458' title='bbox 1165 3923 1217 3993; x_wconf 78' lang='lat' dir='ltr'><strong>qui</strong></span> <span class='ocrx_word' id='word_1_459' title='bbox 1233 3923 1345 3983; x_wconf 75' lang='lat' dir='ltr'><strong>trann-</strong></span> 
     </span>
     <span class='ocr_line' id='line_1_50' title="bbox 191 3991 1345 4064; baseline -0.005 -14"><span class='ocrx_word' id='word_1_460' title='bbox 191 3998 270 4051; x_wconf 83' lang='lat' dir='ltr'><strong>‹tt&#39;am</strong></span> <span class='ocrx_word' id='word_1_461' title='bbox 295 3996 391 4049; x_wconf 80' lang='lat' dir='ltr'><strong>utilem</strong></span> <span class='ocrx_word' id='word_1_462' title='bbox 417 3996 523 4058; x_wconf 82' lang='lat' dir='ltr'><strong>dicunt,</strong></span> <span class='ocrx_word' id='word_1_463' title='bbox 548 3999 641 4064; x_wconf 81' lang='lat' dir='ltr'><strong>potest</strong></span> <span class='ocrx_word' id='word_1_464' title='bbox 667 3995 752 4048; x_wconf 82' lang='lat' dir='ltr'><strong>utllis</strong></span> <span class='ocrx_word' id='word_1_465' title='bbox 770 4013 840 4051; x_wconf 75' lang='lat' dir='ltr'><strong>,esse</strong></span> <span class='ocrx_word' id='word_1_466' title='bbox 864 3995 999 4049; x_wconf 78' lang='lat' dir='ltr'><strong>insania?</strong></span> <span class='ocrx_word' id='word_1_467' title='bbox 1022 4001 1071 4047; x_wconf 87' lang='lat' dir='ltr'><strong>aut</strong></span> <span class='ocrx_word' id='word_1_468' title='bbox 1096 3998 1247 4048; x_wconf 78' lang='lat' dir='ltr'><strong>naturalem</strong></span> <span class='ocrx_word' id='word_1_469' title='bbox 1275 3991 1345 4045; x_wconf 82' lang='lat' dir='ltr'><strong>lanc</strong></span> 
     </span>
     <span class='ocr_line' id='line_1_51' title="bbox 192 4064 1347 4138; baseline -0.002 -20"><span class='ocrx_word' id='word_1_470' title='bbox 192 4067 339 4136; x_wconf 78' lang='lat' dir='ltr'><strong>quicquam</strong></span> <span class='ocrx_word' id='word_1_471' title='bbox 358 4073 415 4122; x_wconf 84' lang='lat' dir='ltr'><strong>est.</strong></span> <span class='ocrx_word' id='word_1_472' title='bbox 444 4067 531 4119; x_wconf 81' lang='lat' dir='ltr'><strong>etita</strong></span> <span class='ocrx_word' id='word_1_473' title='bbox 549 4067 678 4119; x_wconf 82' lang='lat' dir='ltr'><strong>vatican.</strong></span> <span class='ocrx_word' id='word_1_474' title='bbox 697 4068 773 4119; x_wconf 88' lang='lat' dir='ltr'><strong>unde</strong></span> <span class='ocrx_word' id='word_1_475' title='bbox 792 4069 908 4138; x_wconf 84' lang='lat' dir='ltr'><strong>quidam</strong></span> <span class='ocrx_word' id='word_1_476' title='bbox 927 4067 1022 4119; x_wconf 79' lang='lat' dir='ltr'><strong>rnalit:</strong></span> <span class='ocrx_word' id='word_1_477' title='bbox 1045 4071 1138 4135; x_wconf 81' lang='lat' dir='ltr'><strong>potest</strong></span> <span class='ocrx_word' id='word_1_478' title='bbox 1157 4073 1212 4117; x_wconf 86' lang='lat' dir='ltr'><strong>etc.</strong></span> <span class='ocrx_word' id='word_1_479' title='bbox 1225 4080 1228 4085; x_wconf 80' lang='grc'><strong>’</strong></span> <span class='ocrx_word' id='word_1_480' title='bbox 1240 4064 1347 4134; x_wconf 78' lang='lat' dir='ltr'><strong>[sequi-</strong></span> 
     </span>
     <span class='ocr_line' id='line_1_52' title="bbox 191 4134 1345 4208; baseline -0.005 -17"><span class='ocrx_word' id='word_1_481' title='bbox 191 4145 243 4191; x_wconf 82' lang='lat' dir='ltr'><strong>tu&#39;r</strong></span> <span class='ocrx_word' id='word_1_482' title='bbox 261 4137 373 4190; x_wconf 86' lang='lat' dir='ltr'><strong>schotti</strong></span> <span class='ocrx_word' id='word_1_483' title='bbox 392 4137 578 4208; x_wconf 74' lang='lat' dir='ltr'><strong>coniectura]</strong></span> <span class='ocrx_word' id='word_1_484' title='bbox 598 4138 719 4190; x_wconf 82' lang='lat' dir='ltr'><strong>Palatin.</strong></span> <span class='ocrx_word' id='word_1_485' title='bbox 741 4139 834 4206; x_wconf 85' lang='lat' dir='ltr'><strong>quint.</strong></span> <span class='ocrx_word' id='word_1_486' title='bbox 852 4144 945 4207; x_wconf 83' lang='lat' dir='ltr'><strong>potest</strong></span> <span class='ocrx_word' id='word_1_487' title='bbox 963 4135 1044 4191; x_wconf 82' lang='lat' dir='ltr'><strong>utilis</strong></span> <span class='ocrx_word' id='word_1_488' title='bbox 1068 4151 1129 4189; x_wconf 84' lang='lat' dir='ltr'><strong>esse</strong></span> <span class='ocrx_word' id='word_1_489' title='bbox 1154 4134 1280 4199; x_wconf 79' lang='lat' dir='ltr'><strong>insania,</strong></span> <span class='ocrx_word' id='word_1_490' title='bbox 1303 4147 1345 4185; x_wconf 86' lang='lat' dir='ltr'><strong>on</strong></span> 
     </span>
     <span class='ocr_line' id='line_1_53' title="bbox 191 4207 1344 4278; baseline -0.004 -17"><span class='ocrx_word' id='word_1_491' title='bbox 191 4207 342 4269; x_wconf 82' lang='lat' dir='ltr'><strong>naturalis,</strong></span> <span class='ocrx_word' id='word_1_492' title='bbox 361 4225 398 4262; x_wconf 89' lang='lat' dir='ltr'><strong>an</strong></span> <span class='ocrx_word' id='word_1_493' title='bbox 415 4214 532 4277; x_wconf 82' lang='lat' dir='ltr'><strong>pateat</strong></span> <span class='ocrx_word' id='word_1_494' title='bbox 551 4210 693 4278; x_wconf 81' lang='lat' dir='ltr'><strong>quicquam</strong></span> <span class='ocrx_word' id='word_1_495' title='bbox 711 4225 786 4261; x_wconf 83' lang='lat' dir='ltr'><strong>esse</strong></span> <span class='ocrx_word' id='word_1_496' title='bbox 803 4210 961 4261; x_wconf 81' lang='lat' dir='ltr'><strong>secundam</strong></span> <span class='ocrx_word' id='word_1_497' title='bbox 980 4213 1119 4272; x_wconf 87' lang='lat' dir='ltr'><strong>naturam,</strong></span> <span class='ocrx_word' id='word_1_498' title='bbox 1143 4207 1217 4273; x_wconf 87' lang='lat' dir='ltr'><strong>quod</strong></span> <span class='ocrx_word' id='word_1_499' title='bbox 1237 4208 1269 4271; x_wconf 73' lang='lat' dir='ltr'><strong>fit</strong></span> <span class='ocrx_word' id='word_1_500' title='bbox 1286 4219 1344 4272; x_wconf 85' lang='lat' dir='ltr'><strong>rep.</strong></span> 
     </span>
     <span class='ocr_line' id='line_1_54' title="bbox 191 4268 1346 4354; baseline -0.003 -26"><span class='ocrx_word' id='word_1_501' title='bbox 191 4268 286 4354; x_wconf 76' lang='lat' dir='ltr'><strong>‘Vulgo</strong></span> <span class='ocrx_word' id='word_1_502' title='bbox 303 4285 392 4347; x_wconf 88' lang='lat' dir='ltr'><strong>potest</strong></span> <span class='ocrx_word' id='word_1_503' title='bbox 409 4280 491 4333; x_wconf 82' lang='lat' dir='ltr'><strong>utilia</strong></span> <span class='ocrx_word' id='word_1_504' title='bbox 510 4297 570 4332; x_wconf 83' lang='lat' dir='ltr'><strong>esee</strong></span> <span class='ocrx_word' id='word_1_505' title='bbox 587 4279 722 4333; x_wconf 75' lang='lat' dir='ltr'><strong>insania?</strong></span> <span class='ocrx_word' id='word_1_506' title='bbox 741 4285 790 4331; x_wconf 88' lang='lat' dir='ltr'><strong>aut</strong></span> <span class='ocrx_word' id='word_1_507' title='bbox 808 4280 947 4333; x_wconf 81' lang='lat' dir='ltr'><strong>naturalis</strong></span> <span class='ocrx_word' id='word_1_508' title='bbox 966 4279 1023 4332; x_wconf 82' lang='lat' dir='ltr'><strong>est?</strong></span> <span class='ocrx_word' id='word_1_509' title='bbox 1042 4277 1118 4331; x_wconf 88' lang='lat' dir='ltr'><strong>unde</strong></span> <span class='ocrx_word' id='word_1_510' title='bbox 1138 4277 1259 4330; x_wconf 82' lang='lat' dir='ltr'><strong>ttanutii</strong></span> <span class='ocrx_word' id='word_1_511' title='bbox 1278 4292 1346 4327; x_wconf 91' lang='lat' dir='ltr'><strong>con-</strong></span> 
     </span>
     <span class='ocr_line' id='line_1_55' title="bbox 192 4345 1343 4420; baseline -0.003 -20"><span class='ocrx_word' id='word_1_512' title='bbox 192 4350 305 4402; x_wconf 85' lang='lat' dir='ltr'><strong>iectura</strong></span> <span class='ocrx_word' id='word_1_513' title='bbox 324 4350 441 4420; x_wconf 86' lang='lat' dir='ltr'><strong>irrepsit</strong></span> <span class='ocrx_word' id='word_1_514' title='bbox 459 4352 602 4419; x_wconf 86' lang='lat' dir='ltr'><strong>sequiores</strong></span> <span class='ocrx_word' id='word_1_515' title='bbox 622 4350 773 4403; x_wconf 87' lang='lat' dir='ltr'><strong>editiones:</strong></span> <span class='ocrx_word' id='word_1_516' title='bbox 799 4358 829 4403; x_wconf 91' lang='lat' dir='ltr'><strong>at</strong></span> <span class='ocrx_word' id='word_1_517' title='bbox 848 4349 987 4403; x_wconf 81' lang='lat' dir='ltr'><strong>naturalis</strong></span> <span class='ocrx_word' id='word_1_518' title='bbox 1006 4345 1186 4401; x_wconf 69' lang='lat' dir='ltr'><strong>eu.“t1&#39;ett.</strong></span> <span class='ocrx_word' id='word_1_519' title='bbox 1223 4346 1293 4401; x_wconf 79' lang='lat' dir='ltr'><strong>Dav.</strong></span> <span class='ocrx_word' id='word_1_520' title='bbox 1314 4345 1343 4397; x_wconf 88' lang='lat' dir='ltr'><strong>ia</strong></span> 
     </span>
     <span class='ocr_line' id='line_1_56' title="bbox 193 4415 1369 4498; baseline -0.004 -25"><span class='ocrx_word' id='word_1_521' title='bbox 193 4416 246 4474; x_wconf 83' lang='lat' dir='ltr'><strong>Ed.</strong></span> <span class='ocrx_word' id='word_1_522' title='bbox 266 4423 292 4479; x_wconf 80' lang='grc'><strong>3.</strong></span> <span class='ocrx_word' id='word_1_523' title='bbox 313 4420 406 4477; x_wconf 73' lang='lat' dir='ltr'><strong>dedite</strong></span> <span class='ocrx_word' id='word_1_524' title='bbox 424 4428 460 4475; x_wconf 86' lang='lat' dir='ltr'><strong>at</strong></span> <span class='ocrx_word' id='word_1_525' title='bbox 478 4421 646 4476; x_wconf 76' lang='lat' dir='ltr'><strong>naturalem</strong></span> <span class='ocrx_word' id='word_1_526' title='bbox 665 4436 703 4476; x_wconf 85' lang='lat' dir='ltr'><strong>on</strong></span> <span class='ocrx_word' id='word_1_527' title='bbox 721 4421 872 4492; x_wconf 78' lang='lat' dir='ltr'><strong>quicquam.</strong></span> <span class='ocrx_word' id='word_1_528' title='bbox 886 4426 927 4475; x_wconf 82' lang='lat' dir='ltr'><strong>est</strong></span> <span class='ocrx_word' id='word_1_529' title='bbox 940 4419 1094 4477; x_wconf 67' lang='lat' dir='ltr'><strong>‘secundun</strong></span> <span class='ocrx_word' id='word_1_530' title='bbox 1112 4426 1248 4498; x_wconf 74' lang='lat' dir='ltr'><strong>naturatt·</strong></span> <span class='ocrx_word' id='word_1_531' title='bbox 1285 4415 1344 4473; x_wconf 76' lang='lat' dir='ltr'><strong>Mr.</strong></span> <span class='ocrx_word' id='word_1_532' title='bbox 1364 4418 1369 4429; x_wconf 83' lang='lat'><strong><em>¹</em></strong></span> 
     </span>
    </p>
   </div>
   <div class='ocr_carea' id='block_1_9' title="bbox 0 0 1427 5070">
    <p class='ocr_par' dir='ltr' id='par_1_12' title="bbox 0 0 1427 5070">
     <span class='ocr_line' id='line_1_57' title="bbox 0 0 1427 5070; baseline 0 0"><span class='ocrx_word' id='word_1_533' title='bbox 0 0 1427 5070; x_wconf 95' lang='lat' dir='ltr'><strong> </strong></span> 
     </span>
    </p>
   </div>
  </div>
 </body>
</html>
