2842 5070
371 327 373 333 ,
450 288 454 295 ·
504 271 634 336 LIBER
664 269 722 350 m,
748 272 777 337 6.
989 286 992 295 ’
1179 276 1225 342 ss·

69 447 158 501 ceter
177 439 269 522 qaid,
289 441 357 502 siae
377 436 732 516 metaearscapore:
753 410 825 499 aaa
839 437 925 500 istac
945 436 1065 502 attia
1084 439 1244 510 dolere,

66 629 209 691 coaonae
229 625 283 696 μὲν
305 628 343 692 μὴ
368 629 463 678 νοσεῖν
485 624 536 678 τὸν
557 624 722 695 ἄνθρωπον,
754 627 892 678 νοσοῦντα
919 623 952 676 δὲ
977 626 1016 692 μὴ
1034 622 1154 692 ἀγνοεῖν,
1177 626 1222 681 ὅτι

67 701 153 762 νοσεῖ,
171 705 205 749 ut
222 697 264 748 ait
281 695 455 749 Plutarchus
468 695 549 748 Totn.
570 697 607 749 11.
690 697 778 750 .6{)l.
807 694 840 747 A.
861 694 937 760 Quin
964 704 995 748 et
1017 694 1157 764 Epicurei
1179 697 1223 749 u·-

66 765 319 835 martianista
340 764 443 828 ἀπαθὲς
467 769 646 821 καθεστῶσαν
668 769 786 821 aeonas
812 764 859 835 ὑφ’
877 762 973 836 ἑτέρου
998 766 1082 820 κακοῦ
1100 771 1225 832 μείζονος

69 837 219 907 indagate,
236 838 375 960 adalpertus
392 836 407 905 ἢ
427 837 595 898 δοξοκοπίας
618 836 737 910 ἀκράτου
754 837 772 905 ἢ
791 839 900 904 λύσσης,
920 836 996 908 quod
1012 844 1135 890 testatur
1146 838 1225 891 idem

90 927 105 960 a
128 947 134 959 .
157 911 233 963 1101.
299 947 305 959 .

68 927 89 978 P
107 926 126 984 g
141 978 184 1030 Ad
202 985 296 1030 annot.
316 978 409 1030 Davis.
430 979 486 1043 „In
503 978 557 1031 Ed.
576 977 645 1031 Dar.
660 983 684 1033 1.
703 986 768 1048 post
786 997 813 1031 v.
833 979 864 1045 tit
881 976 1015 1032 credibile
1031 977 1103 1032 haec
1121 979 1225 1054 legun·

70 1056 135 1100 tur:
167 1050 341 1118 „Utcunque
365 1064 434 1102 vero
459 1048 494 1102 de
516 1048 572 1101 hac
600 1066 633 1101 re
651 1049 752 1112 fuerit,
779 1066 882 1122 magna
906 1057 984 1102 certe
1002 1049 1034 1100 in
1052 1051 1161 1103 Latinis
1180 1059 1224 1104 est

68 1118 234 1172 MSStorum
253 1119 454 1188 discrepantia,
473 1136 527 1172 nec
546 1136 645 1172 eorum
662 1120 712 1172 vel
730 1138 811 1185 unus,
831 1119 922 1189 quoad
940 1127 1058 1185 canstat,
1078 1131 1224 1193 receptam

67 1190 223 1242 lectionem
242 1190 286 1257 [ae
304 1189 513 1258 aegrotarem,
532 1191 632 1258 innata
651 1191 701 1243 sed
717 1190 745 1242 οἱ
763 1192 876 1255 frenae,
896 1206 994 1244 sensas
1008 1188 1095 1257 adsit]
1114 1201 1221 1246 tuetur.

67 1263 137 1319 Van.
159 1261 236 1315 1491.
257 1277 307 1314 aec
324 1268 438 1329 aegroto
456 1261 544 1314 etiam
562 1260 622 1314 nisi
640 1260 680 1313 iis
699 1259 746 1328 qai
763 1263 837 1326 ferat
855 1276 952 1314 sensae
970 1261 1048 1314 absi
1053 1267 1072 1312 t.
1098 1264 1221 1317 Froben.

68 1347 119 1386 nec
136 1337 253 1398 aegroto
271 1331 357 1384 etiam
373 1332 432 1386 aiei
449 1330 490 1384 iis
512 1332 559 1400 'qus'
580 1332 657 1396 ferat
684 1347 780 1384 sensas
807 1333 893 1386 adsit.
931 1332 1155 1402 Corruptissime
1173 1338 1224 1388 Pe·

67 1411 156 1456 treus.
181 1401 312 1455 cantabr.
339 1411 371 1455 ut
397 1403 454 1454 Pal.
481 1411 574 1472 quart.
598 1434 627 1444 -
664 1403 710 1454 Ex
731 1402 786 1454 hac
811 1403 951 1456 varietate
976 1403 1087 1455 doctius
1105 1405 1218 1475 aliquid

67 1476 178 1528 subesse
197 1481 275 1525 ratus
293 1473 353 1525 Jac.
373 1474 500 1526 Gronov.
519 1473 674 1548 legendum
692 1473 816 1526 coniecit
833 1488 866 1526 ae
884 1476 1086 1539 aegrotassim;
1110 1475 1224 1546 iaqait3

68 1543 115 1597 εἰη
142 1543 256 1610 fuerim,
285 1560 382 1597 sensas
408 1543 494 1596 adsit.
538 1545 668 1596 Priorem
689 1551 804 1613 partem
829 1544 886 1595 iam
910 1542 1017 1595 dudum
1035 1557 1224 1615 occupaverat

32 1635 36 1642 ·
68 1617 129 1668 Pet.
148 1614 304 1680 Victorius,
324 1616 372 1667 oui
390 1615 498 1685 placet:
518 1631 550 1684 ae
570 1613 771 1682 aegrotassa'm3
790 1615 835 1669 sia
854 1612 924 1685 quid
940 1614 1038 1679 faerit,
1057 1630 1154 1670 sensas
1172 1617 1224 1671 ad·

69 1686 115 1738 sit.
154 1685 209 1738 Sed
226 1693 317 1737 totam
334 1685 408 1737 hanc
428 1685 656 1739 emendationem
675 1685 805 1755 recipere
823 1700 882 1737 non
900 1686 1004 1750 audeo,
1018 1702 1084 1737 cum
1107 1691 1135 1742 σι’
1157 1687 1225 1756 quid

68 1756 158 1821 faerit
174 1755 224 1808 vel
241 1754 389 1820 acciderit,
416 1771 474 1806 non
501 1755 557 1805 nisi
582 1755 616 1807 de
643 1763 738 1807 morte
761 1757 817 1808 κατ’
842 1750 1020 1825 sepimenta
1040 1757 1163 1824 dicatur,
1191 1767 1225 1810 ut
1297 1804 1301 1811 .

70 1825 247 1879 ostendimus
266 1825 301 1876 ad
318 1825 369 1876 lib.
390 1825 412 1876 1.
440 1824 525 1876 Tusc.
545 1825 625 1895 Disp.
650 1841 675 1877 c.
694 1826 738 1879 43.
763 1826 835 1877 Vide
859 1835 888 1877 et
905 1825 960 1878 Th.
980 1828 1171 1881 Munck'erum
1189 1828 1226 1882 ad

70 1896 184 1971 Hygini
202 1896 268 1951 Feb.
290 1895 360 1948 CIX.
398 1895 586 1948 scribendum
604 1892 689 1965 puto:
716 1911 750 1948 ae
768 1898 969 1965 aegrotarum:
1000 1896 1044 1950 sin
1071 1897 1105 1950 id
1127 1901 1224 1966 deerit,

69 1983 168 2021 sensus
192 1968 284 2030 adsit‚·
316 1965 545 2036 quandoquidem
569 1965 648 2019 enim
669 1982 727 2018 vox
752 1965 844 2036 iaqaa't
862 1967 960 2036 paullo
978 1975 1044 2019 ante
1062 1968 1157 2021 fuerat
1174 1985 1226 2041 po-

70 2041 134 2104 sita,
168 2038 246 2089 nihil
269 2038 389 2090 attinuit
415 2054 475 2090 eam
505 2055 601 2089 rursus
628 2036 678 2089 hic
709 2047 851 2106 repetere.
885 2037 992 2112 virgil.
1018 2036 1088 2089 Aen.
1117 2040 1154 2092 11.
1181 2044 1224 2095 7⁷.

71 2110 173 2164 concta
192 2107 319 2179 equidem
334 2107 397 2177 tibi,
417 2123 476 2173 rea,
496 2108 584 2172 fuerit
603 2108 787 2176 qaodcunque,
806 2104 925 2174 fatebor.
963 2108 1020 2161 Ubi
1040 2108 1166 2174 Servius,
1194 2110 1227 2163 e'd

71 2186 122 2246 est,
143 2180 293 2249 quicunque
310 2195 353 2231 me
372 2179 497 2248 sequitur
514 2185 633 2232 eventus.
671 2178 716 2231 Ad
732 2178 811 2231 hunc
828 2178 954 2231 Maronis
976 2179 1074 2231 locum
1097 2181 1226 2250 respexit

70 2251 212 2303 Phaedrus
229 2251 281 2302 lib.
301 2251 353 2303 111.
373 2253 502 2303 Prooem.
521 2267 549 2301 v.
562 2252 606 2304 27.
635 2249 693 2302 Sed
710 2249 770 2302 iam
789 2250 966 2319 quodcunque
983 2249 1082 2316 fuerit,
1100 2258 1131 2304 at
1151 2250 1226 2304 dixit

70 2321 168 2388 Siara,
186 2323 233 2374 Ad
250 2337 345 2389 regem
369 2337 451 2389 quma
468 2320 637 2374 Dardaniae
655 2321 810 2388 perductas
827 2321 931 2387 foret.“
967 2322 1002 2373 In
1019 2322 1072 2373 Ed.
1092 2325 1119 2377 2.
1153 2323 1226 2376 haec

69 2400 213 2463 posuerat:
234 2391 376 2456 „Omnino
396 2392 610 2461 rescripserim:
645 2407 680 2444 ae
698 2390 902 2459 aegrotassims
935 2391 994 2444 ss'n
1019 2408 1167 2460 anquam
1193 2394 1226 2447 s'd

69 2463 166 2528 faerit,
194 2463 307 2517 autsia
331 2461 344 2513 ι’
351 2463 370 2515 d
394 2463 503 2532 quidem
526 2461 625 2528 faerit,
651 2477 750 2514 sensus
772 2461 860 2535 adsit,
882 2495 914 2505 -
953 2462 1060 2528 ditarit,
1084 2466 1225 2531 evenerit,

70 2533 242 2587 acciderit.“
277 2533 337 2586 Mr.
398 2557 399 2561 ¹

141 2604 182 2657 Ne
209 2610 344 2672 aegrotas
365 2601 439 2670 sim]
475 2603 665 2669 „Admodum
695 2603 810 2655 variant
837 2604 925 2656 libri:
964 2605 1069 2679 Regius
1098 2613 1128 2658 et
1153 2623 1227 2673 unus

70 2676 151 2728 Leid.
170 2674 228 2728 Nec
245 2681 446 2743 aegrotassem.
483 2674 527 2741 Si,
553 2673 654 2743 inquit,
689 2675 785 2739 fuerat
808 2689 906 2728 sensas
929 2674 1025 2728 adsit.-
1053 2675 1126 2727 alius
1145 2676 1225 2730 Laid

70 2762 120 2799 aea
136 2753 294 2812 aegrotare,
314 2747 342 2799 si
360 2746 388 2799 is
407 2747 456 2814 qai
473 2746 575 2813 fuerat,
594 2761 693 2800 sensas
711 2744 797 2800 adsit.
821 2747 937 2799 tertius:
964 2762 1013 2798 nec
1031 2749 1158 2814 aegrotis
1175 2753 1226 2813 est,

71 2817 98 2870 si
115 2817 155 2871 iis
173 2816 221 2885 qai
238 2819 341 2883 fuerat.
353 2819 416 2871 Vet.
437 2833 499 2870 mea
510 2817 564 2870 Ed.
585 2833 634 2870 nec
652 2823 826 2885 aegrotasse,
846 2816 945 2885 inquit,
964 2817 992 2870 si
1007 2817 1045 2882 is,
1066 2819 1113 2884 qui
1122 2819 1225 2885 fuerat,

72 2897 126 2941 etc.
171 2889 316 2957 Equidem
342 2888 378 2939 ad
405 2887 530 2962 vestigia
563 2889 700 2942 Codicum
733 2888 922 2940 coniecerim:
961 2888 1003 2940 Ne
1029 2889 1225 2955 aegrotassim.

72 2959 133 3024 Sin,
157 2960 194 3021 is,
223 2957 271 3026 qai
294 2959 396 3023 fuerat,
429 2973 526 3011 sensas
551 2959 633 3012 adsit.
678 2959 794 3012 Constat
823 2959 992 3012 Ciceronem
1021 2975 1228 3028 nonnunquam

70 3028 248 3097 simpliciter
271 3043 378 3097 ponere
401 3027 458 3092 sin,
486 3028 616 3099 consulto
642 3030 754 3081 omissis
776 3029 870 3082 verbis
894 3027 1067 3100 repetendis,
1093 3047 1165 3098 quae
1185 3032 1229 3081 in-

70 3098 161 3151 fausti
178 3097 347 3150 viderentur
366 3096 501 3149 aminis.‘·‘
523 3096 657 3151 Bouhier.
696 3100 797 3164 „Hanc
815 3100 978 3152 ‘lectionem
1005 3098 1055 3164 [ae
1080 3107 1228 3165 aegrotas-

70 3169 135 3235 st'm,
155 3167 262 3237 inqui&
281 3167 327 3220 sia
345 3169 378 3221 e'd
395 3166 492 3234 faerit]
511 3169 656 3222 Victorius
685 3170 870 3220 concinnavit
895 3187 910 3222 e
929 3170 1003 3222 vesti
1025 3169 1061 3219 iis
1078 3169 1157 3222 MSS.
1177 3172 1228 3238 qui

71 3239 204 3309 corrupti
221 3239 251 3290 h.
272 3238 293 3290 l.
313 3238 436 3310 Vulgata
453 3239 552 3304 lectio,
580 3254 613 3292 ae
636 3244 774 3306 aegrotus
791 3238 860 3292 sim:
889 3241 939 3293 sed
956 3239 984 3293 si
1001 3187 1114 3306 iterim,
1146 3241 1229 3294 nullo

71 3311 138 3366 aod.
163 3308 302 3365 nititur.“
328 3308 445 3363 Iallem.

140 3399 182 3453 Ne
200 3389 335 3466 aegrotus
353 3397 423 3465 sima
455 3399 513 3453 sia:
541 3396 578 3463 ie,
603 3397 653 3468 qai
677 3399 773 3464 fuerat
797 3398 864 3465 etc]
902 3399 971 3452 Feci
995 3416 1062 3450 cum
1080 3398 1226 3454 FAWolf.

72 3470 156 3524 Schz.
177 3470 223 3522 Or.
245 3487 417 3540 quamquam
434 3486 492 3522 non
510 3469 596 3541 plane
619 3485 718 3522 eorum
736 3469 823 3522 lectio
850 3469 980 3522 animum
999 3470 1112 3541 explet:
1140 3471 1229 3541 libro-

72 3558 137 3594 rum
155 3541 234 3595 enim
251 3540 341 3593 lectio
359 3540 509 3593 manifesto
529 3548 665 3611 corrupta
683 3549 734 3606 est,
754 3549 783 3594 et
800 3541 905 3593 melius
917 3541 997 3611 quid,
1016 3542 1094 3610 quod
1110 3549 1229 3594 canten-¹

72 3612 138 3666 dere
157 3613 258 3677 ausim,
277 3628 354 3663 nunc
373 3611 491 3681 quidem
508 3628 567 3665 non
585 3613 721 3681 suppetit.
759 3613 806 3664 En
829 3611 974 3664 librorum
997 3621 1162 3664 nostrorum
1180 3630 1229 3665 va·

72 3683 219 3736 rietatem:
239 3682 326 3735 Codd.
345 3682 508 3758 RegsGnd.
530 3686 556 3737 1.
575 3682 672 3734 Duisb.
696 3697 746 3734 aee
771 3689 968 3748 aegrotassent.
1006 3681 1040 3736 si
1058 3681 1150 3750 inquit
1168 3683 1229 3747 fae·

72 3759 129 3807 rat.
149 3753 222 3808 Gud.
242 3755 268 3807 2.
294 3768 343 3806 aec
370 3754 546 3822 egrotassem
571 3752 598 3805 si
623 3752 723 3821 inquid
739 3769 844 3807 seems.
869 3753 943 3828 Aug.
966 3769 1016 3806 aea
1034 3760 1171 3821 aegrotas
1187 3761 1229 3808 est

71 3823 100 3877 si
125 3824 152 3877 is
178 3823 225 3891 qai
248 3824 350 3889 fuerat,
378 3834 407 3878 et
430 3824 472 3877 sic
499 3832 624 3894 quatuor
647 3825 717 3878 Oxx.
743 3827 818 3877 Mon.
848 3828 870 3881 1.
898 3827 924 3878 2.
962 3826 997 3878 ln
1019 3824 1091 3877 Gud.
1118 3833 1229 3880 estnec

71 3901 246 3965 aegrotasse,
270 3897 297 3949 a·
318 3894 346 3948 e's
370 3894 420 3966 qai
442 3895 545 3961 fuerat,
572 3902 601 3948 et
618 3896 667 3947 *sio
694 3895 782 3948 etiam
803 3912 877 3946 unus
902 3895 1023 3948 illorum
1048 3897 1117 3949 Oxx.
1141 3913 1229 3967 supra

71 3966 125 4019 lin.
164 3965 356 4019 1nRehdae
381 3972 571 4032 aegrotassent
597 3964 627 4019 se'
651 3965 680 4018 is
697 3965 745 4032 qai
761 3966 865 4031 fuerat.
903 3968 938 4019 In
959 3965 1043 4017 Vind.
1064 3970 1089 4021 1.
1114 3982 1163 4019 aec
1181 3983 1229 4020 ae·

70 4043 157 4107 grato
175 4036 273 4090 esame
290 4036 347 4091 nisi
364 4035 393 4089 is
411 4036 460 4104 qui
476 4037 579 4101 fuerat.
599 4037 684 4102 Vind.
704 4040 729 4092 2.
754 4038 803 4089 a'ec
821 4044 986 4104 aegrotasse
1004 4035 1032 4088 si
1056 4037 1149 4104 inquit
1166 4039 1228 4102 fue·

70 4109 135 4162 rim.
155 4107 243 4160 Marb.
262 4112 313 4161 aec
331 4113 525 4174 aegrotassent
542 4106 571 4159 si
588 4106 616 4159 is
634 4107 682 4175 qai
698 4108 806 4172 fuerat.
825 4108 909 4160 Bern.
929 4123 980 4159 aec
991 4112 1106 4174 egrotus
1118 4105 1189 4159 sim.
1201 4144 1226 4159 ..

71 4177 196 4250 [aliquot
214 4179 274 4230 litt.
295 4177 402 4244 erasae]
421 4175 513 4244 inquit
531 4178 638 4242 sacrate
657 4178 689 4229 in
707 4196 797 4253 marg.
817 4180 873 4232 ai.
892 4195 930 4229 m.
951 4177 979 4230 εἰ
996 4177 1032 4230 is.
1052 4177 1126 4251 Aug.
1146 4179 1227 4230 Unus

71 4250 122 4303 Ox.
143 4258 173 4303 et
186 4249 272 4302 Vind.
289 4253 313 4304 1.
333 4263 431 4303 sensus
449 4246 558 4312 absit,
577 4255 611 4300 ut
629 4248 708 4301 dedit
726 4250 808 4313 Ern,
827 4250 947 4302 fortasse
965 4265 1118 4318 operarum
1136 4246 1224 4300 vitio:

72 4336 246 4391 quamquam
265 4329 307 4374 est
326 4321 413 4372 etiam
432 4319 464 4370 in
482 4317 536 4370 Ed.
555 4315 589 4369 A.
627 4319 662 4370 ln
679 4319 823 4373 Ed.'Ven.
843 4328 932 4373 nostr.
953 4328 1008 4372 est:
1040 4333 1090 4371 nec
1107 4323 1226 4382 aegrota

72 4391 159 4449 etiam
177 4390 237 4459 aiss'
255 4389 283 4445 is
301 4389 349 4461 qai
367 4391 462 4455 faerat
480 4404 578 4445 seems
595 4387 708 4458 absit,
737 4399 766 4445 et
790 4390 832 4446 sic
854 4389 882 4445 S.
902 4390 932 4444 G.
962 4391 1042 4447 Idem
1068 4387 1173 4441 habent
1191 4385 1224 4438 A.
