2842 5070
475 381 479 384 .
575 318 869 413 wclausuras.
1244 325 1400 402 sort

157 497 546 563 solnmshanc'libidinem
560 497 705 578 landant,
728 499 793 578 (est
810 498 981 577 enimirn,
994 492 1035 559 in
1047 495 1146 559 modo
1159 495 1306 577 definivi,

108 598 113 605 ·
157 581 342 643 ulciscendi
372 581 475 643 libido
485 579 510 658 s)
531 579 590 643 sed
616 583 725 664 ipsum
753 581 839 644 illud
861 599 966 666 genus
992 580 1046 643 vel
1073 578 1224 642 libidinis
1250 583 1307 643 vel

157 663 352 746 cupiditatis
373 662 415 725 ad
435 685 595 727 summam
616 665 796 728 utilitatem
824 683 895 727 esse
916 663 1074 724 dicunta
1101 670 1222 724 natura
1249 661 1306 723 dn·
1365 683 1367 687 ⁴

157 756 253 809 tnm:
276 747 360 808 nihil
379 747 468 813 enim
489 754 696 830 quemqnam,
725 748 792 808 nisi
820 744 907 829 qnod
928 747 1040 823 libeat,
1062 747 1232 827 praeclare
1257 749 1307 807 fa·

157 911 292 966 Tacitum
308 914 329 967 l.
347 916 395 967 lV.
421 915 494 967 Ann.
522 915 547 966 c.
569 917 610 968 71.
631 915 665 968 de
685 912 797 967 eodem:
822 914 932 967 Gnarus
956 901 1056 967 lenturis
1082 911 1115 966 in'
1137 912 1306 981 meditando,

157 984 208 1037 ubi
223 984 411 1053 prorupisset,
440 984 570 1038 tristibus
594 984 682 1041 dictio
705 985 814 1038 atrocia
838 988 913 1051 tacto
939 987 1116 1052 coniungere.
1159 984 1213 1036 Est
1236 1003 1307 1057 vero

157 1055 233 1108 lento
251 1064 363 1121 natura,
383 1072 454 1124 quae
473 1055 607 1108 lentitudo
630 1073 686 1107 uns
702 1072 773 1110 voce
791 1057 907 1108 dicitur.
945 1058 987 1109 lta
1010 1055 1156 1124 appellant
1174 1056 1306 1122 Romani,

159 1144 244 1195 quam
262 1124 411 1195 ἀοργησίαν
430 1127 545 1179 Graeci
583 1126 684 1179 Cicero
708 1129 755 1180 lv,
775 1127 876 1178 Tusco.
898 1130 944 1182 19:
963 1129 989 1180 4.
1021 1127 1121 1180 Virum
1140 1153 1171 1163 —
1191 1132 1304 1193 negant,

157 1200 205 1264 qui
223 1213 256 1234 ὲ
274 1197 395 1250 nesciat.-
413 1210 525 1267 eamque
543 1228 576 1239 -
596 1197 697 1251 vitioso
715 1196 894 1251 lentitudinis
912 1197 1021 1250 nomine
1039 1197 1199 1265 appellant„
1217 1199 1305 1253 Recte

154 1284 257 1337 parens
275 1269 391 1343 linguae
409 1267 515 1321 latinae
534 1267 617 1333 dixit,
629 1269 772 1330 ¹vitiosum
792 1285 895 1321 nomen
914 1286 972 1320 esse
991 1269 1136 1321 lentitudo.
1164 1270 1217 1321 Est
1234 1285 1305 1323 vero

127 1395 130 1399 ,
155 1353 214 1390 non
231 1357 331 1404 unum,
350 1335 399 1392 'sed
418 1339 524 1408 duplex
541 1339 725 1398 lentitudinis
744 1357 840 1414 genus.
870 1341 944 1391 Nam
962 1340 1108 1392 interdum
1127 1339 1161 1392 de
1180 1356 1214 1393 ec
1232 1339 1307 1393 dici·

109 1440 111 1447 ι
155 1415 214 1474 tur,
243 1411 293 1479 qni
312 1427 381 1480 prae
400 1418 516 1478 stupore
541 1410 662 1478 quodam
680 1410 917 1473 irascitnesciat3
946 1418 1044 1478 estque
1063 1408 1139 1462 ¹haec
1164 1410 1324 1465 lentitudo·
1352 1455 1353 1458 ¹

156 1481 325 1548 ἀναισθησία
344 1481 490 1550 quaedam.
527 1479 568 1533 De
586 1479 648 1532 hae
660 1480 762 1532 Cicero
781 1481 869 1533 sentit
886 1489 915 1532 et
934 1481 964 1531 in
982 1490 1063 1549 perte
1081 1481 1148 1532 vitii
1165 1483 1236 1552 poni
1254 1485 1304 1536 ait.

157 1551 308 1603 Interdum
324 1551 479 1617 lentitudo,
507 1552 567 1602 sive
587 1558 689 1603 notura
708 1554 785 1604 lento
813 1568 878 1603 eum
896 1550 1032 1602 affectum
1051 1551 1189 1624 designet,
1219 1571 1306 1622 quem

157 1622 262 1674 Graeci
282 1621 375 1688 nitor,
409 1622 489 1691 quasi
514 1622 705 1675 dormientem
729 1622 803 1672 iram
826 1621 981 1690 appellant.
1019 1622 1060 1672 Ea
1080 1629 1131 1686 est,
1150 1640 1236 1691 quam
1255 1623 1306 1678 Se·
1369 1681 1371 1685 ,

156 1693 227 1744 neca
245 1692 286 1743 ait
303 1708 416 1746 saeuum
432 1708 524 1758 manu,
543 1692 636 1745 uerbis
650 1691 821 1759 parciores,
847 1708 976 1744 necnon
995 1694 1080 1746 cltum
1096 1708 1262 1762 moremque
1280 1699 1324 1747 et¹

158 1762 305 1815 introrsus
332 1780 448 1816 uersum.
486 1765 563 1815 Haec
590 1765 631 1815 ita
655 1763 750 1815 odiosa
772 1771 823 1827 est,
852 1763 976 1832 adeoque
1001 1764 1108 1838 grande
1126 1761 1244 1830 malurn,
1273 1774 1305 1819 ut
1403 1788 1407 1794 ·

157 1834 219 1886 eius
243 1835 455 1902 cotnpsrstione
481 1833 605 1903 simplex
626 1834 679 1897 ira,
708 1842 736 1886 et
762 1850 834 1901 quse
861 1851 890 1887 ss
914 1835 1010 1886 statim
1036 1834 1154 1903 promit,
1187 1836 1306 1905 virtutis

157 1919 268 1956 nomen.
287 1904 422 1958 invadere
446 1921 504 1957 non
527 1905 682 1957 erubescat.
719 1903 789 1956 Inde
815 1904 889 1956 illud
912 1914 954 1956 est
981 1905 1055 1974 apud
1072 1907 1109 1957 Μ.
1128 1904 1261 1973 Tullium
1279 1912 1304 1963 l.

157 1975 192 2027 de
210 1976 299 2048 Legg.
319 1976 450 2028 donorum
468 1976 593 2043 uirorum
609 1990 670 2028 esse
688 1975 839 2027 admodum
854 1974 959 2027 irasci:
981 1983 1010 2027 et
1027 1976 1067 2026 ait
1085 1976 1162 2028 idem
1180 1977 1306 2030 scribens
1403 1978 1405 1983 ’

156 2044 192 2098 sd
209 2045 341 2097 Atticum
358 2048 381 2098 l.
400 2051 447 2101 ll:
467 2046 623 2100 irritabiles
639 2047 746 2098 animos
764 2061 823 2099 esse
841 2046 1008 2113 optimorum
1026 2061 1105 2114 saepe
1123 2043 1262 2100 dominum
1280 2052 1315 2101 et
1400 2108 1402 2113 ¹

157 2116 267 2169 eosdem
284 2117 466 2182 pucatitesf‘
485 2125 540 2170 etc.
562 2116 645 2182 „Etsi
663 2116 780 2185 Nonius¹
791 2116 841 2168 hic
859 2115 1025 2169 lenitudinis
1043 2133 1148 2169 nomen
1165 2119 1304 2191 agnoscit,
1337 2162 1339 2169 ,

156 2186 335 2240 lentitudinis
357 2197 453 2240 tamen
480 2187 664 2240 retinendum
688 2203 749 2239 esse
778 2194 857 2238 recte
881 2186 941 2238 viri
964 2186 1041 2240 docti
1065 2187 1213 2240 censent.“
1239 2190 1302 2243 Frc.

156 2258 267 2310 Febris.
304 2259 379 2312 Nolo
397 2258 554 2311 immorari
571 2258 601 2308 in
627 2273 780 2327 operarum
805 2258 960 2321 erroribus,
991 2259 1043 2328 qui
1062 2259 1152 2312 inesse
1168 2258 1306 2328 videntur

156 2329 188 2379 in
206 2336 315 2380 annott.
335 2329 449 2398 irambb.
471 2319 574 2392 Goth.;
593 2327 669 2380 illud
686 2343 803 2380 moneo:
829 2344 925 2385 errare
944 2326 1090 2382 Davisium
1115 2331 1147 2381 in
1163 2330 1305 2399 proxima,

156 2416 229 2467 quae
249 2399 389 2466 sequitur,
408 2406 502 2450 annot.
523 2399 751 2461 contendentem,
771 2398 899 2451 Nonium
915 2397 1021 2452 habere
1039 2398 1223 2454 lentitudinis.
1251 2401 1306 2453 Est

157 2468 274 2536 quidem
292 2469 334 2521 ita
351 2469 383 2519 in
400 2468 473 2520 Edd.
491 2468 583 2536 Paris.x
600 2468 791 2537 1614.‘(nips.
818 2468 912 2519 Hahn.
941 2467 1032 2532 1826.)
1059 2479 1089 2522 ct
1109 2472 1196 2522 Paris.
1226 2473 1304 2528 1583.

156 2538 190 2589 in
208 2556 264 2608 qua
288 2539 426 2590 scribitur
452 2537 691 2602 lentitudinis)-
728 2537 784 2591 Sed
809 2538 842 2589 in
867 2538 920 2591 Ed.
940 2537 1005 2591 Ald.
1029 2540 1064 2592 sd
1086 2540 1196 2594 calcem
1218 2541 1303 2594 Corn.

156 2606 227 2678 (inp.
247 2610 312 2661 Nic.
332 2610 442 2663 Perotti
460 2609 572 2675 (Venet.
595 2612 670 2664 1513.
681 2608 702 2660 f.
713 2608 764 2673 m.)
782 2625 814 2660 re
825 2605 901 2661 'vera
919 2617 961 2661 est
979 2609 1169 2665 lenitudinis
1184 2629 1213 2681 p.
1225 2615 1305 2678 1276,

156 2682 200 2801 2}-
228 2711 261 2722 -
305 2679 385 2745 Quod
412 2680 522 2753 corrigi
553 2680 668 2733 volebat
698 2679 848 2735 Nissenius
879 2679 1030 2746 uitiosne,
1065 2699 1306 2751 supervacaneum

116 2761 123 2767 “
190 2766 241 2801 ane
266 2757 316 2802 est.
354 2752 415 2806 Mr.
950 2767 952 2771 ·
1075 2792 1076 2797 ¹

128 2821 130 2823 ’
154 2767 175 2820 P
227 2820 360 2890 Eonsqus,
380 2833 462 2890 quom
478 2821 631 2874 lenitatem
650 2820 848 2886 medicinas,
872 2821 974 2876 vitioso
992 2822 1176 2875 lentitudinis
1195 2823 1306 2877 nomine

156 2891 311 2976 oppeltnnt]
348 2892 517 2944 Aristoteles
535 2891 634 2943 Ethic.
653 2893 703 2976 lib·
722 2893 760 2945 11.
780 2909 840 2978 cap.
861 2895 886 2946 7.
917 2894 992 2979 ”dors
1017 2893 1048 2945 di
1070 2897 1116 2946 sol
1132 2894 1197 2976 psol
1220 2890 1307 2963 dorio

155 2962 293 3095 distiti
306 2960 1307 3100 ,ttitit,diffidenditittttsttt?‚stitit

154 3103 389 3153 'OPPIAO'THZ'
408 3105 423 3156 d
437 3103 469 3153 di
480 3100 610 3156 ἐλλείπων
625 3101 892 3167 ἈΟ*ΡΓΗΊῸ’Στις,
912 3100 928 3170 ἡ
941 3101 965 3156 δ’
981 3103 1304 3172 ἔλλειψιςἈΟΡΙῊΣΙἈ,

156 3190 243 3241 qnam
266 3182 363 3226 noster
387 3173 577 3227 lentitudinem
605 3173 709 3239 reddit,
751 3176 828 3226 Haec
851 3183 946 3226 autem
965 3173 1111 3227 Ciceronis
1134 3176 1220 3238 uerba
1237 3192 1306 3245 pro-

156 3245 217 3295 fert
229 3245 339 3296 Nonius
359 3244 390 3294 in
408 3243 581 3308 lentitudine,
601 3261 655 3296 nec
673 3252 817 3314 arecepta
832 3244 958 3296 lectione
976 3244 1108 3310 discedit,
1127 3253 1160 3297 nt
1178 3247 1305 3298 nesciam

157 3314 228 3382 quid
240 3315 300 3366 sibi
318 3315 411 3366 velint
428 3314 591 3378 Beroaldus,
612 3315 778 3368 ,Lambinus
800 3323 830 3366 et
846 3314 1004 3380 Fabricius,
1033 3316 1136 3384 quibus
1155 3316 1307 3369 Gramma·
1397 3379 1401 3386 ι

155 3385 230 3436 tiens
249 3386 301 3436 ille
320 3385 484 3438 lenitudinis
502 3401 608 3437 nomen
631 3386 681 3438 hic
707 3385 823 3438 videtur
840 3401 1002 3458 agnoscere.
1040 3387 1077 3438 D.

227 3454 416 3508 lentitudinis
432 3455 550 3521 nomine]
570 3455 636 3508 cod.
656 3456 752 3507 Dnisb.
771 3456 1060 3524 ingratitudinis
1077 3457 1196 3510 nomine.
1216 3457 1303 3514 Marb.
1386 3461 1390 3472 “

157 3526 341 3579 lentudinis
361 3527 432 3592 (sic)
460 3528 563 3580 omisso
586 3527 703 3591 nomine,
732 3527 808 3595 qnod
829 3527 906 3579 abest
931 3527 1016 3578 etiam
1040 3526 1118 3597 ap'r.
1138 3545 1177 3580 m.
1203 3528 1303 3581 aCod.

158 3596 232 3646 Gud.
253 3601 277 3649 1.
314 3597 376 3649 Duo
396 3600 465 3650 Oxx.
492 3598 597 3650 habent
620 3596 814 3650 lenitudinis.
836 3629 869 3639 -
901 3597 945 3650 cf.
975 3597 1062 3649 etiarn
1090 3597 1250 3651 Gernhard.
1270 3599 1306 3651 ad

158 3666 217 3718 Cic.
238 3666 272 3717 de
285 3665 344 3718 ‘Offi
364 3667 387 3718 1.
407 3670 450 3722 25.
470 3672 513 3723 88.
533 3687 561 3739 p.
583 3669 643 3722 100.
663 3687 704 3736 sq.
724 3667 797 3720 Add.
822 3684 926 3720 novam
944 3667 1106 3720 Forcellini
1131 3668 1185 3720 Ed.
1206 3667 1305 3720 Germ.
1400 3701 1402 3704 -

111 3783 113 3786 ⁴
157 3754 204 3786 vv.
226 3734 399 3788 lenitudo‘et
418 3738 563 3801 lentitudo,
582 3748 611 3792 et
630 3739 663 3792 ad
681 3739 810 3809 priorem
826 3753 927 3791 vocem
946 3737 1182 3790 additamentum.
1199 3739 1310 3814 *Pergit

158 3824 231 3857 unus
251 3807 300 3858 Ox.
320 3821 369 3858 nec
392 3809 497 3864 verto
519 3814 618 3874 solum,
650 3810 723 3862 Gud.
743 3813 768 3864 2.
797 3825 847 3862 nes
871 3809 984 3862 solum
1001 3825 1090 3861 uero.
1112 3811 1186 3862 Mon.
1207 3812 1231 3862 l.
1259 3825 1308 3862 nec

105 3917 108 3922 .
158 3892 225 3928 uero
250 3879 341 3928 solum
364 3873 441 3940 lonc,
470 3880 532 3931 sed
562 3887 594 3932 et
622 3878 785 3934 libidinem-
803 3880 926 3934 loudnnt.
966 3881 1065 3953 Pergit
1091 3898 1164 3932 unus
1189 3879 1240 3933 Ox.
1267 3886 1307 3932 est

158 3952 268 3999 autern
286 3948 341 3999 iro.
378 3945 422 3999 Ad
447 3949 533 4000 rerba
551 3949 608 4001 Sed
630 3949 721 4018 ipsum
748 3950 822 4002 illud
845 3965 933 4018 genus
957 3953 996 4002 cf.
1022 3968 1046 4002 c.
1067 3954 1092 4003 7.
1117 3950 1138 4014 §-
1168 3952 1210 4004 14.
1235 3967 1260 4002 c.
1279 3953 1306 4006 9.
1362 3945 1371 3959 “
1406 4008 1408 4012 Α

158 4018 179 4082 ᾗ.
200 4020 242 4071 21.
268 4019 356 4071 e.··15.
385 4016 406 4080 §-
427 4020 470 4074 at.
508 4017 652 4070 Scribitur
671 4021 746 4073 illud
766 4023 859 4088 ipsum
883 4022 915 4071 in
941 4021 1012 4072 Edd.
1042 4027 1105 4071 ante
1130 4020 1308 4088 Gebh.,xex-

158 4089 248 4158 ceptis
267 4089 300 4138 V.
319 4087 387 4139 Rob.
409 4087 507 4157 Steph.
527 4090 623 4141 llerw.
662 4088 744 4140 Solus
762 4092 836 4141 lilon.
858 4095 882 4143 1.
901 4090 986 4141 habet
1004 4092 1054 4161 sed
1077 4090 1089 4142 i
1096 4091 1108 4141 l
1114 4091 1173 4143 lud
1195 4089 1308 4158 ipsum

158 4175 247 4228 genus
271 4156 496 4224 cupiditatis
519 4159 575 4210 nel
597 4157 790 4224 libidinis,
815 4159 916 4210 omisso
935 4161 1033 4228 priore
1051 4161 1109 4226 oel;
1138 4160 1239 4214 deinde
1258 4175 1308 4212 nc·

158 4227 423 4283 turo‘trnditum.
460 4226 544 4283 Niiil
560 4244 719 4296 essemque,
735 4228 842 4298 ornisso
862 4228 944 4280 enirn.
974 4230 1050 4299 qnod
1073 4231 1151 4283 abest
1169 4231 1256 4283 etiam
1274 4228 1307 4280 ab
1394 4224 1397 4233 “

159 4313 215 4352 uno
233 4302 283 4355 Ox.
303 4299 386 4350 vind.
406 4302 432 4354 2.
453 4297 569 4352 exhibet
588 4297 660 4350 enim
683 4297 864 4364 quempiam.
903 4300 963 4352 Mr·
991 4327 994 4337 ,
1075 4301 1077 4305 ⁴

228 4367 282 4422 Est
301 4372 373 4423 enim
390 4369 437 4422 ira
456 4398 489 4409 -
507 4367 661 4423 ulciscendi
678 4368 783 4433 libido]
819 4369 864 4422 Ad
885 4368 963 4423 hunc
990 4370 1087 4438 locum
1110 4369 1230 4441 respicit
1256 4368 1308 4442 lanf

160 4441 398 4510 ctuntiusdeira
414 4441 469 4507 Dei
488 4458 548 4512 cap.
568 4440 657 4506 xvll,
676 4442 720 4495 tt.
758 4439 793 4495 D·
1058 4460 1060 4463 ·
1278 4473 1281 4480 ·
1302 4476 1306 4481 ,
