2842 5070
208 307 308 378 ants¹
413 305 1164 393 c1onnoN1sruscunnN.msrumr.
1297 312 1304 325 ·

208 471 315 538 tiumi
336 472 495 561 Aguntur
514 475 579 537 ista
599 471 789 557 praeclare3
808 483 845 538 et
864 473 906 535 ab
929 483 1066 537 oratore
1086 474 1220 556 quidem
1235 477 1369 558 melius,

208 557 355 621 simodo
377 569 428 620 est
449 566 576 636 orator,
598 577 695 638 quam
713 557 754 618 ab
769 558 836 618 ullo
857 558 1043 622 histrione:
1066 557 1123 619 sed
1144 568 1297 643 aguntur
1319 558 1386 624 [ο.

208 643 301 702 niter
319 650 353 703 et
366 649 476 703 menta
493 641 681 722 tranquilla.
703 639 895 701 Libidinem
916 659 999 702 vero
1022 639 1168 720 laudare,
1197 647 1295 706 cuius
1317 655 1369 707 est

207 723 373 788 libidinis!
396 720 656 785 Themistoclem
676 721 763 784 mihi
784 731 818 784 et
829 723 1084 786 Demosthenem
1098 726 1285 806 profertisr
1308 727 1369 789 ad-

209 806 289 870 ditis
311 807 547 893 Pythagoram,
576 805 818 881 Democritum,
851 805 1035 867 Platonem.
1086 805 1191 870 Quid?
1215 829 1274 870 vos
1295 803 1367 873 stu-

208 888 265 951 dia
286 887 457 950 libidinem
484 890 636 968 puocatis?
666 907 762 969 quae,
792 888 845 949 vel
877 891 1080 969 optimarum
1107 900 1236 968 rerum,
1265 901 1307 953 ut
1327 912 1370 954 ea·

143 981 150 984 “
207 980 287 1034 sunt
307 991 391 1053 quae
414 973 586 1051 profertis,
619 968 734 1032 sedata
754 978 865 1032 tamen
886 978 920 1033 et
939 971 1119 1052 tranquille
1141 989 1211 1033 esse
1231 969 1366 1040 debent.

207 1054 288 1132 Iam,
311 1052 556 1140 aegritudinem
577 1051 728 1130 laudare,
750 1072 852 1114 unam
872 1071 945 1115 rem
966 1056 1109 1118 maxime
1124 1052 1367 1140 detestabilem,
1394 1129 1396 1132 ¹

153 1294 155 1299 ,
206 1240 264 1294 noo
288 1239 405 1309 quidem
426 1257 501 1297 unns
524 1239 574 1293 ox.
601 1238 689 1292 uara.
715 1238 788 1292 cua
805 1240 834 1295 n.
859 1224 934 1313 Aug.
969 1238 1068 1292 Pauus
1091 1237 1214 1292 inferrus
1241 1240 1364 1297 cuer.

208 1312 295 1364 babet
314 1310 440 1364 simodo
464 1314 507 1364 est
529 1309 668 1363 meliust
700 1309 749 1362 sed
773 1309 872 1362 eadem
890 1320 989 1364 manus
1008 1324 1094 1380 supra
1120 1310 1237 1380 scripsit
1255 1319 1364 1366 erutor.

208 1383 283 1437 eud
303 1385 328 1437 2.
348 1381 465 1433 exhibet
490 1381 518 1434 ai
541 1383 623 1435 modo
640 1396 715 1434 cnm
732 1396 775 1433 or.
812 1381 905 1434 Error
924 1389 1003 1434 ortus
1022 1388 1064 1434 est
1091 1389 1133 1433 ex⁴
1149 1383 1322 1452 compendio
1341 1400 1365 1436 e.

209 1453 286 1523 quod
302 1453 453 1526 legebatur
477 1453 511 1504 ab
534 1453 632 1521 aliquo
654 1452 797 1522 scriptore
823 1451 961 1504 oscitante
980 1468 1003 1504 o.
1040 1452 1140 1526 Pergit
1157 1453 1210 1504 Ed.
1230 1455 1261 1506 P.
1282 1471 1383 1523 quam,

208 1525 245 1578 nt
263 1524 332 1578 illo
350 1522 486 1576 distrione
504 1531 534 1576 et
552 1524 593 1575 sic
611 1531 670 1575 tres
689 1521 798 1577 Oxonn.
835 1524 980 1576 Postrema
997 1537 1053 1575 vox
1076 1523 1215 1575 scribitur
1241 1527 1366 1579 istrione

209 1596 243 1648 in
260 1595 346 1649 codd.
366 1595 442 1647 Gud.
464 1599 488 1649 1.
508 1597 552 1660 23
573 1591 723 1647 histirione
742 1595 774 1645 in
791 1595 868 1647 Mon.
889 1598 914 1648 l.
941 1593 976 1645 ln
993 1593 1090 1645 Duisb.
1112 1602 1156 1646 est
1171 1595 1223 1647 sed
1241 1603 1366 1664 aguntur

208 1672 243 1721 et
261 1667 447 1735 leguntur,
466 1667 498 1717 in
516 1681 574 1718 uno
593 1666 644 1717 01.
663 1666 713 1718 sed
731 1669 857 1734 egenter
875 1665 1041 1731 leguntur
1064 1663 1176 1731 leniter,
1203 1665 1236 1718 in
1255 1666 1364 1721 duobus

207 1732 270 1790 se'd:
290 1743 417 1803 aguntur
434 1735 575 1792 leoster.
597 1736 671 1802 Quid
688 1735 743 1788 sibi
760 1735 834 1788 velit
852 1736 936 1788 Verb.
956 1734 1054 1789 dicens
1073 1750 1132 1789 esse
1150 1737 1186 1789 iu
1202 1736 1271 1790 Cod.
1292 1737 1363 1812 Reg.

208 1813 240 1861 et
262 1813 352 1862 mente
374 1807 558 1877 tranquilla„
577 1807 608 1859 in
632 1806 697 1859 aliis
720 1807 814 1860 deesse
838 1813 876 1874 et,
901 1806 1005 1860 neseio.
1052 1807 1128 1860 Nam
1148 1813 1178 1864 et
1203 1805 1313 1862 babent
1329 1809 1365 1864 ad

208 1896 300 1931 unum
319 1895 427 1945 omnes,
447 1895 517 1948 quos
536 1878 652 2001 paidom
671 1879 860 1930 noverimus.
882 1879 943 1941 Mr.
1135 1922 1138 1929 .
1195 1930 1198 1935 ,

117 2000 118 2006 ,
271 1949 439 2006 ¹Libidinem
455 1967 521 2004 oero
551 1948 669 2015 endere]
705 1950 825 2019 Respice
844 1964 869 2002 c.
891 1951 934 2013 19,
952 1948 1059 2004 44.ι-
1089 1947 1175 2002 Oodd
1196 1946 1269 2004 Gud.
1291 1955 1316 2006 1.
1336 1951 1362 2004 2'

208 2021 380 2076 lubidinem.
405 2023 505 2105 Pergit
522 2023 597 2073 lllon.
617 2027 643 2076 1.
663 2023 694 2072 et
711 2020 838 2086 hedure.
863 2019 946 2073 vind
965 2021 992 2076 i.
1011 2018 1122 2073 omittit
1138 2026 1189 2075 eet.
1210 2021 1283 2076 Gud.
1300 2025 1362 2079 tt

208 2092 316 2146 iterum
332 2091 492 2147 lubidines.
527 2094 595 2145 Non
613 2090 732 2148 differre
750 2090 898 2145 libidinem
915 2108 931 2142 a
947 2090 1080 2156 lubidine,
1104 2091 1161 2145 nist
1186 2092 1262 2160 quod
1288 2091 1364 2146 haee

207 2165 248 2216 sit
264 2165 427 2234 priscorum
445 2165 548 2228 forino,
567 2170 668 2216 monet
684 2162 844 2215 Priscianus
863 2161 887 2214 1.
906 2163 968 2227 553,
993 2169 1023 2215 et
1040 2161 1114 2232 apud
1132 2161 1258 2225 Qmieos
1275 2154 1364 2230 prae-⁴

208 2232 915 2359 tinniit?tetendiet..stitit
936 2231 1143 2359 3331.an
1156 2231 1363 2373 didi}

134 2422 137 2430 .
207 2379 279 2431 teos
296 2375 415 2445 prodiit,
444 2374 643 2427 eGnisfordio
661 2381 771 2440 curata,
794 2374 877 2445 prior
902 2375 996 2427 forme
1012 2373 1165 2444 utrubique
1189 2374 1283 2444 posita
1308 2382 1362 2428 est.
1412 2438 1416 2442 ι

206 2446 307 2521 Pergit
329 2455 402 2497 unus
427 2445 477 2499 ox.
501 2443 685 2498 et‘Tltems'st.
711 2445 786 2506 Gud.
805 2448 842 2500 d.
857 2460 925 2496 eum
942 2445 1029 2499 llarb.
1058 2445 1169 2510 omittit
1184 2442 1269 2510 midi,
1299 2445 1364 2498 eius

206 2516 270 2569 loeo
288 2516 378 2570 Rebd.
396 2516 484 2569 habet
500 2516 550 2582 e'be',
565 2516 621 2586 ¹qui
637 2531 723 2568 error
738 2516 825 2569 facile
843 2515 917 2569 oriri
934 2517 1030 2586 potuit
1052 2533 1089 2569 ex
1115 2516 1272 2586 scriptione
1294 2513 1363 2568 Tne-

206 2585 413 2642 mieloele'miln'.
449 2584 558 2639 Vocem
584 2584 656 2639 milti
680 2595 746 2656 post
763 2584 971 2640 Demosthenem
994 2586 1102 2641 habent
1125 2587 1214 2640 codd.
1238 2588 1315 2641 Mon.
1334 2589 1360 2647 2

75 2733 81 2749 .
134 2675 136 2678 ’
206 2660 295 2714 Marb.
323 2659 395 2723 Edd.
415 2660 444 2710 P.
464 2658 501 2709 Μ.
521 2659 553 2715 L.
574 2657 638 2709 Ald.
657 2657 737 2710 Boul.
767 2658 880 2710 Lambb.
896 2656 986 2712 Goth.
1024 2657 1179 2711 Omittitur
1221 2673 1364 2711 ronomen

195 2721 239 2782 'in
255 2728 327 2782 Edd.
346 2729 380 2783 A.
398 2730 430 2782 Β.
450 2727 478 2782 S.
497 2729 531 2781 Ε.
550 2729 622 2781 Ven.
641 2735 731 2790 nostr.
750 2729 831 2784 dunt.
850 2728 914 2780 Aac.
936 2733 959 2783 1.
979 2733 1005 2785 2·
1032 2728 1152 2798 Reliqui
1172 2728 1198 2781 li
1235 2728 1246 2780 i
1269 2729 1364 2781 nobis·

128 2806 130 2812 ’
206 2796 274 2852 curn
298 2801 418 2853 iaciunt.
455 2799 490 2851 ln
517 2802 644 2861 hloml.
673 2797 784 2874 legitur
808 2800 957 2868 preterita,
989 2801 1021 2852 in
1051 2799 1126 2852 Gud.
1152 2804 1177 2855 1.
1205 2817 1224 2851 a
1252 2817 1298 2870 pr.
1322 2816 1362 2858 m.

204 2870 309 2938 pferre’,
336 2888 422 2940 supra
442 2869 495 2920 lin.
519 2868 675 2940 posteriori
699 2887 717 2923 r
740 2888 756 2923 a
778 2873 812 2927 2.
829 2870 903 2923 ml
929 2871 1070 2941 scriptum
1093 2878 1145 2923 est.
1171 2869 1361 2924 Cod..Duisb.

40 3017 50 3026 ,
120 2962 127 2972 ‘
205 2941 292 2993 hebet
306 2940 379 3010 quid
396 2956 445 2993 ooo
470 2941 566 2994 studia
589 2941 634 2993 nd
653 2939 799 2994 libidinem
823 2945 942 2996 coeane-
975 2959 1010 2996 ex
1033 2941 1215 2997 correctione
1239 2941 1362 2996 minime

208 3012 377 3066 necessarie.
396 3011 485 3065 Rehd.
506 3012 581 3068 Gud.
602 3016 627 3067 1.
648 3020 677 3065 et
694 3013 721 3066 2.
741 3012 879 3067 libidine.
916 3004 977 3066 Mr.

150 3168 151 3171 Ἴ
276 3116 348 3174 qaae
365 3103 411 3155 vel
429 3100 598 3170 optimarum
614 3099 730 3166 rernm]
766 3099 913 3168 „Quidam
930 3097 996 3154 addi
1013 3102 1117 3154 volunt
1141 3099 1263 3154 verbum
1287 3109 1362 3168 sunt,

204 3167 261 3227 boc
278 3173 378 3226 medor
398 3188 469 3243 paee
486 3172 531 3227 nel
548 3171 717 3242 optimarum
732 3188 828 3225 rernm
846 3189 884 3226 sn
891 3179 940 3240 nt,
965 3179 997 3226 ut
1024 3187 1058 3225 en
1073 3179 1139 3227 eunt
1159 3170 1237 3225 etc.“
1263 3169 1361 3229 Lemd.

205 3252 267 3300 cur.
296 3262 351 3299 sec.
386 3243 436 3298 Sic
460 3245 547 3297 etiam
572 3245 604 3295 in
627 3261 691 3296 mar
713 3282 720 3295 .
750 3243 837 3296 Goth.
855 3244 968 3296 dicitur
992 3242 1192 3296 alioshabere
1213 3272 1245 3285 -
1266 3259 1363 3297 rernm

203 3322 293 3370 ennt.
329 3316 452 3383 Quinam
468 3333 539 3369 vero
557 3315 617 3367 sint
633 3315 667 3366 hi
685 3261 746 3379 aiii,
763 3331 822 3367 non
840 3315 963 3383 reperio.
991 3315 1093 3367 Nostri
1111 3300 1189 3368 enim
1209 3321 1243 3366 et
1257 3315 1363 3384 scripti

133 3440 139 3446 ,
200 3393 236 3440 et
255 3385 326 3440 editi
344 3403 442 3440 omnes
457 3387 493 3438 'in
510 3385 631 3461 vulgate
646 3386 772 3438 lectione
791 3386 965 3455 conspirant.
993 3385 1043 3438 ‘Et
1061 3387 1181 3438 merito:
1207 3383 1365 3438 dummodo

205 3456 363 3531 distinguas
388 3469 457 3509 eum
474 3456 565 3509 Nobb.
591 3465 623 3508 et
645 3456 719 3509 Tbn.
744 3464 809 3526 post
826 3471 892 3527 qnae
911 3465 940 3523 et
956 3471 1061 3524 reram,
1088 3464 1122 3508 ut
1145 3454 1361 3529 intelligamus:

205 3528 320 3581 etiamsi
336 3523 503 3596 optimarum
521 3526 580 3581 sint
598 3544 693 3581 rernm
711 3528 816 3581 stedia.
853 3525 952 3602 Pergit
970 3528 1056 3579 llarb.
1076 3533 1109 3579 et
1127 3540 1161 3580 ee
1185 3534 1258 3592 sunt,
1286 3543 1382 3590 unus,

205 3597 256 3653 Ox.
285 3599 341 3653 oet
362 3612 395 3652 ea
418 3606 498 3655 eunte
526 3599 577 3670 qui
599 3615 724 3663 errores,
750 3599 808 3649 nisi
831 3599 908 3651 forte
936 3597 1123 3650 similitudini
1152 3596 1308 3649 literarum
1334 3607 1363 3651 et
1414 3619 1417 3630 ⁴

204 3671 440 3741 compendiorum
460 3671 609 3733 debentur,
637 3676 704 3722 sunt
721 3677 923 3722 correctorum
945 3668 1141 3733 antecedentia
1165 3684 1225 3721 non
1249 3668 1364 3722 iutelli-

203 3743 345 3816 gentium.
383 3744 449 3793 Post
472 3741 612 3810 profertis
639 3740 671 3790 in
694 3739 781 3791 Marb.
808 3744 986 3810 repetuntur
1004 3740 1091 3794 verba
1114 3737 1303 3808 pythagoram
1329 3760 1367 3778 ...

207 3812 443 3880 qteneproferns,
464 3826 563 3863 errore
583 3810 704 3861 minime
724 3809 915 3877 infrequenti,
935 3827 992 3880 quo
1012 3812 1111 3864 eodem
1121 3810 1210 3862 verbo
1221 3811 1362 3865 redeunte

203 3880 239 3932 ad
261 3882 344 3950 prius
368 3881 538 3942 relabuntur
561 3879 750 3932 librariorum
778 3881 864 3932 oculi.
907 3881 1065 3948 Similiter,
1094 3881 1146 3934 sed
1175 3881 1233 3933 alio
1263 3889 1362 3936 tarmen

202 3951 296 4017 inodo,
322 3952 416 4021 lapsus
435 3960 477 4003 est
501 3951 626 4019 scriptor
646 3949 714 4002 Cod.
734 3950 807 4006 Gud.
835 3952 886 4022 qui
908 3961 974 4022 post
996 3970 1116 4023 sequens
1139 3953 1197 4004 iam
1218 3952 1308 4005 habet
1331 3953 1362 4006 ul

202 4021 342 4076 commode
362 4020 446 4087 dixit,
466 4039 538 4091 quae
556 4021 661 4073 duabus
680 4021 767 4074 lineis
791 4022 951 4076 interiectis
969 4039 1020 4076 suo
1043 4025 1166 4077 redeunt
1189 4023 1265 4076 loco.
1291 4024 1361 4078 Cod.

201 4092 292 4147 Rehd.
314 4093 424 4145 omittit
442 4093 528 4147 verba
546 4107 605 4145 esse
624 4093 732 4145 debent.
769 4093 830 4148 Mr.
1178 4154 1180 4158 ¹
1371 4128 1375 4137 .
1413 4107 1415 4114 ·

273 4162 336 4215 lam
361 4164 571 4231 aegritudinem
596 4163 726 4227 lundors,
750 4180 835 4217 ernam
856 4176 917 4217 'rem
938 4166 1060 4218 monime
1086 4165 1195 4232 detest]
1239 4166 1363 4236 Respice

90 4244 93 4246 ’
203 4231 238 4287 ad
254 4251 282 4289 e.
302 4236 347 4298 20,
373 4235 417 4291 45.
454 4235 499 4300 Ad
525 4243 699 4288 structuram
722 4251 803 4289 unam
823 4266 855 4278 -
876 4236 1079 4289 inanimevid.
1105 4255 1178 4307 quae
1206 4239 1309 4289 monui
1329 4238 1363 4291 ad

201 4304 240 4360 11.
260 4308 303 4364 26·
324 4306 367 4361 64.
404 4306 484 4360 Unus
502 4307 558 4360 Ox.
572 4305 658 4359 habet
675 4323 738 4360 nnn.
757 4306 824 4360 (lod.
845 4306 934 4360 Rehd.
955 4324 1070 4376 qnorum
1088 4314 1140 4360 est
1157 4309 1272 4361 tandem
1291 4314 1361 4362 eat:

202 4375 251 4429 'sed
268 4377 351 4448 prius
370 4385 411 4431 est
429 4427 431 4432 ,
449 4378 544 4431 unctis
561 4384 700 4431 notatum.
738 4375 887 4432 scribitur
905 4378 993 4432 etiam
1012 4394 1128 4447 quoram
1146 4380 1288 4450 tandem
1308 4385 1363 4444 eat

122 4475 123 4479 κ
202 4437 234 4500 in
252 4449 326 4502 Mon.
347 4445 373 4505 b.
445 4464 470 4502 r.
