2842 5070
233 382 240 391 ί
348 296 351 301 ·
429 326 432 331 -
521 280 880 368 uniente*
1185 287 1228 354 oa

74 454 106 517 si
126 453 170 519 iis
185 453 357 542 angustiis,
380 453 500 538 quibus
518 453 667 536 plerique
685 445 814 534 putant,
837 450 1021 529 teneretur,
1047 471 1224 535 numquam

75 546 163 599 esset
182 538 222 601 L.
244 538 374 599 Pisonis
395 540 578 621 cognomen
598 543 692 597 tanto
714 553 817 615 opere
839 532 1019 596 laudatum.
1062 534 1128 597 Sed
1149 537 1225 615 quia
1244 538 1286 588 1⁷·

74 636 137 680 ¹¹0⁰
158 621 228 700 qui,
251 626 392 700 propter
412 625 548 696 metum,
569 615 774 699 praesidium
788 616 935 759 relipuit,
958 616 1046 698 qnod
1067 625 1117 678 est
1136 605 1308 709 ignast'gffl*

75 703 169 774 vioe,·
190 718 252 771 nec
322 703 342 778 ',
364 708 503 783 propter
523 701 712 778 avaritiam,
740 699 824 759 clam
870 701 1033 780 epositum
1061 719 1129 762 non
1150 697 1227 760 red·
1271 698 1277 713 '

76 780 174 860 didit,
201 802 265 863 quo
318 790 367 845 est
395 783 596 857 iniustitiam
624 800 685 844 nec
723 781 792 862 qui,
821 789 962 862 propter
992 782 1227 860 temeritatem,

75 863 164 926 male
184 883 257 925 rem
270 866 382 950 gessit,
404 862 494 945 quod
508 872 558 926 est
571 863 748 940 stultitiae,
769 862 867 945 frugi
879 863 1042 945 appellari
1062 864 1164 936 solet3
1187 880 1228 924 eo

76 953 148 1007 tres
167 946 322 1025 virtutes,
344 945 589 1024 fortitudinem,
611 945 786 1025 iustitiam,
807 944 1034 1027 prudentiam,
1055 944 1228 1032 frugalitas

73 1147 300 1201 suntnihil
325 1149 361 1202 ad
387 1167 454 1202 eum
478 1164 608 1203 errorem
631 1148 886 1202 commendandum
909 1148 1027 1202 addidit.
1064 1149 1145 1202 Unus
1175 1147 1226 1201 Ox.

74 1217 161 1272 babet
178 1225 329 1273 connectat.
367 1221 427 1274 Mr.

146 1294 173 1341 et
196 1290 224 1343 ss'
246 1289 287 1342 iis
314 1291 460 1356 angustiis
476 1299 511 1334 '-
531 1290 685 1358 teneretur]
730 1286 911 1359 „Angsnts'is
933 1289 1069 1363 intellige
1102 1293 1226 1357 angusto

73 1357 315 1428 significatione.“
341 1359 461 1429 Leodeg.
490 1377 508 1414 a
532 1362 582 1417 Qu.
608 1360 713 1427 „Dicit
737 1361 794 1414 hoc
822 1360 930 1413 iccirco
947 1363 1070 1425 Marcus,
1089 1359 1226 1428 quoniam

74 1429 136 1483 laus
154 1448 170 1483 a
188 1432 356 1506 frugalitate
374 1430 459 1484 ducta
482 1432 598 1485 sordere
617 1431 675 1484 iam
701 1439 834 1501 coeperat
858 1431 992 1484 Romanis
1017 1430 1135 1484 civibus.
1172 1429 1226 1482 Fe·

75 1502 176 1553 rebant
193 1503 271 1554 enim
289 1519 319 1554 se
336 1518 419 1572 pares
436 1502 562 1576 regibus,
582 1502 616 1554 de
635 1500 736 1570 quibus
763 1501 824 1570 ipse
843 1501 945 1553 Oicero
963 1501 1075 1552 dixerat
1093 1499 1152 1563 (Or.
1171 1515 1225 1569 pro

74 1570 201 1624 Deiotar.
221 1589 245 1624 c.
265 1573 304 1636 9.)
340 1573 432 1640 Frugi
449 1569 586 1626 bominem
604 1570 663 1625 dici
680 1588 735 1626 non
754 1571 871 1624 maltum
888 1568 968 1624 babet
985 1570 1081 1623 merdis
1098 1569 1130 1622 s'n
1147 1585 1228 1637 rege.

73 1640 156 1706 Quod
172 1642 225 1695 ille
243 1641 391 1695 fastidium
416 1644 512 1694 statim
530 1642 682 1713 improbat.
719 1642 758 1694 At
776 1641 846 1694 alibi
864 1641 910 1707 (ad
926 1642 988 1693 Att.
1008 1641 1072 1693 vll.
1093 1640 1132 1704 t.)
1158 1639 1226 1692 satis

73 1711 229 1786 significat,
256 1712 289 1764 -id
312 1713 450 1787 elogium,
478 1713 510 1762 in
532 1729 589 1781 quo
614 1721 728 1765 veteres
750 1720 864 1763 tantum
888 1711 1023 1765 videbant
1048 1711 1224 1763 honorificae

74 1781 341 1847 commendationis,
360 1797 419 1834 non
437 1781 502 1834 aliis
519 1783 610 1834 tribui
628 1783 747 1834 solitum
765 1799 833 1846 esse,
852 1799 938 1848 quam
957 1781 1047 1834 serris
1069 1789 1119 1833 aut
1136 1780 1224 1833 liber·

73 1851 121 1903 tis.
160 1853 232 1904 Nam
255 1851 427 1922 Dionysium
451 1853 592 1920 quendam
617 1859 768 1921 postquam
791 1851 949 1921 appellavit
974 1851 1055 1917 {rugi
1078 1848 1223 1917 bominem,

73 1921 234 1998 subiungit,
252 1937 295 1987 oc,
314 1938 348 1974 ne
365 1922 526 1975 libertinam
545 1921 661 1976 laudare
678 1920 786 1986 videar,
812 1921 897 1988 plane
913 1919 1006 1973 cirum
1023 1921 1131 1973 bonam.
1168 1922 1224 1975 Ubi

73 1993 188 2046 modica
206 1993 387 2046 correctione
405 1992 533 2046 adbibita
550 1993 706 2067 legendum
723 1991 852 2044 videtur:
878 2006 913 2045 rec
930 1997 965 2043 at
982 1989 1144 2044 libertinum
1168 2001 1222 2044 etc.

73 2063 148 2116 Erat
165 2063 243 2117 enim
261 2063 285 2114 is
303 2063 389 2117 homo
406 2080 439 2116 re
456 2081 526 2116 vera
544 2062 637 2116 Attici
655 2062 784 2114 libertus.
822 2062 906 2115 Redit
924 2062 956 2113 in
974 2061 1145 2114 memoriam
1171 2061 1224 2114 hac

72 2135 220 2188 occasione
238 2134 368 2216 lepidum
385 2134 573 2210 Epigramma
590 2133 731 2186 Martialis
748 2133 811 2185 xli.
832 2135 876 2188 30.
920 2188 922 2193 ,

238 2203 347 2270 Sacrum
366 2204 478 2258 sobrius
495 2210 538 2258 est
557 2203 646 2273 Aper.
683 2202 757 2259 Quis
771 2203 814 2256 cd
829 2203 895 2256 me?

238 2273 357 2328 Seruum
374 2274 419 2328 sic
436 2291 490 2343 ego
507 2275 601 2340 laudo,
619 2289 672 2327 non
690 2276 816 2328 amicum.

74 2343 163 2410 Quam
179 2361 251 2398 vero
269 2346 304 2398 ob
322 2362 434 2398 causam
451 2345 526 2398 lauti
544 2342 674 2397 homines
692 2353 778 2414 atque
794 2344 930 2398 honorati
947 2345 1062 2399 laudem
1071 2346 1223 2400 admittere
1309 2381 1310 2385 =
1374 2348 1377 2357 ’

74 2415 158 2467 illam
177 2414 324 2480 desierint,
343 2415 374 2469 S.
392 2415 570 2489 Augustinus
588 2415 683 2485 aperit
700 2415 750 2466 lib.
771 2415 804 2467 de
822 2417 908 2468 Beata
919 2418 985 2468 Vita
1003 2421 1085 2472 miii.
1105 2416 1226 2485 Propter

71 2486 219 2554 uulgarem
236 2484 353 2539 dicendi
369 2486 601 2551 consuetudinem,
625 2500 678 2553 oro
695 2484 855 2553 frugalitas
872 2485 956 2568 quasi
970 2487 1147 2554 parsimonia
1166 2486 1227 2540 dics'

74 2554 180 2609 «0Μέ(
197 2553 330 2611 Bosds‘er.
367 2559 422 2610 Pro
440 2556 480 2610 ἰὼ
496 2557 584 2609 multi
602 2553 657 2621 bis,
675 2564 709 2608 ut
727 2573 852 2626 semper:
873 2571 900 2609 es
917 2558 991 2608 udus
1009 2557 1082 2610 Gud.
1102 2561 1129 2614 2.
1157 2558 1178 2609 i.
1199 2575 1223 2611 e.
1282 2608 1284 2614 ,

73 2627 109 2679 Is.
129 2627 203 2680 Gud
224 2628 334 2680 omittit
350 2627 388 2680 si.
408 2629 489 2683 Unus
508 2629 558 2682 Ox.
577 2620 662 2680 habet
680 2626 975 2683 tenentur-sarahe.
996 2643 1076 2698 mam
1085 2643 1139 2698 pro
1158 2644 1226 2680 aaa·

75 2711 165 2764 quam
201 2698 394 2751 Eamvocem
417 2700 503 2769 plane
526 2699 636 2750 omittit
659 2697 726 2750 Ood.
754 2697 828 2750 Gud.
848 2696 874 2752 2.
891 2697 960 2750 ¹Ood.
988 2697 1085 2750 Duisb.
1114 2697 1226 2751 omittit

73 2765 107 2818 L.
132 2785 199 2820 cum
212 2768 288 2833 Edd.
309 2771 345 2821 Μ.
364 2768 430 2821 Ald.
458 2769 518 2823 eius
535 2769 600 2821 loco
617 2784 691 2820 unus
710 2768 761 2821 Ox'.
779 2767 867 2820 babet
883 2768 947 2821 col.-
972 2769 1023 2837 qui
1050 2783 1132 2820 error
1158 2767 1225 2821 inde

73 2845 153 2890 ortus
172 2839 308 2908 estquod
326 2839 414 2892 litera
431 2840 444 2890 1
460 2839 664 2908 compendium
681 2854 763 2908 saepe
783 2847 845 2892 erat
862 2839 940 2893 vocis
958 2838 1009 2891 vel.
1041 2839 1122 2891 Idem
1139 2838 1225 2891 omit·

73 2908 112 2960 tit
129 2905 253 2961 Pisonis.
290 2909 333 2961 De
351 2906 384 2961 L.
405 2909 562 2976 calpurnio
579 2909 691 2975 Paene,
721 2907 771 2962 cni
795 2924 954 2983 cognomen
973 2918 1035 2962 erat
1052 2907 1163 2978 Frugi,
1174 2909 1225 2978 qui

72 2978 132 3029 fuit
150 2979 256 3030 Consul
274 2996 297 3030 a.
317 2996 345 3029 n.
366 2995 391 3030 c.
411 2982 472 3035 620.
499 2979 558 3031 vid.
585 2979 735 3049 inprimis
757 2979 855 3032 locum
874 2980 933 3033 Cic.
959 2980 1005 3032 Or.
1030 2996 1084 3050 pro
1102 2978 1225 3032 Fonteio

73 3064 99 3100 c.
122 3048 165 3102 ts.
184 3046 206 3110 §-
226 3050 270 3104 29.
290 3047 357 3100 cod.
376 3048 450 3124 Aug.
469 3048 555 3101 babet
572 3046 773 3116 cognomine,
790 3052 866 3102 Mon.
886 3054 911 3103 l.
932 3065 1036 3102 nomen.
1074 3051 1134 3103 Mr.

145 3140 332 3203 tantopere
360 3133 512 3200 maetam]
548 3135 666 3200 „Audio
690 3138 722 3188 in
744 3139 807 3189 Vat.
836 3153 894 3190 esse
918 3142 996 3199 tanto
1020 3152 1121 3203 opere,
1148 3135 1226 3204 quod

73 3219 131 3257 non
150 3205 248 3257 debuit
265 3205 347 3258 sileri
364 3206 413 3258 vel
431 3206 592 3276 contemni:
621 3214 651 3259 et
668 3207 709 3258 sic
727 3222 788 3276 cap.
807 3223 866 3276 seq.
885 3223 987 3274 magno
1004 3208 1088 3274 opere
1111 3204 1223 3258 laetari

72 3277 136 3329 Nec
153 3276 242 3328 aliter
258 3293 283 3328 c.
302 3279 329 3332 6.
357 3274 389 3328 in
413 3274 664 3346 interpretatione·
679 3276 827 3329 Crantoris
851 3293 954 3346 magno
973 3292 1055 3343 opere
1076 3273 1225 3333 landoar‘

73 3346 193 3400 Gronau
212 3345 332 3417 Recepit
350 3363 414 3399 eam
430 3346 619 3419 scriptionem
635 3346 704 3399 Dav.
724 3346 786 3399 sine
804 3346 888 3400 dubio
907 3365 943 3400 ex
960 3346 1027 3400 cod.
1046 3347 1086 3399 Re
1109 3384 1115 3398 .
1136 3363 1225 3414 quam

73 3434 160 3486 quam
177 3417 209 3468 in
226 3426 325 3470 nostra
343 3416 498 3470 collatione
515 3417 594 3489 nihil
611 3425 741 3470 notatum
765 3417 895 3487 reperio:
921 3425 951 3471 et
973 3416 1059 3470 babet
1103 3416 1151 3469 ud.
1189 3417 1224 3468 ln

74 3488 148 3541 Gud.
174 3489 200 3543 2.
229 3496 272 3540 est
294 3487 352 3542 Sed
374 3503 432 3553 nec,
456 3487 558 3542 omisso
586 3487 666 3556 qaia:
704 3487 782 3540 idem
806 3505 873 3540 cum
899 3488 1005 3542 duobus
1024 3488 1093 3541 Oxsc
1113 3487 1223 3543 omittit

73 3565 183 3612 metam.
210 3558 245 3610 ln
261 3558 351 3611 liehd.
372 3557 502 3627 estquis
519 3574 625 3626 neque
642 3557 698 3626 qui.
735 3558 788 3610 Est
806 3557 1079 3629 quidem‘rels'npur't
1097 3557 1129 3609 in
1139 3557 1223 3626 quin·

73 3637 131 3698 que
149 3631 257 3683 Oxonn.
276 3631 351 3681 Mon.
369 3633 394 3683 l.
404 3631 429 3684 2.
450 3628 524 3683 Gud.
547 3634 570 3685 l·
590 3629 664 3703 Aug.
684 3627 768 3680 Vind.
786 3633 814 3682 ι1.
833 3628 905 3681 Edd.
924 3630 995 3681 Ven.
1014 3636 1103 3680 nostr.
1122 3627 1187 3679 Asc.
1196 3632 1220 3683 1.

73 3701 100 3755 2.
119 3699 200 3752 Junt.
220 3701 248 3751 P.
269 3697 302 3750 Α.
321 3699 353 3751 Β.
373 3698 402 3752 S.
421 3699 456 3751 E.
477 3700 507 3752 0.
545 3698 601 3752 Sed
619 3715 677 3752 non
694 3698 850 3751 admittunt
866 3715 1002 3768 praesens
1020 3717 1061 3763 ea,
1089 3715 1161 3768 quae
1180 3715 1223 3752 se·

72 3777 211 3839 quuntur,
229 3769 359 3838 perfecta
376 3770 407 3821 in
425 3769 524 3822 eadem
542 3769 679 3822 orationis
696 3776 850 3821 structura.
878 3769 944 3822 Sola
961 3769 1014 3823 Ed.
1034 3772 1115 3822 Junt.
1135 3769 1221 3823 omit·

67 3839 112 3892 -tit
138 3846 181 3892 eet
204 3847 270 3892 ante
293 3838 436 3906 ignaviae.
472 3840 565 3905 Verba
590 3856 648 3902 nec,
674 3837 723 3908 qai
748 3844 866 3906 propter
891 3839 1045 3894 omrits'om
1070 3840 1172 3892 de'sunt
1190 3840 1223 3893 in

72 3909 140 3963 eod.
160 3909 233 3962 Gud.
253 3911 279 3964 2.
316 3911 395 3966 Quod
411 3925 465 3980 pro
484 3909 535 3980 qttt'
552 3911 584 3962 in
601 3910 647 3962 bis
664 3908 760 3962 verbis
776 3909 861 3962 babet
878 3928 951 3963 unus
965 3911 1016 3963 Ox.
1036 3912 1101 3963 Mox
1109 3910 1184 3964 Gau
1195 3915 1220 3966 1.

71 3979 213 4049 depositi.
250 3979 324 4031 Gud.
348 3982 375 4034 2.
404 3981 516 4033 omittit
546 3996 602 4034 aon
630 3979 781 4036 reddidit·
808 3980 921 4033 Habent
948 3980 1042 4034 reddit
1068 3997 1141 4033 unus
1169 3981 1221 4033 Ox.

72 4049 157 4103 Vind.
196 4081 209 4100 .-
230 4049 305 4122 Aug.
331 4049 459 4119 Sequens
484 4054 526 4104 est
548 4050 625 4104 abest
650 4068 667 4102 a
684 4047 750 4102 Ood.
779 4048 853 4102 Gud.
872 4053 907 4115 2;
922 4053 1006 4117 ‘quod
1022 4054 1064 4104 est
1081 4067 1097 4102 a
1115 4050 1222 4103 duobus

73 4120 144 4175 Oxx.
177 4053 212 4173 in
238 4118 322 4172 Vind.
347 4118 371 4175 1.
404 4119 541 4172 scribitur
572 4137 631 4174 rem
662 4120 743 4176 mole.
780 4122 846 4172 Post
870 4119 1032 4174 iniustitiae
1055 4120 1087 4170 in
1109 4120 1221 4184 iisdem,

72 4207 145 4262 quos
169 4190 252 4243 modo
275 4189 433 4256 nominavi,
461 4190 531 4242 Oxx.
551 4190 653 4244 desunt
671 4191 767 4242 omnia
784 4205 874 4258 usque
900 4191 935 4243 ad
960 4189 1110 4246 stultitiae.
1147 4189 1222 4242 Ante

72 4261 148 4315 hanc
165 4277 268 4314 vocem
285 4261 372 4314 Marb.
391 4259 501 4312 omittit
519 4267 569 4314 eat.
606 4263 673 4313 Mox
688 4277 762 4312 unus
780 4261 830 4313 Ox.
850 4261 960 4332 appella
969 4278 1006 4313 re
1028 4261 1140 4314 solent.
1168 4261 1222 4311 Pro

72 4348 106 4386 eo
123 4331 196 4385 Edd.
215 4331 252 4384 A.
267 4332 298 4383 B.
317 4330 347 4384 S.
366 4331 401 4384 F..
421 4331 452 4384 O.
472 4331 552 4384 Junt.
571 4332 643 4387 Ven.
662 4340 749 4384 nostr.
768 4329 832 4384 Asc.
856 4334 879 4388 l.
898 4333 925 4389 2.
945 4346 1005 4396 eas,
1023 4345 1096 4385 unus
1114 4330 1164 4382 On.
1184 4332 1221 4379 et.

72 4404 109 4457 In
127 4401 359 4456 <truncabitur
372 4400 550 4470 prudentiam
567 4399 715 4456 tensam.
754 4401 812 4456 Mr.
973 4436 975 4440 .
