2842 5070
410 283 413 289 ’
494 277 644 344 num
664 278 731 362 m.
758 279 789 346 e.
1174 280 1222 348 u-

66 447 266 531 Fregolt'toe,
287 425 327 509 nt
346 445 479 528 opinor,
501 463 521 506 a
541 444 651 526 fruge,
672 464 735 528 qna
755 444 843 506 nihil
862 444 978 508 melius
992 446 1132 522 eterra3
1155 436 1210 509 'tte-
1231 460 1274 514 ιθ.

117 534 172 594 ‘tiu
192 530 234 593 ab
256 549 297 593 eo
318 527 395 603 (etsi
415 530 483 589 erit
502 528 566 589 hoe
592 530 732 589 fortasse
753 525 889 589 durium
916 525 975 589 sed
994 535 1211 610 temptemus:

81 615 184 677 usiaoe
204 621 373 694 putemur,
404 611 435 671 si
456 609 539 677 nihil
559 609 617 687 sit)
646 608 687 671 ab
709 628 749 672 eo
772 607 860 690 quod
879 611 1085 692 nequicquam
1105 613 1213 673 estin

66 807 165 853 umen
184 797 297 868 aliquid
313 805 433 862 mutare,
451 795 507 848 hoo
529 796 701 866 praesertim
721 795 796 863 loeo,
824 811 881 866 quo
907 795 985 850 inter
1006 794 1216 867 repetitionem

37 874 41 887 ¹
68 870 155 929 istam
172 870 245 922 aliae
263 868 350 922 etiam
368 875 433 918 sunt
450 867 612 932 varietates,
634 875 677 934 ut,
705 867 729 918 si
756 864 827 936 quid
854 868 991 942 corrigas,
1013 866 1043 920 lo
1085 867 1129 918 ius
1156 867 1216 920 for-

68 948 142 992 tasse
160 957 175 992 a
193 939 338 994 Ciceronis
355 937 511 1007 scriptione
528 937 661 991 discedas.
691 936 771 992 Gonf.
792 942 898 1002 mmon,
924 953 995 1008 quos
1011 937 1061 989 lan
1096 936 1216 990 tBene·

44 1014 47 1027 “
67 1009 152 1062 okius
170 1010 204 1073 ad
221 1010 280 1063 cio.
300 1008 385 1063 catil.
405 1009 443 1060 11.
465 1010 506 1064 Π.
526 1010 570 1062 27.
589 1026 618 1079 p.
640 1009 699 1063 174.
737 1007 810 1059 Mihi
829 1007 945 1077 quidem
963 1008 994 1059 in
1012 1007 1110 1062 ieiuna
1125 1007 1216 1061 haece

69 1081 260 1150 explicatione
278 1078 471 1152 etymologica
490 1077 519 1130 id
537 1078 589 1129 vix
607 1077 759 1131 ferendum
776 1077 901 1144 videtur,
920 1079 996 1148 quod
1013 1078 1170 1143 laudarem,
1189 1076 1216 1130 si

69 1150 101 1202 in
126 1150 268 1204 sententia
291 1149 490 1202 huiuscemodi
513 1149 675 1223 legeretur:
707 1147 787 1201 Nune
805 1164 870 1203 oero
888 1149 928 1201 ao
947 1165 984 1202 eo
1009 1147 1112 1212 (dicam
1129 1146 1214 1214 enim,

68 1222 143 1290 quod
159 1220 261 1274 centio:
280 1219 335 1274 etei
352 1219 408 1272 erit
425 1216 475 1272 boe
491 1221 616 1286 fortaeee
634 1219 745 1281 dariae)
770 1219 812 1271 ab
829 1235 866 1272 eo
893 1225 921 1272 tu
945 1217 1054 1273 homine
1078 1220 1216 1274 auxilium

65 1298 152 1359 petae,
171 1308 258 1374 quem,
278 1291 327 1359 qut
344 1292 428 1357 novit,
448 1289 614 1343 coutemnit?
649 1288 871 1343 Unius'Godlois
891 1290 940 1344 Ox.
958 1291 1084 1360 scriptor
1106 1290 1137 1343 id
1154 1306 1217 1341 sen·
1296 1335 1299 1339 .

68 1362 136 1414 sisse
153 1360 284 1426 videtum
310 1359 427 1414 exhibet
446 1360 525 1413 enim
542 1367 605 1430 poet
623 1358 823 1432 parenthesin:
843 1360 878 1413 ab
897 1376 937 1427 eo,
964 1360 1117 1428 iuquam,
1142 1359 1216 1429 quod

69 1440 124 1485 etc.
162 1432 223 1484 Me.

139 1501 197 1555 etei
223 1502 278 1556 erit
302 1498 353 1554 loc
375 1494 497 1567 {artatae
519 1501 633 1568 durius]
669 1503 751 1555 Unus
777 1501 827 1554 Ox.
857 1501 968 1553 omittit
992 1502 1056 1555 erit.
1081 1500 1135 1553 Ed.
1155 1499 1214 1553 Alt.

68 1572 154 1627 habet
172 1579 198 1626 et
215 1588 269 1642 pro
287 1573 348 1625 etei.
385 1573 421 1624 In
437 1572 511 1647 Aug.
531 1580 598 1624 ante
615 1571 668 1625 etti
693 1572 862 1624 inseruntur
885 1571 956 1624 haec
981 1587 1016 1623 ex
1038 1587 1116 1640 seqq.
1145 1570 1219 1640 quod

69 1643 247 1711 nequicquam
269 1647 319 1694 eet.
346 1641 431 1694 Vind.
454 1647 477 1696 1.
505 1642 592 1695 habet
620 1648 647 1694 et
677 1639 728 1694 ltoc
751 1640 807 1695 erit
832 1642 965 1705 fortasse.
1003 1643 1121 1695 Praeter
1143 1640 1216 1694 Edd.

70 1713 161 1767 Gebh.
180 1713 249 1764 Dav.
270 1711 317 1763 Or.
337 1713 469 1780 reliquae
486 1712 592 1775 habent
610 1709 662 1764 loc
678 1711 735 1764 erit
752 1728 805 1782 pro
824 1714 877 1766 erit
894 1709 951 1766 boe.
991 1713 1051 1767 Mr.

42 1823 47 1829 .
140 1783 190 1837 ced
206 1788 350 1846 tentemus,
370 1788 395 1833 et
414 1781 515 1834 latiore
531 1780 679 1850 patmum]
716 1782 843 1847 „Omnes
861 1784 924 1834 fere
942 1783 1035 1836 nostri
1048 1783 1119 1836 libri
1136 1792 1218 1838 vete·

70 1853 117 1906 res
139 1853 244 1916 habent
268 1867 321 1920 pro
348 1851 398 1904 ced
422 1855 555 1906 tentemus
572 1859 627 1903 etc.
655 1851 706 1903 ted
728 1851 861 1904 temerius
888 1850 990 1904 iuniore
1004 1861 1139 1921 putemur.
1176 1853 1219 1907 Ae

68 1923 172 1978 e'ueitee
190 1922 307 1993 quidem
334 1938 388 1992 pro
412 1921 516 1976 lueioee
540 1921 682 1992 scriptum
700 1938 758 1974 non
776 1937 822 1974 me
840 1930 950 1974 movet.
977 1931 1019 1975 est
1037 1924 1116 1975 enim
1133 1925 1220 1976 usita-

69 2003 134 2046 tum
152 1992 287 2046 mendum
304 1991 318 2043 ἰ
333 2007 386 2061 pro
406 1994 427 2058 I,
456 2002 486 2045 et
504 2001 603 2046 contra
627 1991 740 2063 lproe'
762 1991 796 2044 ab
823 1992 884 2044 illis
902 1991 1045 2062 scriptum
1068 1994 1141 2045 esse:
1170 1993 1219 2047 sed

70 2063 142 2133 quid
160 2062 213 2114 sibi
229 2062 304 2121 velit
321 2061 377 2115 hoc
395 2061 529 2117 temerino
554 2079 675 2132 quaero:
700 2080 716 2115 a
734 2078 791 2132 qno
808 2063 960 2139 uulgatum
977 2069 1117 2131 tentemus,
1143 2063 1220 2133 quod

68 2134 186 2186 videtur
212 2133 506 2202 incorruptum,tam
530 2135 617 2221 longe
639 2133 721 2190 absit.
759 2132 841 2199 Quid,
871 2135 894 2185 si
913 2133 1037 2186 dieamus
1065 2134 1107 2186 sie
1126 2149 1186 2187 esse
1203 2151 1220 2186 a

70 2202 209 2258 Cicerone
228 2204 380 2273 scriptum:
409 2205 460 2256 ced
478 2203 759 2260 tenerent-'tuatim
775 2210 902 2272 putemur
921 2203 975 2256 -i
1010 2202 1152 2258 Tenerius
1171 2222 1220 2258 au·

69 2284 139 2339 tem,
168 2273 198 2325 id
225 2282 276 2338 est,
304 2273 465 2339 delicatius,
493 2274 620 2339 mollius,
648 2274 779 2340 iocosius,
799 2275 951 2345 puerilius,
978 2273 1221 2348 τρυφερώτερον.“

68 2343 227 2399 Lambinus.
264 2343 437 2408 ‚,Teniemue
456 2351 482 2397 et
500 2344 600 2415 luricae
617 2350 746 2413 putemur
762 2345 919 2412 Victorius,
938 2348 1044 2400 Manut
1064 2345 1125 2404 alii.
1163 2345 1220 2402 seo

69 2420 210 2469 teneamus
227 2419 253 2467 et
272 2413 375 2467 luricae
389 2420 525 2483 putemur,
544 2416 604 2468 alii.
641 2414 698 2469 Sed
715 2416 848 2468 temerius
870 2415 973 2471 imiter
993 2423 1124 2484 pectamur
1143 2417 1221 2488 Gry·

68 2487 135 2557 phii
153 2485 242 2538 liber:
275 2501 311 2538 ex
335 2500 390 2552 quo
415 2501 473 2538 non
497 2503 583 2561 aegre
602 2485 671 2539 elici
688 2502 824 2559 germana
849 2486 937 2539 lectio
955 2492 1068 2557 potest:¹
1100 2488 1151 2541 aed
1166 2495 1220 2543 te·

69 2572 162 2610 mere
180 2555 281 2610 lusisse
297 2561 432 2623 putemur.
470 2556 542 2610 Gum
566 2558 644 2610 enim
661 2555 827 2610 adverbium
846 2556 979 2610 temerius
1004 2557 1090 2609 latini
1114 2573 1222 2611 sermo-

70 2627 116 2681 nis
133 2626 306 2680 consuetudo
324 2642 383 2678 non
400 2625 542 2693 admittat,
560 2629 625 2682 veri
643 2627 736 2695 simile
755 2634 806 2692 est,
825 2626 872 2681 ius
889 2627 944 2698 per
959 2625 1098 2681 incuriam
1119 2644 1222 2701 perpe·

71 2716 133 2751 ram
156 2699 324 2768 repetitum,
358 2696 418 2750 sive
442 2699 486 2751 lue
510 2699 621 2768 potitis,
650 2698 740 2751 errati
772 2699 949 2751 occasionem
975 2697 1114 2754 scribenti
1138 2715 1222 2768 prae·

69 2767 170 2820 buisse.
202 2767 332 2820 Yerbum
350 2767 430 2818 enim
447 2768 544 2821 iubere
569 2768 620 2821 hio
647 2769 745 2821 locum
763 2783 822 2820 non
843 2767 961 2821 habet.“
982 2769 1099 2821 Brutus.
1137 2766 1222 2832 „Sed

69 2845 242 2891 teneamus
260 2843 286 2890 et
304 2836 406 2890 Incisae
423 2844 556 2905 putemur.
577 2839 673 2892 Lamb.
692 2838 744 2890 aed
762 2842 897 2891 tentemus
923 2845 951 2891 et
968 2841 1022 2892 lua.
1048 2838 1155 2891 'Monet
1179 2847 1222 2891 ta·

48 2924 50 2928 ·
69 2925 138 2960 men
162 2907 194 2959 in
219 2907 364 2959 veteribus
387 2908 516 2959 omnibus
539 2909 623 2961 libris
640 2910 670 2961 le
693 2907 775 2960 ised
797 2910 930 2963 temerino
947 2908 1000 2962 lue.
1018 2915 1076 2977 pot.
1105 2927 1140 2962 ex
1164 2924 1221 2979 quo

69 2985 205 3032 tentamus
222 2977 510 3046 factum'suspicatur
528 2927 709 3044 [ubinam‘iglt
737 2995 773 3031 an
796 2979 919 3033 temerino
935 2995 1007 3033 vero
1022 2980 1097 3032 'fieri
1124 2979 1221 3050 potius

71 3047 214 3110 debuerit,
232 3044 388 3098 videndum
404 3047 578 3116 relinquit.“
612 3049 742 3118 Sylburg·

143 3117 193 3171 aed
210 3116 341 3168 temerius
359 3115 462 3168 lusisse
475 3116 627 3184 putemur]
662 3120 770 3184 „Hane
788 3119 961 3188 scripturam
988 3120 1144 3190 reperi-in
1162 3120 1220 3173 Pal.

70 3188 182 3260 quinto.
201 3185 285 3238 Fabr.
306 3193 335 3237 et
352 3186 410 3237 Pal.
430 3193 497 3241 tert.
516 3197 551 3239 ut
569 3189 656 3240 etiam
672 3187 743 3239 libri
751 3189 847 3240 hamb.
867 3188 999 3242 temerino
1014 3191 1126 3244 ἐποίσει.
1146 3189 1223 3243 Hine

68 3268 167 3312 tamen
190 3254 287 3309 hamb.
311 3255 432 3308 tenerior
445 3255 577 3314 ‘lusisset
608 3257 690 3325 quaet·
716 3257 850 3310 temerius
871 3274 929 3312 non
947 3260 1072 3312 latinum
1094 3259 1132 3312 sit
1150 3277 1167 3312 a
1184 3267 1224 3312 te-
1321 3313 1323 3318 ,

70 3344 153 3382 mere.
191 3327 357 3401 Vaticanus:
377 3327 427 3380 ced
444 3334 604 3396 temptemus
628 3327 728 3382 luricae
748 3334 866 3396 putatos.
902 3331 996 3415 Vulgo
1020 3331 1071 3384 eed
1088 3336 1224 3385 tentemur

70 3406 97 3453 et
118 3397 221 3453 luricae
242 3397 397 3464 putemur.“
421 3397 557 3452 Gebhard.
599 3398 716 3465 „Qum
742 3400 814 3452 bene
845 3416 880 3452 ex
909 3402 1047 3454 Vaticano
1073 3402 1221 3472 provenit:

70 3470 121 3523 aed
138 3474 286 3537 tentemur:
318 3467 420 3522 lueieoc
435 3474 543 3537 putato,
563 3469 591 3522 εἰ
607 3469 650 3523 nil
667 3468 737 3522 eit.“
764 3470 882 3524 Gronov.
920 3470 1068 3526 Similiter
1093 3473 1162 3525 Dav.
1191 3474 1223 3524 in

70 3540 124 3592 Ed.
143 3541 169 3594 2.
191 3557 227 3592 ex
244 3539 374 3613 vestigiis
393 3540 504 3593 codicis
522 3543 584 3592 Vat.
605 3541 744 3593 coniecit:
764 3542 816 3602 aed
832 3548 983 3610 tentemue3
1009 3543 1112 3597 lecim
1133 3551 1224 3610 pute

72 3625 148 3674 noe,
165 3608 196 3662 οἱ
212 3608 257 3662 nil
274 3610 321 3663 eit.
340 3609 429 3662 Bouh.
449 3612 547 3664 refert
560 3611 684 3687 Regium
703 3626 770 3663 cum
788 3610 895 3664 duobus
913 3613 1010 3666 Leidd.
1030 3613 1150 3665 habere:
1171 3613 1224 3666 ced

71 3683 217 3734 tentemur:
236 3679 422 3733 etoicieee
437 3687 576 3749 putemur,
602 3681 631 3734 σι’
647 3680 691 3734 m'l
708 3679 757 3733 ait.
795 3681 859 3734 lse
882 3683 961 3746 vult:
991 3683 1042 3736 aed
1069 3688 1222 3736 tentemuea

72 3757 99 3804 et
117 3751 219 3805 tuum
233 3757 371 3817 putemur,
390 3753 419 3805 ea·
436 3749 508 3806 nitu
524 3753 571 3817 eit,
589 3754 623 3804 nt
639 3751 746 3804 habent
762 3699 834 3804 Eoi.
854 3760 920 3805 ante
940 3753 1040 3819 Grut,
1069 3753 1128 3805 nisi
1146 3753 1224 3824 quod
1259 3811 1265 3816 ,

72 3821 104 3873 in
121 3821 268 3893 plerisque
287 3829 329 3873 est
347 3821 397 3876 ull.
435 3821 501 3874 Sola
519 3821 610 3893 sylb,
628 3831 662 3874 ut
680 3821 815 3888 vidimus,
838 3821 922 3876 babet
940 3830 1088 3878 teneamus.
1124 3825 1186 3881 Mr.
1262 3848 1270 3863 =

141 3891 199 3946 Sed
215 3900 400 3961 temptemus:
425 3891 526 3946 luttere
544 3891 690 3962 paternae]
725 3893 751 3943 V
787 3900 821 3945 'o
847 3894 939 3958 male,
966 3894 1098 3948 imerius
1124 3894 1224 3965 lmieee

69 3968 211 4030 patenum:
230 3978 284 4014 neo
301 3962 406 4014 melius
425 3971 476 4027 est,
502 3964 577 4031 qnod
596 3981 633 4017 ex
658 3963 695 4014 iis
712 3964 782 4016 hain
800 3963 864 4015 inus
889 3964 1010 4031 extudit,
1036 3963 1158 4018 leoterius
1182 3966 1223 4016 lu·

70 4033 150 4088 sisae.
187 4035 322 4085 Erasmus
341 4039 370 4084 et
388 4031 538 4084 Victorius
553 4034 677 4097 edidere,
695 4035 745 4087 eed
763 4040 905 4100 tentemus,
924 4043 954 4088 et
971 4037 1069 4090 lusisse
1084 4041 1222 4102 putemur.

70 4104 147 4157 Bene
167 4102 299 4174 quidem3
319 4101 443 4154 simodo
462 4111 626 4156 ceterorum
643 4103 782 4157 (lodicum
808 4104 897 4157 ductu
918 4106 1063 4174 particula
1089 4106 1225 4176 copulans

72 4174 211 4227 deleatur.
248 4174 323 4226 Nam
340 4170 486 4225 Pithoean.
506 4188 539 4226 ae
556 4174 670 4226 Balliol.
690 4174 768 4240 dant,
786 4174 836 4228 ced
852 4180 1020 4244 temptemus,
1038 4174 1156 4230 iustiore
1171 4191 1224 4244 pe-

73 4251 172 4298 tentur.
198 4245 268 4317 Reg.
287 4242 387 4297 imioee
403 4248 539 4311 putemur.
577 4244 612 4296 D.
797 4298 800 4302 ,

142 4314 199 4368 Sed
222 4319 356 4368 tentemur
380 4311 490 4378 (tuaieee
506 4320 645 4380 putato,
672 4313 699 4367 oi
716 4318 758 4370 nil
773 4315 825 4382 eit)
852 4319 885 4370 ab
912 4317 955 4384 eo]
992 4319 1064 4383 „lta
1088 4334 1103 4369 e
1130 4315 1223 4367 vatic.

72 4384 142 4440 coo.
160 4386 221 4439 Jao.
241 4385 367 4440 Gronov.
387 4383 505 4458 Vulgeti
524 4391 578 4437 eto.
615 4382 675 4437 Alii
693 4402 746 4457 pro
764 4387 813 4440 aed
830 4393 964 4442 tentemus
981 4396 1036 4442 ete.
1055 4385 1162 4440 habent
1175 4383 1225 4436 aed
