2842 5070
213 324 276 390 tlt
411 317 643 386 CICERONIS
663 317 912 388 TUSCULAN.
932 319 1167 385 DISPIJTA'I'.

128 459 129 462 Ἴ
205 447 248 549 ct
261 481 569 550 contractiunculae
589 479 747 564 quaedam
761 480 865 544 animi
877 463 1116 564 relinquentur.
1150 477 1370 546 Hancdicant
1413 555 1417 560 ¹

213 587 291 629 sane
304 566 501 639 naturalem,
514 563 593 626 dnm
605 563 824 650 aegritudinis
842 582 962 625 nornen
976 564 1072 640 absit,
1080 581 1198 650 graue,
1209 572 1369 642 taetrum,

212 652 398 722 lunestnm3
421 643 512 728 qnod
532 654 608 707 cum
628 647 790 726 supientia
812 665 894 723 mse,
916 655 1030 727 atque,
1048 656 1088 707 nt
1108 646 1155 706 ita
1167 645 1287 723 dicam,
1308 647 1369 710 ha·

209 731 322 793 bitarc
343 730 438 791 nullo
458 726 558 790 modo
580 729 694 808 possit.
749 728 859 810 Atque
884 729 1007 809 stirpes
1026 734 1115 789 sunt
1144 726 1369 814 aegritudinis

213 915 270 971 Sed
281 932 338 969 non
350 922 393 968 est
402 914 466 967 itaa
524 913 640 966 tandum
650 921 704 966 etc.
720 910 992 978 „Accedallentleii
1004 911 1171 974 sententiae,
1182 929 1240 966 non
1250 921 1319 978 tam,
1330 917 1368 967 rie

213 988 325 1040 soloece
335 987 472 1055 loquatur
504 986 601 1038 icerot·
614 984 703 1055 possit
723 985 802 1035 enim
818 981 890 1036 lanc
901 999 968 1035 cum
977 982 1090 1053 Wopk.
1106 985 1141 1037 ad
1159 983 1368 1052 aegritudinem

209 1058 330 1111 referri.
351 1057 406 1110 Sed
424 1056 525 1110 Cicero
543 1072 598 1125 per
614 1063 709 1107 totum
726 1054 805 1105 hunc
823 1055 930 1106 librum
943 1061 1107 1106 constanter
1124 1064 1211 1130 negat
1228 1055 1368 1108 afflictio-

213 1146 280 1182 nem
300 1144 412 1180 sensum
432 1144 489 1179 esse
508 1127 677 1179 naturalem.
711 1126 814 1194 Neque
834 1125 879 1189 iis,
899 1141 972 1194 quae
990 1133 1161 1194 sequuntur,
1179 1125 1235 1178 hoc
1250 1129 1367 1179 'tantum

213 1199 368 1275 significat,
386 1196 463 1250 velle
482 1213 511 1250 se
529 1213 635 1250 nomen
653 1195 700 1248 vel
718 1195 889 1246 vocabulum
914 1193 1084 1247 afflictionis
1108 1195 1259 1249 sublatum.
1297 1197 1367 1265 ,Hoc

188 1280 189 1284 ’
212 1270 291 1323 vult:
312 1284 371 1321 non
389 1285 470 1339 posse
490 1266 606 1336 quidem
625 1282 682 1318 non
700 1267 808 1318 sentire
826 1265 982 1330 hominem,
1007 1265 1083 1335 quod
1105 1278 1218 1319 sensum
1236 1267 1368 1342 graviter

213 1339 322 1405 afficit,
342 1338 390 1391 sed
408 1336 610 1402 afflictionem,
636 1353 708 1406 quae
726 1337 844 1407 proprie
868 1336 987 1402 dicitur,
1015 1336 1110 1391 abesse
1129 1337 1253 1412 ‹leber-eg
1284 1338 1367 1391 Cete-

212 1407 279 1464 'rum
297 1407 416 1464 Romani
435 1409 612 1462 Graecorum
637 1406 769 1476 exernplo
793 1422 889 1460 nomen
910 1423 1116 1478 nonnunquam
1142 1409 1286 1478 ponebant
1312 1425 1367 1479 pro

213 1488 247 1534 re
266 1481 339 1552 ipsa:
364 1498 393 1534 v.
422 1478 494 1533 Stat.
513 1478 605 1531 Theb.
632 1479 681 1530 Vl.
703 1481 744 1532 16.
766 1485 795 1530 et
822 1480 882 1533 372.
908 1477 1027 1532 Arnold.
1051 1480 1083 1531 in
1101 1480 1199 1532 caton.
1228 1479 1294 1532 Dir.
1320 1482 1365 1535 ao.

212 1551 343 1617 Perizon.
364 1549 395 1601 in
410 1549 520 1604 Aelian.
541 1551 573 1600 V.
586 1549 622 1600 ll.
636 1549 715 1600 Xlll.
725 1548 768 1602 28.
779 1548 934 1608 Burmann.
946 1549 977 1600 in
989 1551 1102 1602 Petron.
1123 1552 1217 1605 ο.123“.
1231 1550 1366 1620 Sophocl.

211 1618 319 1675 Trach.
340 1616 416 1676 1082.
437 1623 526 1686 ὄνομα
545 1619 652 1688 μητρὸς
664 1635 717 1689 pro
735 1617 831 1690 μήτηρ.
869 1619 961 1672 Habet
980 1620 1071 1672 etiam·
1085 1621 1146 1692 ipse
1159 1621 1219 1674 cio.
1239 1620 1274 1674 ad
1285 1622 1365 1691 Fam.

213 1692 237 1746 1.
257 1696 282 1749 9.
302 1708 399 1744 nomeu
415 1690 544 1759 piatatis,
561 1690 637 1760 quod
660 1688 743 1740 nihil
755 1690 833 1742 aliud
858 1706 915 1742 esse
934 1690 1051 1743 videtur
1074 1709 1161 1759 quam
1183 1692 1284 1762 pietas.
1320 1692 1367 1744 Ita

215 1761 284 1838 lego
302 1765 350 1816 lV.
369 1766 412 1819 27.
428 1762 515 1833 liuius
534 1760 630 1831 operis
646 1759 819 1830 paupertatis
837 1776 963 1814 namen
981 1762 1101 1819 tollitur.
1110 1761 1131 1792 ‘⁴
1149 1760 1237 1816 Boua.
1264 1763 1368 1815 Assen-

214 1835 254 1886 tit
271 1833 403 1886 Bentleio
422 1832 511 1884 etiam
528 1832 598 1884 Ern.
629 1848 695 1882 cum
718 1829 915 1887 Lallemanno·
953 1832 1058 1886 Contra
1084 1828 1234 1886 Nissenius
1257 1834 1365 1904 „Bipp

213 1905 263 1969 ait,
283 1912 399 1956 anctore
417 1903 550 1956 Bentleio
574 1901 749 1975 singularem
776 1919 930 1954 numerum
956 1911 1113 1973 posuerunt
1137 1912 1258 1975 propter
1284 1902 1365 1957 lanc.

213 1969 289 2028 Nam
306 1970 377 2027 launa
394 1975 524 2044 pertinet
543 1972 576 2025 ad
596 1970 812 2040 aegritudinem.
856 1973 1059 2038 Aegritudiuie
1083 1988 1182 2029 nomen
1199 1991 1252 2045 pro
1270 1975 1368 2050 aegri*

213 2039 446 2098 'tudine'dictum
463 2042 551 2096 Bouh.
572 2051 662 2112 putat.
701 2044 762 2094 Nec
787 2043 817 2096 id
841 2058 998 2114 concoquo,
1024 2060 1076 2097 neo
1095 2054 1160 2117 apte
1176 2051 1246 2115 puto
1264 2045 1298 2095 ab
1317 2060 1368 2097 eo·

119 2121 125 2131 '
214 2116 279 2170 dem
297 2115 472 2184 rescriptum
490 2120 523 2166 ut
540 2113 649 2166 uidetur
667 2110 697 2162 in
716 2130 795 2183 seqq.
816 2113 849 2180 [ᾗ.
870 2114 952 2180 84,]“
988 2117 1169 2186 Receparunt
1186 2114 1366 2188 singularem

214 2180 367 2239 numerum
386 2183 469 2238 Schz.
497 2184 642 2240 uaWolr.
667 2181 816 2252 (probante
835 2184 943 2251 Kiihn.)
969 2187 1015 2239 Or.
1037 2187 1097 2253 (sed
1121 2185 1178 2237 hic·
1193 2184 1223 2236 in
1243 2202 1308 2236 ann.
1328 2186 1367 2239 ad

213 2254 322 2314 Wolfii
341 2255 450 2308 scholas
472 2254 616 2324 pluralem
635 2254 802 2306 restitutum
816 2257 890 2317 ¹uult
915 2273 980 2307 cum
999 2254 1121 2322 Handio)
1137 2254 1209 2309 'rba
1234 2255 1367 2308 Nobbius

215 2327 346 2396 scripsit:
368 2340 477 2379 aliorsus
495 2329 586 2376 lamen
604 2329 630 2376 el
649 2325 888 2380 contractiuncula
907 2325 944 2393 [e]
970 2358 1002 2370 -
1022 2328 1218 2396 relinquentur.
1263 2328 1368 2380 Refert

215 2399 265 2452 0r.
284 2398 316 2457 in
332 2395 387 2448 Ed.
407 2399 481 2448 Man.
507 2400 565 2447 esse
592 2396 839 2448 contractiuncula
858 2429 891 2439 -
910 2398 1110 2466 relinquentur.
1125 2412 1129 2418 ·
1145 2397 1227 2451 Idem
1249 2397 1367 2468 reperio

161 2478 167 2484 ’
216 2469 329 2537 iumen
346 2466 411 2519 Ald.
437 2467 473 2518 ln
492 2465 558 2518 God.
579 2468 653 2517 Mon.
674 2468 699 2520 2.
720 2466 857 2537 scribitur
875 2474 903 2520 et
921 2475 1012 2521 tumen
1030 2484 1083 2538 pro
1102 2473 1194 2521 lamen
1213 2472 1248 2519 et.
1285 2468 1367 2522 Unus

216 2539 267 2592 0x.
288 2537 399 2590 omittit
416 2533 513 2591 anicii.
535 2562 568 2574 -
601 2535 746 2604 Equidem
772 2554 839 2587 cum
856 2538 968 2590 Handio
986 2539 1071 2604 facio,
1091 2539 1142 2611 qui
1168 2537 1290 2603 „Nthit
1315 2539 1367 2604 ait,

215 2601 358 2682 integrius
376 2617 420 2661 est
438 2604 581 2676 scriptura
599 2606 739 2658 codicum.
765 2605 846 2660 Hanc
864 2608 1047 2662 diecul'aaue
1065 2608 1223 2661 naturalem
1239 2605 1367 2678 positum

144 2735 145 2738 ,
215 2673 260 2735 est
276 2695 330 2750 pro
349 2674 398 2732 dec
417 2676 512 2730 dicant
536 2675 675 2738 naturale,
701 2684 731 2729 et
756 2677 882 2729 relatum
904 2679 938 2730 ad
957 2679 1178 2746 aegritudinem,
1206 2697 1279 2750 miae
1303 2685 1367 2732 tart-

217 2758 281 2804 tnm
300 2749 438 2803 maeroris
457 2747 572 2800 nomine
591 2745 698 2798 sublata
717 2746 855 2799 dicitur.“
891 2748 949 2801 Mr.
1301 2755 1305 2760 ’

288 2817 362 2873 dunt
384 2818 577 2886 aegritudinis·
599 2833 694 2870 nomen
721 2818 820 2885 alsit]
858 2819 925 2872 (lod.
953 2823 1028 2872 Mon.
1054 2823 1080 2876 2.
1111 2819 1198 2873 habet
1221 2836 1284 2874 cum
1310 2835 1366 2892 pro

218 2891 291 2944 dum.
328 2893 364 2944 ln
382 2890 455 2943 Gud.
483 2887 594 2962 legitur
615 2894 734 2941 taetrum
758 2886 887 2942 vicium
908 2891 1066 2956 funestum(
1081 2888 1113 2935 '-
1151 2893 1219 2944 Mox
1243 2890 1317 2944 Gnd.
1332 2893 1365 2946 2.

171 2969 173 2975 ’
218 2960 290 3032 quod
308 2966 418 3026 tamen
435 2960 585 3028 eapa'entie.
602 2960 737 3033 Legebat
756 2960 848 3012 scriba
866 2967 895 3012 tn
912 2977 966 3030 pro
985 2965 1030 3013 cu:
1050 2961 1106 3012 nisi
1125 2962 1202 3014 forte
1220 2969 1367 3029 correcto·

181 3052 186 3063 =
215 3033 257 3084 ris
275 3039 326 3096 est,
347 3033 397 3101 qui
416 3047 474 3083 non
492 3029 683 3113 intelligeret,
703 3029 773 3098 quid
791 3030 829 3082 sit
847 3046 907 3084 ease
925 3047 985 3084 cum
1007 3031 1160 3101 sapientia.
1198 3031 1279 3096 Quod
1295 3048 1366 3086 vero

187 3119 192 3127 ·
214 3100 348 3172 'sequitur
365 3108 396 3155 ul
413 3100 456 3154 ita
474 3099 576 3163 dicam,
596 3100 659 3153 ideo
677 3101 802 3170 scripsit,
822 3101 889 3170 quia
906 3099 1034 3171 latitare
1046 3119 1107 3155 cum
1118 3099 1261 3191 rapientia
1278 3101 1366 3175 plane

216 3171 360 3226 Graecum
377 3181 427 3228 est.
456 3171 509 3223 Est
527 3170 644 3240 quidem
661 3187 721 3223 esee
738 3186 799 3224 cum
816 3173 966 3245 sapientia,
986 3177 1109 3226 concinat
1127 3178 1274 3243 mancip,
1294 3175 1366 3227 item

214 3238 387 3297 'Graecisms'
408 3240 457 3295 sed
472 3260 488 3294 a
506 3240 615 3307 Latinis
639 3241 803 3310 hominihus
832 3242 978 3297 commode
997 3243 1093 3296 intelli
1117 3243 1227 3310 ebatur,
1259 3244 1315 3313 qui·
1339 3242 1365 3296 si

198 3312 307 3386 'sarsum
318 3311 520 3384 philosophum
538 3327 595 3363 non
613 3319 757 3376 tenerent,
785 3319 923 3374 noverant
942 3312 1022 3365 certe
1039 3259 1124 3366 iuni:
1141 3328 1213 3366 ‘esee
1231 3328 1293 3367 erem
1308 3312 1365 3368 im·
1390 3344 1392 3348 ·

213 3386 304 3452 perio.
322 3384 468 3436 Συνοικεῖν
486 3389 519 3451 ep
538 3387 624 3452 ορφίᾳ
643 3389 672 3434 et
691 3382 834 3439 Graecum
860 3388 904 3435 est
930 3390 959 3435 et
976 3388 1174 3455 μεταφορικοῖς·
1189 3384 1309 3442 dictum.
1331 3413 1366 3428 -

218 3454 257 3509 vt
275 3454 353 3505 abest
369 3453 403 3505 ab
421 3469 478 3521 uno
497 3454 547 3506 Ox.
568 3461 598 3503 et
615 3449 687 3525 Aug.
709 3451 783 3507 [Mc.
885 3464 888 3471 ¹
925 3496 932 3522 z
1288 3459 1309 3498 ’.

217 3526 231 3559 '⁷
288 3540 349 3576 cum
366 3522 434 3592 supi
463 3522 505 3576 tia
521 3519 651 3588 latitare
668 3519 743 3574 nullo
761 3521 844 3576 modo
861 3521 976 3591 possit]
1013 3524 1096 3591 (loni.
1124 3524 1240 3578 Tuscul.
1258 3520 1295 3577 v:
1312 3525 1371 3583 24ἑΙ

216 3595 276 3652 Quo
300 3593 410 3648 tandem
435 3593 529 3662 igitur
551 3591 657 3660 gaudio
682 3589 765 3656 affici
786 3606 895 3647 necesse
921 3601 963 3652 est
989 3596 1033 3647 sa'
1047 3592 1127 3649 'tntis
1149 3591 1275 3663 animum
1288 3602 1367 3650 'cum

215 3663 234 3800 p
231 3681 276 3789 1⁸1⁸
293 3662 515 3792 {spiritantem
527 3666 787 3732 pernoctantemque
803 3663 947 3718 curie?“
959 3664 1014 3739 del
1034 3707 1041 3722 .
1060 3667 1092 3718 in
1102 3665 1245 3738 crepanti.
1265 3649 1366 3736 pail.

215 3798 218 3804 ’
277 3805 325 3857 -Ατ
342 3737 417 3876 lquae
441 3802 565 3873 stirpes]
599 3797 694 3878 Vulgo
720 3801 807 3873 atqui.
845 3802 901 3857 Sed
928 3805 999 3880 Reg.
1034 3812 1063 3859 et
1090 3801 1237 3859 Pithoean.
1271 3815 1365 3878 atque.

215 3872 291 3928 ilino
308 3875 473 3939 lectionem,
493 3891 578 3942 quam
595 3871 701 3944 recepi,
722 3874 764 3926 Ol.
783 3873 929 3926 Bentleins
947 3891 963 3928 o
984 3881 1108 3945 portune
1126 3877 1289 3930 fabricarit.
1328 3876 1383 3930 D:

215 3949 218 3953 “
286 3946 333 3997 At
357 3961 444 4015 quae
465 3945 569 4012 stirpes
592 3949 656 3996 eunt
680 3942 913 4013 aegritudinum·
943 3982 962 4012 ‚,
997 3954 1023 3997 st
1046 3946 1138 4016 Atque
1169 3948 1200 3998 in
1222 3947 1276 4000 Ed.
1300 3962 1368 4002 mea

214 4020 285 4080 vet,
305 4016 381 4086 quod
398 4016 477 4066 favet
495 4015 676 4067 coniecturae
699 4015 825 4068 Bentleii
847 4024 876 4068 et
900 4016 1018 4068 Davisii.
1057 4015 1136 4081 Quae'
1160 4018 1280 4086 quidem·
1296 4034 1366 4071 cont

187 4112 189 4119 ·
214 4086 328 4141 iectura
354 4085 466 4140 etiamsi
492 4085 611 4138 fortasse
628 4085 780 4137 minussit
798 4087 955 4155 necessaria
978 4087 1012 4139 ad
1034 4086 1092 4138 loci
1119 4095 1296 4140 structuram
1322 4089 1368 4153 (ut

212 4157 365 4229 probatum
383 4156 439 4210 ivit
456 4155 618 4225 Wopkens.
638 4155 658 4208 l.
681 4157 735 4222 15.)
755 4156 907 4209 admodum
932 4157 1090 4209 necessaria
1107 4158 1203 4210 estad
1226 4160 1287 4211 loci
1306 4161 1368 4212 ele·

212 4228 341 4304 gantiam
366 4236 395 4280 et
418 4222 627 4278 sententiarum
645 4227 782 4278 nexum.“
808 4223 898 4292 Boult.
935 4217 1275 4297 Wopkensiiannotatio
1293 4229 1368 4284 haec

214 4308 270 4353 est:
289 4295 401 4368 „Atqui
419 4298 523 4365 stirpes
541 4304 604 4349 sunt
623 4298 811 4362 aegritudinis
829 4312 912 4366 quam
929 4298 1056 4364 multael
1077 4295 1108 4362 [i.
1129 4315 1153 4351 e.
1181 4302 1262 4368 atqui
1281 4315 1367 4368 quam

212 4371 327 4437 trullae
337 4370 442 4438 stirpes
458 4373 521 4419 sunt
540 4366 765 4433 aegritudinial]
793 4368 975 4421 Constructio
994 4368 1243 4438 auribns‘quidem·
1257 4372 1367 4425 nostris

212 4439 398 4505 insolentior,
433 4434 532 4492 Tullio
560 4444 656 4490 tamen
672 4468 674 4473 ·
690 4436 767 4492 haud
789 4437 933 4490 inusitata.
973 4436 1022 4491 sic
1045 4438 1110 4491 ltin.
1134 4440 1171 4493 11.
1188 4443 1253 4497 -12-2-
1285 4441 1386 4497 uum·
