2842 5070
342 344 347 352 -
434 302 772 406 ·-1.1nnn1n,„ua
895 310 898 317 ·
964 326 981 333 ··
1149 262 1208 370 rer

57 475 161 558 tione,
181 438 273 541 omni
293 474 437 558 reliquo
450 457 545 535 nio'tu
558 468 600 535 ‘et
631 479 730 548 stetu,
759 479 800 533 ut
830 490 886 536 eos
908 461 1053 556 Argivos
1075 478 1134 534 aut
1159 470 1211 535 Si:

55 564 193 644 cyoniae
224 559 382 622 diceres.¹
417 555 592 642 Magisque
624 574 678 616 me
711 562 887 616 moverent
916 552 1073 630 Corinthi
1100 552 1211 615 subito
1266 564 1295 617 “.

57 748 128 816 iam]
155 747 237 801 Jont.
261 744 325 800 Aio.
343 747 370 801 2.
393 734 472 798 not:
488 739 589 815 Stepb.
615 736 679 796 Ald.
712 739 795 799 Bool.
822 738 903 796 Brut.
930 735 1009 811 Sylb.
1031 736 1124 796 leod.
1157 739 1215 815 Sed

58 820 145 873 etiam
167 817 276 871 babent
302 808 389 870 boat.
417 815 458 868 lie
480 857 487 870 .
533 823 639 869 uatuor
656 812 726 868 Oxx.
754 814 829 867 Mon.
849 818 875 868 1.
894 825 969 865 unus
988 811 1069 867 [reid]
1089 806 1163 866 Edi.
1183 811 1214 871 Ρ.

57 891 93 947 A.
111 889 143 943 B.
164 887 193 943 S.
211 887 248 941 E.
264 887 328 941 Asc.
340 889 364 940 1.
384 832 508 941 lthffil*
527 884 591 948 (hic
608 882 679 939 icio
697 882 729 936 in
746 896 824 938 rarr.
844 886 938 937 Leott.
958 880 1053 936 habet
1063 879 1121 937 snt
1136 882 1215 945 iata).

59 961 118 1014 Sed
136 966 180 1024 et,
206 960 311 1012 omisso
328 956 387 1012 iam
404 956 491 1010 habet
516 956 570 1009 Ed.
590 958 652 1009 ven
681 962 786 1021 nostr.;
811 957 872 1022 sed,
899 955 1006 1009 omisso
1024 951 1094 1017 iarn,
1120 954 1216 1008 estin

60 1030 150 1086 codd.
171 1031 244 1083 Mon.
262 1029 288 1082 2.
314 1036 343 1083 et
362 1027 436 1082 Gud.
456 1030 483 1082 2.
519 1026 620 1080 Mirari
639 1027 728 1083 seait
744 1025 836 1080 Boub.
856 1025 932 1097 quod
950 1040 1035 1080 nemo
1054 1024 1215 1080 necessario

60 1101 95 1154 le‘
115 1099 219 1153 endum
245 1112 303 1152 esse
313 1099 423 1153 viderit
441 1098 492 1151 sed
509 1099 568 1152 iam
587 1104 811 1151 retentaverunt
829 1098 847 1150 i.
868 1112 892 1149 e.
912 1112 972 1149 uon
989 1092 1115 1167 amplius
1134 1096 1217 1172 cogi·

63 1120 162 1223 talant
181 1171 217 1223 de¹
233 1168 287 1222 illo
304 1170 417 1240 patriae
436 1168 557 1235 excidio,
577 1167 627 1222 sed
644 1167 729 1239 qnasi
748 1169 806 1223 iam
823 1167 1000 1239 palinodiam
1018 1173 1215 1224 cantaverant.

59 1242 122 1295 Hoc
141 1255 212 1293 vero
231 1248 274 1293 est
291 1240 390 1294 nihili.
426 1242 514 1294 Recte
533 1240 590 1292 iam
608 1237 767 1292 Turnebus.
806 1238 956 1305 Sententia
980 1246 1037 1292 est:
1066 1236 1217 1308 deplorare

61 1315 186 1379 fortasse
204 1310 264 1363 iam
283 1311 429 1364 desierant
444 1304 636 1364 calamitatem
654 1308 748 1362 istam.
785 1308 846 1362 Mr.

132 1383 174 1435 Eo
199 1382 272 1435 enim
296 1388 378 1436 erant
401 1381 488 1446 00110,
516 1380 701 1445 oratione,
727 1380 810 1435 omni
832 1376 1038 1451 reliqueratis
1064 1383 1091 1432 et
1113 1378 1215 1446 etaim]

58 1451 128 1517 „An
145 1455 274 1506 aratione
292 1461 372 1505 recte
390 1451 502 1505 dictum
520 1453 568 1518 sit,
598 1462 665 1504 cum
687 1451 836 1505 antecedat
853 1468 895 1516 eo,
919 1449 1112 1504 Grammatici
1135 1448 1217 1503 vide-

61 1524 132 1575 rint.
167 1523 316 1585 Sententiis
335 1522 452 1592 quidem
471 1538 524 1597 ego
541 1537 661 1576 moveor
677 1522 780 1597 tnagis,
798 1530 832 1574 ut
848 1529 949 1576 ornata
968 1523 1097 1593 suspicer
1113 1534 1217 1574 verum

60 1602 132 1658 esse,
159 1595 346 1665 depravatum
373 1592 536 1646 oratione.“
566 1584 598 1646 Ρ.
618 1591 735 1646 'Manui
776 1587 1068 1663 „Genusloquendb
1102 1583 1216 1644 etiamsi

61 1664 191 1719 oratione
210 1665 382 1730 retineatur,
415 1665 490 1717 vitio
509 1677 618 1727 carere,
650 1664 750 1716 multis
779 1664 1076 1734 exemplissimilibus
1094 1662 1217 1732 probare

61 1752 184 1806 possem,
204 1735 229 1787 si
247 1735 277 1786 id
295 1733 464 1857 speretur‘.“
486 1730 535 1787 Fr.
556 1735 640 1787 Febr.
677 1736 712 1788 ln
730 1746 821 1810 marg.
841 1735 914 1789 Edd.
934 1734 1048 1789 Lambb.
1070 1743 1127 1788 esti
1146 1735 1215 1786 fort.
1240 1786 1244 1792 ,

61 1813 180 1860 maias
200 1819 272 1873 qnae
289 1822 309 1856 u
324 1821 389 1856 rum
408 1804 575 1858 coniectura
592 1801 727 1857 Lasnbinl
745 1805 793 1873 sit,
812 1805 958 1859 incertum
977 1806 1019 1859 est
1039 1806 1069 1858 et
1087 1804 1216 1857 dubitare
1299 1806 1302 1811 “

62 1877 145 1930 licet.
182 1877 243 1929 Mr.
285 1889 292 1906 ¹
1239 1923 1242 1927 .

134 1944 281 2012 Oratione]
307 1947 351 2000 lta
368 1956 466 2000 omues
485 1941 601 2000 omnino
619 1944 711 2014 mssa,
730 1954 764 2000 ut
784 1945 885 2003 ornata
903 1936 981 1998 nihil
999 1946 1038 1999 sit
1055 1958 1139 2016 opus3
1160 1960 1234 2017 quo.
1294 1989 1304 2007 ,

61 2018 146 2072 modo
169 2019 316 2071 Manuoius
340 2027 368 2072 et
394 2014 548 2072 Lambinus
579 2017 787 2073 emendandum
811 2026 958 2072 censuere.
1003 2016 1124 2070 Nemini
1151 2033 1218 2069 sane

61 2091 144 2157 latet,
162 2096 334 2154 sermonem,
366 2092 423 2142 uon
442 2090 537 2142 :ninus
556 2098 642 2161 quam
658 2089 784 2158 vultam,
807 2088 968 2161 precariis
992 2087 1083 2140 aniani
1101 2095 1218 2159 pertur-

63 2160 228 2215 baetonibus
245 2167 388 2212 mutatum
412 2169 498 2214 esse.-
517 2161 554 2214 D.
1230 2188 1233 2193 ·

100 2228 104 2233 ’
134 2232 176 2285 lio
195 2229 268 2284 enim
286 2224 473 2297 0001100110,
491 2230 678 2300 eratione]
696 2227 764 2285 eod.
782 2223 879 2284 Duisb.
900 2223 1011 2283 omittit
1029 2225 1121 2301 mani.
1141 2224 1216 2282 Gud.

61 2301 151 2355 habet
167 2303 210 2354 Eo
240 2308 343 2354 erant
367 2301 465 2355 enim.
492 2304 568 2355 Mon.
588 2304 613 2358 2.
641 2314 680 2357 ea
698 2301 847 2356 oratione.-
873 2301 949 2355 unde
967 2301 1047 2354 vides
1064 2299 1218 2353 librarium

62 2373 216 2426 subvenire
233 2373 365 2424 -voluisse
389 2373 496 2425 rationi
524 2374 720 2448 grammatica,
753 2372 789 2427 de
814 2378 871 2442 qua
894 2370 1039 2425 dubitabat
1066 2372 1139 2424 blan.
1182 2370 1218 2423 Iu
1245 2428 1248 2433 ,

63 2440 139 2496 Gna.
158 2446 247 2498 esest
264 2441 438 2508 erratione,
456 2443 505 2495 sed
522 2454 609 2515 supra
624 2441 679 2497 lin.
699 2445 731 2496 ab
751 2445 850 2496 eadem
867 2454 953 2497 rnanu
971 2442 999 2494 01
1018 2440 1136 2496 oraliai.
1168 2442 1218 2494 ln-

62 2514 184 2567 felicem
203 2529 262 2566 esse
275 2514 396 2565 Manutii
415 2514 619 2580 coniecturam,
639 2523 732 2584 neque
750 2524 811 2571 eam
830 2509 961 2571 adiuvari
971 2509 1084 2566 Codicis
1104 2512 1178 2566 Gad.
1189 2514 1217 2577 2.

62 2585 122 2638 scri
142 2585 231 2651 tione,
250 2593 334 2636 neme
352 2596 410 2636 non
427 2584 517 2637 videt.
555 2584 721 2639 certissime
740 2574 890 2639 refellitur
906 2584 971 2650 loco
990 2579 1139 2636 simillimo
1155 2580 1215 2636 Cic.

63 2656 99 2709 de
119 2603 172 2708 811.
192 2657 215 2709 Ι.
240 2657 284 2709 29.
312 2656 377 2721 1021
405 2650 455 2707 ubi
481 2657 552 2708 item
577 2654 616 2708 de'
637 2656 726 2708 animi
750 2655 1014 2727 perturbationibus
1040 2664 1134 2706 sermo
1158 2652 1215 2706 este¹

63 2741 180 2795 qnorum
199 2725 319 2779 amnium
335 2725 436 2791 unitas,
455 2739 574 2792 voces,
592 2732 684 2781 motas
695 2733 838 2795 tiniasque
850 2731 1005 2779 mutantur:
1024 2719 1217 2776 ubinostrum

63 2798 160 2850 locum
177 2797 377 2920 0011011000οἙ
387 2796 595 2868 Gemhardop.
617 2800 677 2854 116.
697 2798 789 2852 Beier.
814 2814 843 2869 p.
863 2795 924 2854 223.
961 2796 1043 2851 Unus
1062 2796 1111 2849 Ox.
1121 2793 1217 2848 'habet

63 2875 131 2922 natu
170 2883 205 2920 ro
226 2873 310 2919 mota.
375 2876 426 2919 r·.'
1033 2886 1036 2894 ·

135 2886 170 2991 ni
183 2952 231 2990 ecs
249 2936 376 3002 Argivos
394 2942 443 2990 ant
461 2936 610 3007 Sicyonius
627 2937 759 3006 diceres]
795 2934 872 3006 „Qui
894 2936 939 2990 nil
957 2931 1127 2991 calamitatis
1143 2937 1218 3008 passi
1250 2997 1261 3013 „

63 3008 189 3063 essent.“
209 3007 290 3059 Lecti.
311 3021 329 3056 a
347 3007 397 3060 Qu.
429 3007 514 3060 Godd.
535 3010 608 3063 Gud.
628 3010 730 3074 et2duo
749 3011 818 3075 (lxx.
837 3016 874 3062 et
899 3024 952 3080 pro
971 3017 1026 3062 aut.
1063 3012 1217 3081 Perperam

63 3079 154 3132 scribi
172 3078 203 3128 in
214 3077 326 3145 aliquot
337 3076 420 3128 libris
435 3077 594 3145 Sycionios,
613 3079 766 3146 sicionios,
786 3080 907 3151 quisque
926 3079 1110 3150 exspectabit.
1135 3073 1218 3134 Unus

64 3151 117 3203 Ox.
136 3147 223 3200 habet
241 3147 372 3214 dicerent,
399 3148 469 3223 Reg.
489 3157 518 3200 et
536 3149 610 3203 Gud.
631 3155 655 3205 l.
683 3147 785 3205 ditare.
823 3146 883 3202 Mr.
998 3156 1001 3162 '
1039 3217 1042 3223 Ι

136 3235 292 3304 Magisque
326 3250 369 3287 me
402 3240 545 3299 moverant
580 3237 714 3292 cerinthi
744 3235 837 3293 0011110
866 3234 1015 3305 adspectas
1041 3233 1217 3309 parietinae]

64 3309 178 3376 „Miror
193 3308 269 3359 hanc
285 3307 441 3360 lectionem
459 3307 497 3359 in¹
516 3308 643 3384 vulgatis
661 3310 733 3364 Edd.
753 3309 900 3365 Ciceronis
919 3309 1044 3375 exulare,
1069 3326 1136 3374 curn
1155 3325 1218 3360 eam

64 3380 173 3433 dudum
198 3374 380 3450 postliminio
409 3378 559 3432 reduxerit
589 3380 743 3434 Victorius.
787 3379 861 3446 Quid
891 3379 1010 3432 multis?
1046 3378 1115 3432 Pall.
1146 3387 1215 3432 tert.

65 3459 160 3522 quart.
179 3451 273 3520 quint.
292 3448 369 3502 Pith.
390 3465 524 3520 expresse
543 3451 585 3502 sic
603 3456 730 3504 tenente
751 3444 825 3506 Sunt
843 3452 939 3503 autem
951 3448 1116 3519 'parietinae
1133 3450 1218 3503 semi·

65 3522 128 3574 ruti
145 3521 277 3591 parietes.
305 3521 408 3575 Utitur
426 3525 456 3574 et
470 3520 570 3574 Cicero
588 3520 638 3574 lib.
650 3524 729 3577 xln.
748 3524 822 3593 Epp.
842 3522 877 3574 ad
893 3523 1076 3574 Memmium:
1097 3521 1162 3590 [Ep.
1179 3518 1217 3586 1.]

62 3599 245 3660 peteremque,
274 3597 304 3645 nt
324 3589 417 3644 nescio
436 3590 503 3659 qnid
520 3591 595 3647 iliad
612 3593 731 3662 Epicuri
746 3585 953 3662 parietinarum
970 3591 1028 3645 sibi
1045 3593 1217 3646 concederes.
1303 3613 1306 3626 =

65 3665 160 3737 Vulgo
181 3662 321 3731 parietum
341 3661 480 3715 'minae.“
510 3663 612 3719 Gella.
640 3665 821 3734 ,martenam
845 3661 953 3715 habent
974 3662 1045 3715 libri
1071 3661 1216 3716 meliores.

66 3734 141 3789 Sunt
159 3743 254 3786 autem
271 3732 428 3801 parietinae
446 3731 563 3804 ἐρείπια,
590 3736 737 3807 parietum
759 3736 870 3798 ruinae,
894 3741 979 3804 quam
1000 3734 1223 3805 interpretatio.

65 3822 136 3858 nem
153 3804 268 3856 librarii
286 3803 412 3874 quidam,
439 3806 539 3874 quibus
560 3800 769 3874 parietinarum
795 3821 900 3859 nomen
919 3798 1044 3857 insolens
1063 3813 1134 3871 erat,
1166 3804 1234 3866 hic,

65 3881 293 3944 supposuerunt.
322 3876 357 3928 ln
384 3874 438 3947 Ep.
463 3893 533 3930 vero
552 3880 577 3932 3.
606 3877 656 3930 lib.
681 3882 708 3934 4.
738 3879 771 3931 ad
799 3879 908 3930 Famm.
938 3874 1003 3940 [ubi
1029 3876 1219 3947 μεταφορικῶς

44 3946 202 4018 ‘poniturt
236 3943 311 3998 Quid
327 3959 371 3995 me
388 3943 446 3996 ieta
464 3958 511 3998 res
528 3948 687 4002 constater
708 3949 740 4003 in
762 3938 852 4001 tantis
877 3938 997 3999 tenebris
1015 3950 1041 4000 et
1059 3949 1142 4014 qnasi
1155 3963 1219 4016 pa·

66 4015 220 4070 01011010
238 4016 282 4068 rei
303 4015 467 4082 publicani]
486 4032 539 4086 pro
555 4018 708 4086 parietinis
725 4021 777 4073 alii
792 4016 965 4088 parricidiis
983 4017 1053 4070 falso
1071 4019 1217 4091 legerunt.

65 4086 173 4143 Mansit
190 4095 287 4137 tamen
304 4084 452 4158 integrum
476 4085 533 4139 hoc
557 4105 661 4151 nomen
678 4091 772 4163 Epist.
791 4091 872 4143 XIII.
893 4093 916 4143 1.
944 4096 973 4142 et
999 4086 1073 4158 apud
1092 4088 1220 4144 Nonium

68 4161 101 4212 in
118 4157 253 4221 maceria,
279 4156 334 4208 ubi'
348 4154 420 4206 haec
437 4157 525 4208 verba
544 4149 678 4224 Sisennae
698 4179 732 4215 ex
750 4156 825 4213 nist.
850 4159 926 4212 libro
953 4158 1040 4212 tertio
1066 4159 1217 4233 leguntur:
1261 4214 1264 4219 ,

68 4230 138 4284 Post
154 4229 289 4280 vittarum
307 4218 450 4279 maeatas
468 4241 502 4279 ac
514 4230 677 4296 'parietinas
703 4226 821 4301 quinque
847 4226 972 4282 cobortes
989 4228 1019 4280 ia
1038 4228 1155 4285 insidiis
1173 4243 1220 4279 re·-

68 4299 185 4370 aquirat
203 4299 251 4350 Fr.
272 4298 354 4350 Febr.
374 4297 443 4349 Dav.
464 4297 496 4348 in
513 4298 614 4354 ata-1.
635 4300 752 4354 eandem
771 4301 957 4371 scriptionem
975 4300 1111 4352 defendit.
1126 4299 1222 4364 'Idem
1261 4354 1264 4359 ,

68 4387 140 4425 vero
159 4367 265 4422 ibidem
285 4368 403 4440 scripsit
420 4369 512 4422 001110
529 4370 686 4438 adspecta,
718 4367 897 4443 addiditque:
924 4371 976 4422 'vul
998 4386 1013 4422 o
1039 4371 1130 4424 sabito
1158 4365 1222 4421 aaa

67 4447 217 4512 spretae.
246 4436 310 4494 'Sed
337 4440 458 4493 alteram
490 4441 664 4512 scripturam
695 4442 812 4498 servant
838 4440 957 4496 Noroic.
1012 4456 1055 4491 en.
1086 4443 1162 4495 1491.
1185 4434 1222 4489 'et

97 4579 177 4624 Cicera
194 4578 257 4622 Taso.
272 4579 339 4637 Disp.
355 4579 388 4624 ed.
404 4581 489 4627 Moser.
507 4580 581 4627 1111.
788 4620 810 4657 Ι.
946 4548 983 4607 ll
