2842 5070
125 318 186 386 ne
235 278 270 322 ⁵
325 316 553 384 emanatus
574 297 823 382 rosunum}
847 314 1079 422 msromr.
1136 364 1137 367 κ

80 487 81 491 ’
123 505 166 546 ne
186 481 503 566 suspicariquidem
524 503 560 545 se
581 485 757 566 quicquam
777 484 912 562 bonum,
943 485 1009 546 nisi
1041 503 1156 547 sensus
1184 487 1277 567 quasi

123 568 348 630 titillarentur
374 568 565 648 voluptate:
604 585 692 627 nunc
719 574 841 643 autem,
875 587 1035 628 summam
1070 568 1278 649 voluptatem

122 668 204 728 esse,
226 648 344 712 dolore
370 667 497 716 carere.
550 649 706 710 Potestne
740 652 844 736 magis
872 669 983 711 secum
1010 651 1081 731 ipsc
1107 649 1277 737 pugnaret

123 732 275 794 Alterum
296 741 478 813 peccatum,
506 729 606 812 quod,
633 750 733 812 quum
754 733 790 791 in
807 739 933 792 natura
960 733 1027 792 tria
1055 734 1133 809 sint,
1159 752 1299 811 unum,

25 810 287 916 '1‘·}⁰¹·gaudere;
311 814 466 891 alterum,
491 811 620 874 dolere:
641 815 792 892 tertium,
814 833 875 875 nec
890 813 1037 899 gaudere
1058 833 1119 875 nec
1142 813 1274 890 doleres

120 942 264 953 ...η-...ηι-
477 939 744 946 -—.-....-.-.-—.

73 1054 76 1058 ³
190 984 247 1038 nisi
264 998 358 1036 sensae
375 981 483 1052 perusi
501 981 753 1036 titillarentur
772 983 924 1050 uoluptate]
956 981 1027 1046 „Sic
1045 990 1090 1037 est
1108 982 1275 1068 legendum,

120 1055 239 1122 ethaeo
258 1063 302 1108 est
320 1071 389 1107 vera
408 1061 437 1106 et
457 1054 568 1105 sincera
588 1054 744 1122 scriptura.
781 1053 856 1105 Nam
883 1053 960 1120 quod
988 1053 1106 1122 qaudam
1130 1053 1201 1107 libri
1226 1072 1276 1109 ve·

120 1135 196 1180 teres
216 1143 251 1178 ex
269 1125 378 1177 uostris
396 1123 504 1176 babent
522 1123 586 1176 nisi
597 1139 774 1192 eensue‚.qua
792 1124 854 1176 sitit
871 1121 1032 1176 hilarentur
1049 1125 1191 1191 uoluptate
1209 1133 1275 1191 ete,

120 1198 186 1266 quia
205 1211 263 1247 non
281 1195 362 1249 videt
381 1211 443 1248 eam
462 1195 637 1263 scripturam
657 1211 717 1248 esse
736 1201 913 1264 corruptam,
932 1193 1048 1248 ethaeo
1065 1195 1218 1264 verbaqua
1235 1197 1288 1249 ei:

121 1267 158 1319 tit
176 1265 341 1330 hilarentur,
362 1267 386 1318 si
404 1281 456 1318 auo
481 1265 586 1318 ordine
604 1271 633 1316 et
653 1281 704 1318 suo
729 1264 788 1316 situ
817 1264 943 1333 syllabae
968 1264 1115 1339 legantur,
1142 1274 1171 1318 et
1190 1267 1214 1318 si
1238 1267 1276 1320 li·

120 1345 211 1401 terae,
229 1343 264 1388 nt
283 1336 396 1400 debent,
423 1337 584 1410 iungantur
609 1342 639 1386 et
663 1334 878 1410 disiungantur,
904 1335 1022 1388 allicere
1044 1334 1123 1387 hanc
1145 1344 1275 1390 nostram

120 1407 278 1462 lectionem
297 1406 356 1459 niei
373 1421 470 1459 aeneus
487 1405 567 1476 quasi
585 1404 773 1458 titillarentur
791 1407 870 1459 etc?
898 1406 974 1458 Nam
985 1404 1197 1474 'adspirationis
1207 1416 1275 1463 nota

119 1475 216 1531 addita
235 1485 264 1532 et
283 1479 295 1530 t
312 1476 441 1529 detracta
459 1491 518 1528 non
536 1492 583 1528 me
601 1482 730 1532 movent.
750 1476 879 1541 omnino,
897 1483 931 1528 ut
950 1475 1040 1530 semel
1052 1477 1157 1543 dicam,
1178 1478 1222 1533 sic
1233 1479 1275 1532 le-

143 1549 260 1612 endum,
278 1555 312 1599 ut
332 1564 448 1616 semper
466 1545 559 1600 edidi:
580 1554 609 1598 et
629 1546 680 1615 qui
698 1547 786 1600 aliter
805 1546 945 1611 indicant,
973 1545 1051 1599 nihil
1075 1548 1203 1616 sapiunt,
1226 1551 1273 1602 ni·

118 1566 166 1671 iil
184 1617 318 1672 vident.“
337 1616 496 1671 Lambinus.
534 1616 613 1669 Haec
628 1616 731 1687 paullo
750 1616 952 1670 vehementius
976 1617 1055 1669 dicta
1078 1626 1147 1671 sunt
1174 1627 1275 1673 contra

118 1689 254 1754 Brutum,
274 1689 325 1757 qui
342 1685 377 1740 ad
394 1688 424 1739 h.
444 1687 464 1738 l.
484 1687 557 1739 haec
576 1687 709 1757 scripsit:
737 1686 816 1756 quasi
833 1688 1036 1740 titillarentur:
1061 1685 1134 1742 haec
1156 1689 1275 1766 vulgata

120 1760 226 1815 lectio:
253 1777 339 1828 quam
363 1759 628 1826 etiamsiretineo,
662 1758 786 1811 minime
809 1765 908 1811 tamen
931 1759 1170 1812 contemnendam
1193 1767 1274 1831 puto,

120 1846 194 1900 qrrae
212 1832 245 1883 in
264 1827 397 1898 Gryphii
412 1829 488 1881 libro
505 1827 639 1893 habetur,
667 1828 723 1880 nisi
740 1844 842 1894 senene,
869 1826 918 1897 qui
935 1829 1002 1891 sint,
1022 1827 1181 1882 artarentur
1198 1834 1275 1885 uotu-

118 1905 205 1968 ptate.
243 1901 305 1952 Hoc
322 1900 407 1952 modo
426 1906 506 1951 certe
523 1897 639 1951 locutus
659 1905 701 1950 est
725 1898 829 1951 Cicero
855 1899 943 1952 etiam
961 1897 1012 1953 lib.
1032 1899 1069 1950 ll.
1096 1900 1130 1953 de
1153 1901 1275 1955 Finibus

122 1970 160 2038 [c.
178 1970 220 2037 3.]
245 1969 344 2023 Omnes
367 1971 450 2034 enim,
478 1969 584 2038 inquit,
603 1968 750 2020 iocundum
772 1975 885 2034 motum,
914 1985 965 2037 pec
989 1985 1085 2022 sensus
1110 1967 1274 2038 hilarentur,

120 2041 229 2095 Graece
248 2038 361 2108 ἡδονὴν,
382 2040 468 2092 latine
486 2038 652 2106 uoluptatem
669 2038 798 2091 vocant.“
820 2038 941 2092 Melius
960 2047 1040 2092 certe
1061 2040 1108 2092 Br.
1129 2042 1276 2113 respexis-

119 2120 164 2165 set
182 2111 217 2165 ad
237 2112 298 2171 cie.
319 2111 353 2163 de
370 2111 456 2163 Finn.
478 2110 564 2166 1.11:
591 2124 656 2161 num
675 2109 704 2160 si
721 2124 754 2161 ea
768 2109 829 2162 eoin
847 2110 973 2176 voluptas
993 2116 1067 2176 esset,
1087 2121 1157 2181 quae
1175 2113 1276 2182 qnasi

56 2176 62 2189 '
119 2181 298 2238 titillaret
314 2196 418 2247 aeneus,
438 2179 529 2233 atita
549 2178 644 2231 dicam
663 2187 718 2235 etc.
738 2179 806 2232 coll.
825 2179 879 2232 111.
904 2184 928 2234 1.
965 2181 1025 2232 Mr.

191 2252 278 2308 (iurari
300 2251 473 2316 titillentur]
502 2249 597 2325 Vulgo
624 2248 833 2303 titillarentur.-
858 2249 936 2320 quod
959 2251 993 2305 ob
1011 2250 1200 2306 Latinitatem
1229 2252 1273 2307 Gl.

118 2321 269 2378 Bentleius
287 2322 434 2378 mutavit„
458 2319 495 2374 D.
1212 2344 1214 2347 ·

193 2392 272 2461 quasi
298 2389 550 2458 titillarentur]
568 2403 572 2412 ·
591 2389 716 2444 Restitui
746 2393 952 2462 imperfectum
978 2393 1170 2459 coniunctivi,
1198 2395 1276 2465 quod

143 2470 252 2517 raestat
274 2463 363 2516 ctiam
387 2463 546 2532 praesenti,
571 2479 587 2514 a
610 2462 745 2516 Bentleio
764 2471 793 2515 et
819 2462 938 2516 Davisio
963 2472 1063 2516 contra
1084 2464 1203 2518 Codices
1220 2467 1275 2519 in-

120 2480 218 2588 ducto.
245 2531 390 2585 Scribitur
402 2532 434 2584 in
443 2531 518 2586 Gud.
528 2535 553 2586 2.
569 2535 618 2600 qni
630 2533 687 2585 sint
698 2534 852 2592 iterentur:
876 2533 981 2586 tertiae
994 2535 1074 2587 vocis
1085 2536 1235 2606 principio
1251 2536 1276 2590 ti

122 2603 355 2674 superscriptum
380 2611 433 2655 est.
470 2599 544 2654 Gud.
570 2607 596 2657 1.
621 2600 741 2656 habeta
760 2608 785 2658 1.
810 2621 848 2656 m.
875 2603 956 2670 quasi
978 2600 1196 2672 tit'uturentur3
1226 2607 1275 2662 sed

122 2675 250 2746 syllabae
286 2681 315 2726 tu
344 2673 575 2742 superscriptum
598 2674 611 2727 i
618 2690 626 2739 ς
655 2691 730 2733 unua
756 2674 806 2726 Ox.
839 2690 894 2743 qua
922 2672 1153 2743 intitularentur,
1184 2677 1273 2735 Marb.

122 2743 203 2816 quasi
226 2743 448 2809 titilarentur3
474 2742 565 2798 Rehd.
590 2742 726 2810 quartia
751 2742 948 2796 titillarentur.
986 2745 1092 2799 Parvus
1121 2755 1166 2800 est
1190 2764 1277 2802 error

121 2815 288 2881 Goerenzii,
306 2814 359 2883 qui
377 2814 413 2867 ad
432 2813 491 2868 cic.
512 2813 548 2866 de
565 2813 655 2898 Legg.
675 2815 698 2866 1.
719 2817 760 2870 17.
781 2817 824 2869 47.
852 2821 881 2866 et
907 2812 941 2868 de
959 2815 1045 2871 Finn.
1065 2816 1089 2869 1.
1108 2821 1151 2872 11.
1174 2821 1219 2874 39.
1246 2825 1276 2872 at

120 2887 178 2939 111.
199 2890 222 2939 l.
243 2889 268 2939 1.
289 2881 480 2957 titillationem
497 2900 559 2937 esse
576 2885 619 2937 ait
638 2903 656 2936 ι.
678 2901 706 2954 q.
727 2883 847 2938 Graecis
871 2887 1072 2955 γαργαρισμός,
1097 2895 1127 2942 et
1144 2887 1273 2955 titillare,
1312 2930 1314 2941 .

120 2957 306 3027 γαργαρίζειν,
334 2972 388 3026 pro
413 2956 588 3026 γαργαλίζειν
616 2961 645 3006 et
677 2949 871 3024 γαργαλισμός.
918 2954 973 3010 Sed
1004 2973 1063 3010 non
1095 2960 1275 3014 excusandus

120 3027 188 3081 Β111.
210 3027 261 3096 qui
281 3042 346 3079 eum
366 3041 497 3080 errorem
523 3022 558 3077 ad
579 3024 609 3075 h.
634 3023 655 3076 l.
684 3033 793 3078 temere
818 3025 1005 3079 describendo
1031 3045 1114 3081 snum
1138 3031 1219 3095 fecit,
1245 3037 1283 3084 et

112 3099 204 3160 auxit
222 3096 301 3162 adeo,
320 3113 410 3167 quum
430 3112 583 3165 operarum
602 3093 782 3171 negligentiis
808 3112 916 3149 novum
944 3096 1031 3166 plane
1054 3106 1084 3151 et
1111 3099 1274 3154 inauditum
1317 3131 1320 3136 ·

121 3169 244 3222 verbum
260 3169 423 3238 γαργαρύζω
441 3163 563 3236 procudi
582 3165 699 3218 sineret.
737 3166 872 3221 Ceterum
895 3167 955 3219 vid.
973 3166 1069 3222 Daris.
1096 3178 1125 3223 et
1151 3171 1275 3226 Crenae-

120 3256 186 3293 rnm
205 3239 241 3292 ad
260 3238 319 3291 cic.
340 3238 375 3290 de
391 3238 427 3307 N.
448 3236 482 3288 D.
504 3238 527 3289 1.
547 3239 591 3292 to.
612 3254 641 3306 p.
663 3239 721 3292 183.
741 3254 793 3290 nos
812 3236 849 3288 ib.
871 3238 902 3289 in
920 3237 974 3291 Ed.
995 3239 1067 3292 min.
1087 3257 1115 3310 p.
1136 3242 1179 3296 71.
1200 3241 1273 3299 Add.

121 3308 325 3362 Tittmannnm
345 3306 380 3360 ad
398 3309 529 3360 zonarae
547 3308 616 3359 Lex.
637 3306 688 3359 Gr.
709 3324 737 3376 p.
757 3310 810 3362 423
828 3325 871 3377 sq.
908 3309 969 3366 Mr.

193 3380 393 3440 Nunc'autem,
412 3392 549 3429 suolmam
566 3377 735 3444 uoluptatem
753 3378 821 3441 esee,
850 3379 945 3431 dolore
967 3378 1086 3447 carere]
1123 3380 1204 3436 Unus
1222 3383 1273 3436 Ox.

121 3449 234 3503 omittit
252 3456 348 3500 autem.
369 3447 437 3501 (iod.
458 3447 531 3501 Gud.
551 3449 577 3500 2.
597 3445 685 3499 habet
703 3448 869 3515 voluptatem
887 3465 1021 3503 sumniam
1038 3467 1110 3504 eree.
1146 3452 1274 3506 Verbum

121 3537 183 3574 esee
206 3518 347 3573 omittunt
368 3516 442 3570 uda.
472 3519 506 3572 A.
532 3517 564 3569 B.
590 3516 617 3569 S.
647 3517 681 3570 E.
700 3520 780 3574 'Vem
807 3528 896 3576 nostr.
920 3521 984 3574 Asc.
1005 3523 1027 3574 1.
1047 3525 1072 3576 2.
1099 3522 1180 3574 June.
1198 3509 1273 3577 'Gud.

120 3592 208 3646 blarb.
234 3607 312 3660 apr.
331 3607 370 3642 m.
399 3588 516 3642 dolere
541 3590 647 3640 carere.
673 3588 773 3644 Duisb.
800 3590 904 3656 dolere,
933 3593 1040 3659 omisso
1059 3589 1167 3655 sarire,
1196 3593 1274 3662 quod

120 3664 243 3717 verbum
266 3659 345 3714 abest
372 3659 458 3719 etiam
482 3658 516 3711 ab
544 3673 601 3711 uno
625 3659 675 3715 Ox.
706 3659 789 3712 Alias
814 3669 916 3714 contra
940 3671 1005 3730 post
1033 3677 1130 3716 carere
1147 3663 1274 3716 additam

119 3731 205 3786 babet
228 3733 354 3805 glossam
379 3746 415 3782 ex
437 3727 686 3782 antecedentibus:
720 3744 853 3782 rumenam
875 3732 1042 3800 uoluptatem
1074 3732 1147 3788 nitu
1169 3734 1272 3790 dolere.

120 3804 222 3881 Pergit
241 3800 317 3854 Gud.
336 3801 372 3861 2.
388 3804 544 3866 potesne.
562 3797 653 3854 Rebd.
672 3800 768 3867 magia
785 3800 864 3867 ipae
882 3817 1006 3855 aecum.
1043 3801 1119 3855 Tum
1144 3806 1274 3875 qrrinque

120 3872 191 3929 On.
211 3872 286 3924 Mon.
307 3875 331 3926 l.
359 3868 432 3922 Edd·
459 3872 487 3924 Ρ.
514 3886 579 3922 mar
601 3912 607 3926 .
633 3869 712 3935 Orat.
733 3872 769 3922 Μ.
790 3871 820 3921 L.
840 3871 906 3924 Ald.
933 3873 998 3928 As'c.
1017 3878 1042 3931 l.
1060 3872 1170 3932 Stnrrn.
1191 3870 1272 3932 Brut.

101 3943 185 3997 dar.
206 3939 305 4011 Stepla.
324 3940 404 3992 Boul.
425 3939 505 4012 Sylb.
527 3886 756 4007 Gud.,ttwilf.
777 3942 897 3994 alterum
914 3949 967 3996 eat
982 3951 1134 4013 peccatum.
1156 3943 1272 4002 udan.

119 4016 150 4068 B.
171 4014 199 4070 S,
219 4015 254 4066 E.
274 4011 305 4064 G.
325 4014 395 4065 Ven.
413 4020 518 4071 ¹nostr.
542 4010 607 4064 Asc.
628 4014 669 4065 2.-
684 4012 765 4066 Junt.
792 4014 909 4066 alterum
932 4021 986 4068 eat
1008 4015 1143 4068 vitium.
1159 4044 1205 4054 ,..
1241 4015 1275 4069 In

119 4093 185 4139 anta
211 4091 313 4137 natura
337 4083 447 4138 omittit
472 4081 544 4137 (lod.
572 4079 663 4135 Rehd.
693 4089 721 4134 et
744 4082 797 4135 Ed.
826 4084 856 4136 P.
885 4084 973 4139 Quum
1000 4087 1078 4140 abest
1108 4105 1125 4140 a
1151 4086 1225 4140 Gud.
1246 4089 1271 4142 2.

120 4155 267 4210 scribitur
285 4155 445 4207 trinsiunt
463 4155 495 4206 in
515 4152 602 4206 Codd.
622 4151 708 4210 Marb.
737 4161 766 4207 et
784 4153 857 4206 Gud.
879 4160 911 4221 13
940 4156 989 4210 sed
1006 4157 1155 4227 posterior
1176 4158 1274 4212 ilite-

119 4243 168 4280 rae
186 4245 204 4280 a
223 4226 453 4297 superscriptum
468 4223 564 4290 babet.
584 4225 650 4275 Mox
667 4221 759 4277 Rebd.
777 4226 891 4277 tertium
908 4242 959 4279 aec
976 4227 1105 4281 dolere
1122 4245 1172 4282 nec
1187 4244 1274 4298 gau·

119 4301 213 4354 dere.
244 4296 318 4352 Gud.
338 4299 364 4352 2.
383 4313 433 4348 nec
458 4294 596 4346 dolore.
627 4294 700 4369 Aug.
719 4296 831 4369 omittit
849 4294 903 4348 iic.
923 4298 998 4356 Mr.
1104 4349 1112 4356 ,

189 4368 234 4424 bic
249 4371 368 4438 primum
387 4374 415 4419 et
432 4367 547 4418 tertium
564 4370 641 4432 putat
658 4366 732 4418 idem
750 4367 832 4432 esea]
870 4366 1065 4424 Consentiunt
1088 4369 1120 4422 in
1142 4368 1201 4422 boc
1227 4386 1274 4424 or-

118 4442 185 4497 dine
204 4441 291 4497 codd.
312 4435 387 4491 MSS.
407 4436 560 4490 Editiones
579 4451 637 4488 non
656 4437 740 4494 itam:
760 4437 787 4491 Ρ.
808 4434 857 4490 bic
872 4436 947 4492 idem
962 4441 1086 4506 primum
1110 4447 1137 4493 et
1160 4439 1273 4495 tertium
