2842 5070
90 351 98 366 .
207 294 266 358 tn
316 268 325 278 '
402 286 633 359 olceeoms
654 266 898 352 russanen.
920 271 1150 348 ursanum:

205 472 316 516 cemus
355 454 392 513 in
423 453 555 516 culcita¹
578 453 727 533 plumea3
772 449 944 533 psaltriam
982 445 1200 523 adducamus3
1238 424 1356 527 demus

205 653 267 691 mus
290 636 465 707 hedychrum,
491 639 691 704 intendamus
714 636 861 689 scutellam
885 634 1036 688 dulciculae
1060 614 1195 701 potionis,
1211 631 1273 714 ,¹¹9⁰
1300 639 1354 714 est,

132 763 134 771 .
202 710 393 777 porrigamus.
418 711 446 762 J.
466 709 557 762 Gebh.
581 708 659 762 dedit
685 703 1191 828 hhqrfflumgaeqllfflfiZilssiimiljzii
1210 702 1258 824 lilii
1276 719 1356 825 culpem

205 779 752 918 diiihhihiiliiidahislisstctiiiiidhisetc.
772 793 943 899 duoqheidd.
969 844 1063 897 demus
1074 809 1238 905 hidarum,
1259 788 1356 895 incen-

207 920 306 972 damus
324 918 467 972 scutellam
486 927 540 970 etc.
560 935 623 970 mea
639 919 692 972 Ed
712 925 769 968 vet.
791 917 885 968 demus
902 913 1052 968 hedriacum.
1081 912 1277 966 Intendamus
1293 928 1356 966 scu·
1384 923 1389 935 '
1415 943 1417 952 =

206 989 302 1042 tellam
321 997 374 1040 etc.
412 988 544 1040 Davisius
561 997 620 1040 tam
638 987 785 1040 cornmode
804 987 1011 1038 demonstravit
1034 984 1189 1058 legendum
1208 1000 1280 1036 esse:
1307 983 1355 1036 de·

206 1073 268 1110 mus
286 1056 461 1128 hedychrum,
479 1061 658 1112 intendamus
675 1057 817 1110 scutellam
836 1065 893 1109 etc.
911 1063 945 1107 ut
956 1070 1039 1107 nemo
1053 1071 1112 1108 non
1119 1052 1354 1126 possitaccedere

148 1133 150 1136 ’
210 1129 271 1181 eius
288 1129 349 1180 viri
367 1129 570 1181 correctioni.“
606 1129 675 1181 Mra

248 1192 251 1199 “
277 1197 467 1267 Hedychrum
484 1195 674 1262 incendamus]
709 1196 759 1249 Ph.
773 1194 925 1249 Beroaldus
938 1193 1092 1268 legendum
1105 1193 1230 1247 coniecit
1243 1192 1354 1247 cedrum

208 1266 403 1332 incendamus,
428 1287 514 1340 quam
532 1269 678 1321 odoratam
700 1283 758 1336 esse
785 1275 814 1318 et
836 1266 885 1317 uri
911 1265 1025 1317 solitam
1048 1272 1166 1322 constat.
1211 1264 1283 1316 Vide
1306 1262 1354 1317 CI.

209 1337 340 1391 Salmasii
357 1339 462 1391 Exere.
481 1339 554 1391 Plin.
573 1357 639 1414 pag.
658 1339 719 1392 95⁰.
763 1337 833 1389 Inde
851 1338 970 1400 factum,
993 1343 1028 1386 ut
1045 1333 1233 1399 Camerarius,
1259 1337 1356 1386 Manu·

209 1409 279 1473 cius,
299 1416 327 1460 et
345 1408 497 1462 Lambinus
514 1409 589 1461 hanc
608 1407 741 1461 certatim
757 1406 901 1459 laudarint
920 1405 1125 1459 coniecturam.
1161 1405 1200 1456 Et
1219 1421 1285 1456 sane
1296 1404 1354 1456 Pal.

209 1486 303 1548 quart.
324 1475 452 1532 hedrum:
480 1479 590 1531 Eliens.
615 1496 660 1548 pr.
685 1477 825 1531 cedrinum
850 1483 1052 1545 repraesentat.
1092 1473 1132 1526 At
1155 1491 1223 1526 oum
1246 1473 1356 1542 reliqui

208 1550 272 1601 fere
295 1548 412 1601 Codices
430 1547 590 1603 hedricrum
611 1548 660 1600 vel
678 1544 844 1617 induciarum
869 1547 1024 1610 retineant,
1051 1545 1082 1604 id
1104 1543 1271 1618 legitimum
1295 1561 1355 1598 esse
1381 1584 1383 1592 ,

208 1617 295 1669 huius
318 1618 377 1669 loci
401 1619 478 1671 vidit
500 1621 558 1672 Pet.
578 1618 736 1682 Victorius,
753 1629 829 1670 ‘nam
855 1625 934 1670 recte
956 1623 1063 1681 monet,
1088 1613 1165 1667 haud
1180 1619 1246 1668 'esse
1272 1615 1355 1689 vulgi

209 1688 338 1753 verbum,
357 1689 406 1756 sed
424 1697 453 1742 et
465 1683 608 1743 Graecum
627 1697 656 1740 et
674 1689 797 1770 elegans.
834 1684 870 1738 Se
888 1695 986 1738 tamen
1002 1703 1062 1738 non
1080 1685 1207 1755 expediit
1224 1685 1272 1738 vir
1291 1702 1355 1749 eru-

210 1758 480 1829 ditissimus,-quod
492 1760 523 1812 H
526 1761 568 1813 ed
572 1757 712 1829 ychrum
731 1765 808 1809 inter
825 1773 867 1822 ea,
886 1774 959 1826 quae
976 1754 1151 1808 uranturad
1169 1755 1279 1818 odores,
1298 1770 1355 1808 non

211 1835 401 1894 recenseatur,
419 1831 469 1883 sed
485 1831 563 1883 inter
579 1837 733 1904 unguente.
770 1827 949 1880 Dioscorides
967 1827 1016 1878 lib.
1038 1831 1062 1881 1.
1082 1843 1141 1894 cap.
1162 1829 1205 1881 61.
1243 1826 1298 1877 Kal
1322 1820 1353 1878 ei

211 1895 427 1964 reindueroudi
443 1895 596 1970 ἡδύχρουν,
615 1892 817 1965 σκευαζόμενον
835 1895 865 1948 dl
882 1895 914 1949 ir
935 1898 995 1962 Κῷ,
1020 1901 1068 1964 τῇς
1085 1899 1167 1962 αὐτῆς
1193 1896 1290 1964 ἔχηται
1307 1893 1355 1948 du-

212 1965 318 2034 νάμεως
335 1987 364 2024 cs
381 1973 428 2023 nul
446 1977 587 2030 σκευασίας
605 1975 643 2024 τῶ
661 1972 840 2038 ἀμαρακίνῳ·
860 1967 1042 2034 εὐωδέστερον
1060 1966 1090 2018 δὲ
1113 1967 1253 2034 τυγχάνει.
1290 1967 1357 2017 Plu·

184 2051 187 2056 ·
212 2037 282 2088 rimi
304 2035 575 2098 Codices'ordinem
597 2040 752 2092 verborum
775 2045 904 2100 mutant,
934 2036 1071 2090 exhibent
1090 2039 1176 2100 enim,
1202 2035 1356 2103 psaltriam

210 2105 392 2173 adducamus,
412 2109 508 2161 densus
525 2107 699 2176 hedychrum
728 2106 909 2161 incendamus
927 2107 1072 2161 scutellam
1091 2107 1246 2161 dulciculae
1262 2105 1357 2175 potio·

209 2176 266 2242 uis,
286 2187 340 2230 etc.
377 2180 440 2231 Nec
463 2196 574 2230 causam
599 2179 693 2242 video,
723 2195 776 2230 cur
800 2177 951 2229 reliciatur
976 2178 1030 2228 ista
1052 2177 1157 2230 lectior
1185 2177 1244 2229 nisi
1271 2176 1356 2244 quod,

212 2263 278 2298 cum
296 2249 365 2321 Reg.
385 2247 456 2300 Med.
478 2257 507 2301 et
524 2247 669 2300 Pithoean.
688 2247 811 2300 habeant
830 2247 928 2301 damus
939 2245 1116 2315 hedrycrum,
1134 2247 1235 2302 lubens
1254 2246 1357 2301 rescri-

211 2317 329 2385 pserim,
354 2333 492 2382 ungamus
509 2314 656 2387 hedychro-
693 2317 729 2370 D.

284 2404 377 2456 demus
394 2401 573 2474 hedychrume
591 2405 766 2462 intendamus
783 2404 924 2458 scutellam
944 2404 1097 2459 dulciculae
1112 2402 1267 2472 pationiss]
1286 2406 1356 2457 Ern.

213 2472 290 2524 nihil
308 2475 443 2528 mutavit:
463 2478 574 2546 recepit
592 2477 659 2528 adeo
679 2475 824 2529 Gebhardi
843 2475 1037 2550 stribliginem
1061 2472 1236 2543 hedrychum.
1260 2476 1358 2531 Wolf.

204 2543 292 2594 ‘dedit
309 2552 341 2595 ut
359 2561 409 2597 nos
427 2541 572 2614 scriptum
588 2546 753 2599 exhibemus
771 2545 876 2598 locum.
897 2545 945 2599 Or.
964 2546 1113 2616 praetulit:
1133 2544 1300 2614 hedychrum
1316 2545 1360 2598 in·

214 2613 370 2678 tendamus,
389 2616 529 2668 scutellam
549 2616 705 2670 dulciculae
722 2614 865 2683 patianise
883 2623 917 2666 ut
935 2633 962 2670 r.
982 2615 1160 2668 intendamus
1177 2617 1267 2684 (quod
1278 2620 1361 2687 prae-'

213 2691 261 2735 ter
277 2682 331 2740 Ed.
349 2693 407 2740 vet.
426 2687 515 2738 Bouh.
535 2687 652 2756 praebet
679 2686 766 2739 etiam
784 2685 851 2738 Cod.
871 2685 967 2751 Berri.)
985 2695 1142 2754 utrumque
1159 2685 1361 2739 accusativum

119 2758 127 2796 ι’
215 2750 287 2817 (hed.
308 2761 338 2805 et
355 2754 442 2822 scut.)
460 2763 550 2831 regat.
589 2759 624 2809 ln
641 2756 699 2808 alia
715 2755 858 2807 scribendi
876 2756 924 2807 vel
942 2757 1108 2830 corrigendi
1126 2756 1253 2809 ratione:
1278 2755 1361 2825 hedy-

214 2822 312 2876 chrum
329 2824 515 2893 intendamus,
534 2827 628 2880 demus
646 2827 798 2890 scutellam,
824 2841 896 2893 quae
916 2834 957 2877 est
980 2827 1068 2878 lectio
1095 2827 1255 2878 multorum
1273 2826 1360 2880 Codd.

213 2895 247 2943 V.
269 2894 360 2949 Gebh.
381 2897 440 2962 [sed
456 2897 507 2950 hic
524 2897 610 2950 habet
627 2895 803 2965 hedrychum]
823 2896 895 2946 Lali.
915 2896 999 2960 Era„
1024 2897 1080 2947 nisi
1099 2896 1175 2964 quod
1191 2896 1299 2949 habent
1316 2895 1363 2950 iu·

128 3006 130 3013 ,
213 2965 376 3017 cendamuss
396 2967 426 3018 in
443 2967 497 3019 hac
516 2968 608 3040 igitur
626 2968 750 3019 lectione
769 2967 866 3018 demus
885 2965 911 3017 ei
928 2967 977 3018 vel
996 2985 1011 3019 e
1029 2967 1234 3041 geminatione,
1259 2967 1310 3019 vel
1326 2984 1363 3019 ex

217 3033 440 3104 interpolatione
457 3039 572 3090 fluxisse
588 3037 718 3089 videtur:
740 3037 826 3106 idque
844 3036 934 3110 magis
954 3035 1154 3090 etiam‘valere
1167 3038 1208 3088 ait
1224 3039 1258 3090 de
1276 3038 1363 3090 tertia

216 3103 341 3158 lectione
360 3107 413 3158 Ed.
431 3115 489 3160 vet.
507 3108 607 3172 Bouh.,
627 3123 767 3176 expressa,
795 3114 827 3156 ut
846 3106 873 3158 ei
891 3106 1015 3172 videtur,
1036 3125 1050 3159 e
1069 3107 1136 3159 God.
1160 3108 1240 3174 Vnt,
1278 3123 1367 3177 quam

217 3190 267 3231 nos
284 3185 348 3246 post
366 3179 461 3231 Wolt.
482 3177 564 3231 Sohz.
594 3187 623 3231 et
641 3176 735 3230 Kiihn.
763 3177 933 3246 recepimus.
971 3179 1100 3229 Primum
1118 3177 1195 3243 enim
1221 3195 1257 3229 ex
1275 3178 1363 3230 colla-

217 3245 296 3299 tione
314 3246 381 3300 God.
401 3250 470 3324 Rege
491 3258 587 3300 nostra
605 3248 746 3314 nonsatis
765 3256 878 3298 certum
902 3256 953 3311 est,
979 3267 1015 3299 an
1038 3265 1069 3299 re
1088 3265 1157 3300 vera
1178 3247 1250 3299 absit
1269 3249 1364 3300 densus

216 3332 244 3367 v.
265 3317 363 3370 damus
381 3327 446 3371 ante
464 3316 631 3387 hedychrutn
648 3319 725 3385 (coll.
745 3315 956 3386 hedrychrum):
983 3326 1011 3372 et
1036 3318 1142 3370 habent
1166 3318 1241 3370 illud
1265 3318 1363 3370 dantus

218 3401 250 3437 eo
268 3387 334 3440 loco
353 3389 425 3442 Gud.
447 3395 471 3443 1.
499 3389 598 3462 (Regio
617 3388 797 3454 simillimus)
822 3387 894 3439 Gud.
914 3391 939 3442 2.
963 3389 1050 3442 Marh.
1078 3390 1161 3440 Bern.
1181 3391 1254 3440 Mon.
1275 3390 1362 3451 1.t.;

217 3455 313 3508 Duisb.
333 3470 404 3526 vero
422 3458 527 3510 ibidem
546 3459 700 3511 trademus.-
719 3458 821 3510 deinde
840 3458 914 3510 illud
932 3458 1145 3513 incommodum
1155 3459 1269 3524 accidit,
1288 3457 1364 3525 quod

217 3542 308 3576 unum
333 3528 408 3579 illud
427 3529 549 3580 verbum
575 3536 732 3598 utriunque
759 3528 962 3580 Accusativum
989 3548 1020 3582 re
1043 3547 1091 3581 ere
1120 3530 1249 3602 cogitur,
1282 3528 1364 3603 quasi

217 3597 362 3649 scutellam
373 3596 542 3676 dulciculae,
549 3597 670 3668 potionis
693 3599 732 3650 sit
754 3598 895 3669 appositio
917 3601 995 3651 vocis
1014 3548 1188 3668 heracleum.
1215 3627 1249 3638 —
1283 3598 1363 3651 Addo

218 3666 357 3720 (lodicum
385 3670 536 3722 lectiones:
573 3671 653 3722 Unus
666 3670 727 3724 Ox.
754 3669 903 3734 aedricum,
934 3671 1006 3721 alius
1031 3669 1166 3734 hedicum,
1198 3669 1271 3721 alius
1298 3685 1364 3735 cum

219 3735 294 3788 Gud.
315 3743 341 3793 2.
361 3742 435 3790 Mon.
458 3744 481 3794 1.
501 3739 621 3792 edricum
628 3757 638 3803 3
661 3740 732 3791 alius
751 3740 867 3803 editum,
889 3740 946 3791 duo
964 3738 1160 3810 herdrycrum:
1186 3740 1296 3809 reliqui
1319 3737 1365 3792 he·

219 3805 364 3874 dychrum3
384 3809 456 3860 Gud.
470 3813 492 3862 1.
512 3809 685 3872 aedricrum3
704 3810 777 3882 Aug.
796 3808 968 3874 indiculum,-
987 3813 1059 3864 Gud.
1079 3809 1248 3873 heidricam,·
1267 3810 1364 3862 Duisb.

220 3873 484 3945 hedrycum31tlarb.
505 3889 534 3931 et
551 3897 624 3930 unus
644 3882 692 3932 Ox.
711 3878 886 3946 phedricum3
914 3884 988 3933 Mon.
1008 3887 1034 3938 2.
1054 3881 1213 3935 hedericum
1230 3882 1366 3933 calamum

191 3995 193 3999 ,
220 3946 394 4013 odoriferum
412 3948 593 4002 incendamus
611 3949 770 4003 scultellam.
792 3952 865 4004 Gud.
879 3951 1050 4005 incedamus.
1071 3956 1144 4005 tton.
1156 3957 1181 4006 1.
1202 3951 1363 4005 dulciculae.

221 4016 294 4096 (iud.
315 4021 340 4073 2.
360 4017 431 4070 scite
449 4019 530 4072 illam
549 4019 612 4089 (pro
630 4019 793 4085 scutellam).
818 4024 889 4074 Ven.
915 4032 1003 4075 nostr.
1023 4032 1089 4094 post
1114 4024 1283 4075 adducamus
1301 4035 1373 4092 per-⁸

219 4094 279 4208 §its
314 4091 451 4141 calamum
473 4090 645 4156 odoriferam
669 4092 854 4145 incendamus.
880 4095 960 4146 lunt.
988 4094 1051 4146 Asc.
1072 4099 1096 4150 1.
1116 4098 1142 4149 2·
1173 4093 1236 4146 Car.
1265 4091 1372 4164 Steph.
1402 4114 1409 4163 j

241 4163 327 4209 turm.
347 4160 443 4211 Lamb.
464 4161 548 4213 Goth.
573 4163 695 4215 HWolf.
722 4164 807 4216 Leod.
835 4165 947 4216 cedrum
973 4163 1043 4229 inc.;
1070 4165 1144 4216 Vict.
1169 4164 1237 4216 Rob.
1265 4162 1364 4234 Steph.

218 4227 298 4279 Brut.
319 4227 400 4297 sylb.
420 4237 485 4282 curn
503 4250 578 4284 cecc.
598 4233 725 4301 (praeter
744 4233 833 4288 Gebh.
855 4242 884 4286 et
901 4235 984 4300 Ern.)
1003 4233 1177 4304 hedychrum.
1213 4235 1294 4288 Unus
1313 4236 1363 4288 Ox.

219 4296 282 4364 (qui
299 4298 385 4351 habet
402 4298 538 4368 hedicum)
557 4305 654 4376 pergit
673 4305 800 4358 demus:
819 4304 1012 4357 incendamus.-
1045 4305 1122 4374 quod
1148 4315 1260 4359 nostrae
1280 4305 1367 4358 etiam

218 4367 298 4421 iavet
333 4370 502 4441 scriptioni.
544 4374 658 4427 Demus·
681 4384 745 4428 ante
778 4375 918 4430 scutellam
955 4375 1061 4430 habent
1094 4378 1157 4430 fere
1188 4375 1259 4430 Edd.
1291 4382 1364 4430 vett.
