<?xml version="1.0" encoding="UTF-8"?>
<!DOCTYPE html PUBLIC "-//W3C//DTD XHTML 1.0 Transitional//EN"
    "http://www.w3.org/TR/xhtml1/DTD/xhtml1-transitional.dtd">
<html xmlns="http://www.w3.org/1999/xhtml" xml:lang="en" lang="en">
 <head>
  <title>
</title>
<meta http-equiv="Content-Type" content="text/html;charset=utf-8" />
  <meta name='ocr-system' content='tesseract 3.04.00' />
  <meta name='ocr-capabilities' content='ocr_page ocr_carea ocr_par ocr_line ocrx_word'/>
</head>
<body>
  <div class='ocr_page' id='page_1' title='image "./mtulliiciceroni00davigoog_0129.png"; bbox 0 0 2842 5070; ppageno 0'>
   <div class='ocr_carea' id='block_1_1' title="bbox 80 246 1136 346">
    <p class='ocr_par' dir='ltr' id='par_1_1' title="bbox 80 246 1136 346">
     <span class='ocr_line' id='line_1_1' title="bbox 80 246 1136 346; baseline 0.002 -4"><span class='ocrx_word' id='word_1_1' title='bbox 80 338 82 342; x_wconf 72' lang='grc'><strong>,</strong></span> <span class='ocrx_word' id='word_1_2' title='bbox 192 281 250 346; x_wconf 83' lang='lat'><strong><em>120</em></strong></span> <span class='ocrx_word' id='word_1_3' title='bbox 386 276 616 344; x_wconf 73' lang='lat' dir='ltr'>CICERONIS</span> <span class='ocrx_word' id='word_1_4' title='bbox 637 276 884 345; x_wconf 69' lang='lat' dir='ltr'><strong><em>tusconen.</em></strong></span> <span class='ocrx_word' id='word_1_5' title='bbox 907 246 1136 344; x_wconf 77' lang='lat' dir='ltr'><strong><em>olseumr.</em></strong></span> 
     </span>
    </p>
   </div>
   <div class='ocr_carea' id='block_1_2' title="bbox 189 412 1405 615">
    <p class='ocr_par' dir='ltr' id='par_1_2' title="bbox 189 412 1405 615">
     <span class='ocr_line' id='line_1_2' title="bbox 190 412 1405 528; baseline -0.006 -17"><span class='ocrx_word' id='word_1_6' title='bbox 190 412 326 523; x_wconf 78' lang='lat' dir='ltr'><strong><em>tentam,</em></strong></span> <span class='ocrx_word' id='word_1_7' title='bbox 347 465 413 528; x_wconf 87' lang='lat' dir='ltr'><strong><em>quo</em></strong></span> <span class='ocrx_word' id='word_1_8' title='bbox 434 443 532 509; x_wconf 88' lang='lat' dir='ltr'><strong><em>modo</em></strong></span> <span class='ocrx_word' id='word_1_9' title='bbox 554 442 597 507; x_wconf 86' lang='lat' dir='ltr'><strong><em>ad</em></strong></span> <span class='ocrx_word' id='word_1_10' title='bbox 617 444 702 507; x_wconf 85' lang='lat' dir='ltr'><strong><em>benc</em></strong></span> <span class='ocrx_word' id='word_1_11' title='bbox 728 441 920 521; x_wconf 87' lang='lat' dir='ltr'><strong><em>vivendum,</em></strong></span> <span class='ocrx_word' id='word_1_12' title='bbox 946 444 1000 507; x_wconf 82' lang='lat' dir='ltr'><strong><em>&#39;sic-</em></strong></span> <span class='ocrx_word' id='word_1_13' title='bbox 1022 444 1123 505; x_wconf 85' lang='lat' dir='ltr'><strong><em>etiam</em></strong></span> <span class='ocrx_word' id='word_1_14' title='bbox 1155 438 1205 527; x_wconf 34' lang='lat' dir='ltr'><strong><em>ad·</em></strong></span> <span class='ocrx_word' id='word_1_15' title='bbox 1223 439 1338 505; x_wconf 76' lang='lat' dir='ltr'><strong><em>beelei</em></strong></span> <span class='ocrx_word' id='word_1_16' title='bbox 1401 485 1405 489; x_wconf 87' lang='lat'><em>-</em></span> 
     </span>
     <span class='ocr_line' id='line_1_3' title="bbox 189 524 1340 615; baseline -0.003 -25"><span class='ocrx_word' id='word_1_17' title='bbox 189 546 275 609; x_wconf 85' lang='lat' dir='ltr'><strong><em>quas</em></strong></span> <span class='ocrx_word' id='word_1_18' title='bbox 294 529 324 589; x_wconf 82' lang='lat' dir='ltr'><strong><em>si</em></strong></span> <span class='ocrx_word' id='word_1_19' title='bbox 345 529 551 598; x_wconf 79' lang='lat' dir='ltr'><strong><em>extrinsecus</em></strong></span> <span class='ocrx_word' id='word_1_20' title='bbox 580 528 721 615; x_wconf 77' lang='lat' dir='ltr'><strong><em>religata</em></strong></span> <span class='ocrx_word' id='word_1_21' title='bbox 746 524 906 608; x_wconf 81' lang='lat' dir='ltr'><strong><em>pendeat,</em></strong></span> <span class='ocrx_word' id='word_1_22' title='bbox 937 535 972 588; x_wconf 89' lang='lat' dir='ltr'><strong><em>et</em></strong></span> <span class='ocrx_word' id='word_1_23' title='bbox 1002 544 1070 587; x_wconf 87' lang='lat' dir='ltr'><strong><em>non</em></strong></span> <span class='ocrx_word' id='word_1_24' title='bbox 1099 533 1133 586; x_wconf 90' lang='lat' dir='ltr'><strong><em>et</em></strong></span> <span class='ocrx_word' id='word_1_25' title='bbox 1165 525 1298 586; x_wconf 86' lang='lat' dir='ltr'><strong><em>oriatur</em></strong></span> <span class='ocrx_word' id='word_1_26' title='bbox 1319 543 1340 586; x_wconf 82' lang='lat' dir='ltr'>a</span> 
     </span>
    </p>
   </div>
   <div class='ocr_carea' id='block_1_3' title="bbox 177 709 1339 1064">
    <p class='ocr_par' dir='ltr' id='par_1_3' title="bbox 177 709 1339 1064">
     <span class='ocr_line' id='line_1_4' title="bbox 177 709 1337 781; baseline 0 -16"><span class='ocrx_word' id='word_1_27' title='bbox 177 713 266 765; x_wconf 81' lang='lat' dir='ltr'><strong><em>tiam.</em></strong></span> <span class='ocrx_word' id='word_1_28' title='bbox 304 711 431 766; x_wconf 74' lang='lat' dir='ltr'><strong><em>Hanelius</em></strong></span> <span class='ocrx_word' id='word_1_29' title='bbox 456 720 557 765; x_wconf 64' lang='lat' dir='ltr'><strong><em>conns</em></strong></span> <span class='ocrx_word' id='word_1_30' title='bbox 579 713 682 765; x_wconf 86' lang='lat' dir='ltr'><strong><em>mirari</em></strong></span> <span class='ocrx_word' id='word_1_31' title='bbox 705 730 735 765; x_wconf 83' lang='lat' dir='ltr'><strong><em>se</em></strong></span> <span class='ocrx_word' id='word_1_32' title='bbox 759 713 810 778; x_wconf 88' lang='lat' dir='ltr'><strong><em>ait,</em></strong></span> <span class='ocrx_word' id='word_1_33' title='bbox 840 710 916 781; x_wconf 80' lang='lat' dir='ltr'><strong><em>quod</em></strong></span> <span class='ocrx_word' id='word_1_34' title='bbox 943 711 989 764; x_wconf 87' lang='lat' dir='ltr'><strong><em>Or.</em></strong></span> <span class='ocrx_word' id='word_1_35' title='bbox 1014 709 1126 763; x_wconf 80' lang='lat' dir='ltr'><strong><em>docenti</em></strong></span> <span class='ocrx_word' id='word_1_36' title='bbox 1147 711 1337 781; x_wconf 84' lang='lat' dir='ltr'><strong><em>praetulerit:</em></strong></span> 
     </span>
     <span class='ocr_line' id='line_1_5' title="bbox 185 781 1338 852; baseline -0.001 -16"><span class='ocrx_word' id='word_1_37' title='bbox 185 783 356 852; x_wconf 85' lang='lat' dir='ltr'><strong><em>laudatoque</em></strong></span> <span class='ocrx_word' id='word_1_38' title='bbox 373 784 437 836; x_wconf 89' lang='lat' dir='ltr'><strong><em>loco</em></strong></span> <span class='ocrx_word' id='word_1_39' title='bbox 455 783 490 836; x_wconf 89' lang='lat' dir='ltr'><strong><em>de</em></strong></span> <span class='ocrx_word' id='word_1_40' title='bbox 508 784 593 836; x_wconf 78' lang='lat' dir='ltr'><strong><em>Finn.</em></strong></span> <span class='ocrx_word' id='word_1_41' title='bbox 612 785 635 836; x_wconf 93' lang='lat' dir='ltr'><strong><em>l.</em></strong></span> <span class='ocrx_word' id='word_1_42' title='bbox 656 786 697 839; x_wconf 79' lang='lat'><strong><em>14.</em></strong></span> <span class='ocrx_word' id='word_1_43' title='bbox 717 786 760 840; x_wconf 83' lang='grc'><strong>46.</strong></span> <span class='ocrx_word' id='word_1_44' title='bbox 782 781 862 851; x_wconf 79' lang='lat' dir='ltr'><strong><em>[quiet</em></strong></span> <span class='ocrx_word' id='word_1_45' title='bbox 883 790 935 847; x_wconf 83' lang='lat' dir='ltr'><strong><em>est,</em></strong></span> <span class='ocrx_word' id='word_1_46' title='bbox 954 798 1003 835; x_wconf 83' lang='lat' dir='ltr'><strong><em>cnr</em></strong></span> <span class='ocrx_word' id='word_1_47' title='bbox 1026 782 1181 835; x_wconf 80' lang='lat' dir='ltr'><strong><em>dubitemus</em></strong></span> <span class='ocrx_word' id='word_1_48' title='bbox 1200 782 1294 835; x_wconf 78' lang='lat' dir='ltr'><strong><em>dicere</em></strong></span> <span class='ocrx_word' id='word_1_49' title='bbox 1312 790 1338 836; x_wconf 88' lang='lat' dir='ltr'><strong><em>et</em></strong></span> 
     </span>
     <span class='ocr_line' id='line_1_6' title="bbox 186 851 1338 922; baseline 0 -16"><span class='ocrx_word' id='word_1_50' title='bbox 186 851 356 921; x_wconf 79' lang='lat' dir='ltr'><strong><em>sapientiam</em></strong></span> <span class='ocrx_word' id='word_1_51' title='bbox 370 859 488 922; x_wconf 88' lang='lat' dir='ltr'><strong><em>propter</em></strong></span> <span class='ocrx_word' id='word_1_52' title='bbox 505 854 670 922; x_wconf 80' lang='lat' dir='ltr'><strong><em>voluptatem</em></strong></span> <span class='ocrx_word' id='word_1_53' title='bbox 687 855 873 922; x_wconf 77' lang='lat' dir='ltr'><strong><em>expetendam,</em></strong></span> <span class='ocrx_word' id='word_1_54' title='bbox 895 860 923 906; x_wconf 86' lang='lat' dir='ltr'><strong><em>et</em></strong></span> <span class='ocrx_word' id='word_1_55' title='bbox 940 851 1135 921; x_wconf 71' lang='lat' dir='ltr'><strong><em>insipientiam</em></strong></span> <span class='ocrx_word' id='word_1_56' title='bbox 1148 860 1263 920; x_wconf 81' lang='lat' dir='ltr'><strong><em>propter</em></strong></span> <span class='ocrx_word' id='word_1_57' title='bbox 1278 870 1338 906; x_wconf 88' lang='lat' dir='ltr'><strong><em>mo-</em></strong></span> 
     </span>
     <span class='ocr_line' id='line_1_7' title="bbox 186 919 1339 998; baseline 0.001 -22"><span class='ocrx_word' id='word_1_58' title='bbox 186 923 287 978; x_wconf 81' lang='lat' dir='ltr'><strong><em>lestias</em></strong></span> <span class='ocrx_word' id='word_1_59' title='bbox 306 940 366 978; x_wconf 85' lang='lat' dir='ltr'><strong><em>esse</em></strong></span> <span class='ocrx_word' id='word_1_60' title='bbox 382 924 564 992; x_wconf 71' lang='lat' dir='ltr'><strong><em>fugiendam?</em></strong></span> <span class='ocrx_word' id='word_1_61' title='bbox 570 924 581 990; x_wconf 90' lang='lat'>]</span> <span class='ocrx_word' id='word_1_62' title='bbox 609 933 708 978; x_wconf 90' lang='lat' dir='ltr'><strong><em>monet</em></strong></span> <span class='ocrx_word' id='word_1_63' title='bbox 730 924 824 978; x_wconf 81' lang='lat' dir='ltr'><strong><em>dicere</em></strong></span> <span class='ocrx_word' id='word_1_64' title='bbox 841 923 988 977; x_wconf 85' lang='lat' dir='ltr'><strong><em>interdum</em></strong></span> <span class='ocrx_word' id='word_1_65' title='bbox 1014 925 1045 977; x_wconf 82' lang='lat' dir='ltr'><strong><em>id</em></strong></span> <span class='ocrx_word' id='word_1_66' title='bbox 1062 919 1237 998; x_wconf 76' lang='lat' dir='ltr'><strong><em>significare,</em></strong></span> <span class='ocrx_word' id='word_1_67' title='bbox 1262 923 1339 994; x_wconf 75' lang='lat' dir='ltr'><strong><em>quod</em></strong></span> 
     </span>
     <span class='ocr_line' id='line_1_8' title="bbox 186 994 1337 1064; baseline -0.001 -16"><span class='ocrx_word' id='word_1_68' title='bbox 186 1001 323 1060; x_wconf 79' lang='lat' dir='ltr'><strong><em>statuere,</em></strong></span> <span class='ocrx_word' id='word_1_69' title='bbox 338 995 509 1064; x_wconf 81' lang='lat' dir='ltr'><strong><em>praecipere.</em></strong></span> <span class='ocrx_word' id='word_1_70' title='bbox 546 996 609 1047; x_wconf 88' lang='lat' dir='ltr'><strong><em>Nec</em></strong></span> <span class='ocrx_word' id='word_1_71' title='bbox 625 1012 696 1048; x_wconf 84' lang='lat' dir='ltr'><strong><em>vero</em></strong></span> <span class='ocrx_word' id='word_1_72' title='bbox 715 1004 786 1062; x_wconf 78' lang='lat' dir='ltr'><strong><em>erat,</em></strong></span> <span class='ocrx_word' id='word_1_73' title='bbox 814 995 890 1064; x_wconf 86' lang='lat' dir='ltr'><strong><em>qnod</em></strong></span> <span class='ocrx_word' id='word_1_74' title='bbox 907 994 1066 1047; x_wconf 84' lang='lat' dir='ltr'><strong><em>miraretur</em></strong></span> <span class='ocrx_word' id='word_1_75' title='bbox 1082 996 1132 1048; x_wconf 83' lang='lat' dir='ltr'><strong><em>vir</em></strong></span> <span class='ocrx_word' id='word_1_76' title='bbox 1147 994 1337 1048; x_wconf 83' lang='lat' dir='ltr'><strong><em>doctissimus.</em></strong></span> 
     </span>
    </p>
   </div>
   <div class='ocr_carea' id='block_1_4' title="bbox 92 1064 1337 1136">
    <p class='ocr_par' dir='ltr' id='par_1_4' title="bbox 92 1064 1337 1136">
     <span class='ocr_line' id='line_1_9' title="bbox 92 1064 1337 1136; baseline 0 -17"><span class='ocrx_word' id='word_1_77' title='bbox 92 1116 97 1123; x_wconf 91' lang='grc'><strong>,</strong></span> <span class='ocrx_word' id='word_1_78' title='bbox 187 1066 255 1131; x_wconf 81' lang='lat' dir='ltr'><strong><em>Non</em></strong></span> <span class='ocrx_word' id='word_1_79' title='bbox 273 1065 352 1118; x_wconf 87' lang='lat' dir='ltr'><strong><em>enim</em></strong></span> <span class='ocrx_word' id='word_1_80' title='bbox 369 1066 400 1118; x_wconf 88' lang='lat' dir='ltr'><strong><em>id</em></strong></span> <span class='ocrx_word' id='word_1_81' title='bbox 417 1065 577 1136; x_wconf 69' lang='lat' dir='ltr'><strong><em>quaerimur,</em></strong></span> <span class='ocrx_word' id='word_1_82' title='bbox 597 1066 667 1135; x_wconf 86' lang='lat' dir='ltr'><strong><em>quid</em></strong></span> <span class='ocrx_word' id='word_1_83' title='bbox 685 1064 779 1120; x_wconf 83' lang='lat' dir='ltr'><strong><em>dicere</em></strong></span> <span class='ocrx_word' id='word_1_84' title='bbox 798 1065 946 1119; x_wconf 86' lang='lat' dir='ltr'><strong><em>interdum</em></strong></span> <span class='ocrx_word' id='word_1_85' title='bbox 964 1066 987 1118; x_wconf 86' lang='lat' dir='ltr'><strong><em>si</em></strong></span> <span class='ocrx_word' id='word_1_86' title='bbox 1030 1065 1119 1132; x_wconf 85' lang='lat' dir='ltr'><strong><em>ilicet,</em></strong></span> <span class='ocrx_word' id='word_1_87' title='bbox 1146 1065 1337 1135; x_wconf 73' lang='lat' dir='ltr'><strong><em>etquodnam</em></strong></span> 
     </span>
    </p>
   </div>
   <div class='ocr_carea' id='block_1_5' title="bbox 131 1135 1405 2201">
    <p class='ocr_par' dir='ltr' id='par_1_5' title="bbox 131 1135 1341 1757">
     <span class='ocr_line' id='line_1_10' title="bbox 131 1135 1338 1206; baseline 0 -17"><span class='ocrx_word' id='word_1_88' title='bbox 131 1153 142 1167; x_wconf 65' lang='grc'><strong>“</strong></span> <span class='ocrx_word' id='word_1_89' title='bbox 186 1136 308 1190; x_wconf 81' lang='lat' dir='ltr'><strong><em>verbum</em></strong></span> <span class='ocrx_word' id='word_1_90' title='bbox 325 1135 477 1191; x_wconf 78' lang='lat' dir='ltr'><strong><em>videretur</em></strong></span> <span class='ocrx_word' id='word_1_91' title='bbox 493 1136 723 1206; x_wconf 85' lang='lat' dir='ltr'><strong><em>praeferendum,</em></strong></span> <span class='ocrx_word' id='word_1_92' title='bbox 749 1137 775 1189; x_wconf 90' lang='lat' dir='ltr'><strong><em>si</em></strong></span> <span class='ocrx_word' id='word_1_93' title='bbox 791 1136 943 1206; x_wconf 84' lang='lat' dir='ltr'><strong><em>utriusque</em></strong></span> <span class='ocrx_word' id='word_1_94' title='bbox 963 1152 995 1189; x_wconf 85' lang='lat' dir='ltr'><strong><em>ea</em></strong></span> <span class='ocrx_word' id='word_1_95' title='bbox 1015 1153 1060 1189; x_wconf 89' lang='lat' dir='ltr'><strong><em>em</em></strong></span> <span class='ocrx_word' id='word_1_96' title='bbox 1078 1145 1152 1190; x_wconf 84' lang='lat' dir='ltr'><strong><em>esset</em></strong></span> <span class='ocrx_word' id='word_1_97' title='bbox 1168 1137 1338 1189; x_wconf 71' lang='lat' dir='ltr'><strong><em>auctoritare</em></strong></span> 
     </span>
     <span class='ocr_line' id='line_1_11' title="bbox 187 1202 1339 1332; baseline -0.001 -2"><span class='ocrx_word' id='word_1_98' title='bbox 187 1216 499 1332; x_wconf 55' lang='lat' dir='ltr'><strong><em>mittit</em></strong></span> <span class='ocrx_word' id='word_1_99' title='bbox 517 1202 945 1332; x_wconf 58' lang='lat' dir='ltr'><strong><em>qiid⁹¹bii¹³ibi¹¹⁸iiin⁶‘³i</em></strong></span> <span class='ocrx_word' id='word_1_100' title='bbox 968 1205 1097 1332; x_wconf 51' lang='lat' dir='ltr'><strong><em>miii</em></strong></span> <span class='ocrx_word' id='word_1_101' title='bbox 1121 1207 1339 1331; x_wconf 59' lang='lat' dir='ltr'><strong><em>&#39;bittit</em></strong></span> 
     </span>
     <span class='ocr_line' id='line_1_12' title="bbox 187 1295 1336 1422; baseline 0 -21"><span class='ocrx_word' id='word_1_102' title='bbox 187 1334 270 1412; x_wconf 70' lang='lat' dir='ltr'><strong><em>Mon.</em></strong></span> <span class='ocrx_word' id='word_1_103' title='bbox 281 1350 307 1402; x_wconf 79' lang='lat'><strong><em>2.</em></strong></span> <span class='ocrx_word' id='word_1_104' title='bbox 326 1349 416 1401; x_wconf 86' lang='lat' dir='ltr'><strong><em>trium</em></strong></span> <span class='ocrx_word' id='word_1_105' title='bbox 436 1349 506 1402; x_wconf 82' lang='lat' dir='ltr'><strong><em>Oxx.</em></strong></span> <span class='ocrx_word' id='word_1_106' title='bbox 525 1295 587 1402; x_wconf 72' lang='lat' dir='ltr'><strong><em>MSg.</em></strong></span> <span class='ocrx_word' id='word_1_107' title='bbox 603 1349 643 1408; x_wconf 17' lang='lat' dir='ltr'><strong><em>int</em></strong></span> <span class='ocrx_word' id='word_1_108' title='bbox 653 1366 744 1422; x_wconf 79' lang='lat' dir='ltr'><strong><em>marg.</em></strong></span> <span class='ocrx_word' id='word_1_109' title='bbox 763 1347 828 1402; x_wconf 88' lang='lat' dir='ltr'><strong><em>Asc.</em></strong></span> <span class='ocrx_word' id='word_1_110' title='bbox 846 1297 1004 1404; x_wconf 56' lang='lat' dir='ltr'><strong><em>nostrsggi.</em></strong></span> <span class='ocrx_word' id='word_1_111' title='bbox 1023 1348 1171 1418; x_wconf 72' lang='lat' dir='ltr'><strong><em>triumque</em></strong></span> <span class='ocrx_word' id='word_1_112' title='bbox 1191 1347 1336 1401; x_wconf 75' lang='lat' dir='ltr'><strong><em>Gebhardi</em></strong></span> 
     </span>
     <span class='ocr_line' id='line_1_13' title="bbox 187 1418 1340 1488; baseline 0.002 -18"><span class='ocrx_word' id='word_1_113' title='bbox 187 1418 375 1488; x_wconf 87' lang='lat' dir='ltr'><strong><em>optimorum,</em></strong></span> <span class='ocrx_word' id='word_1_114' title='bbox 402 1419 474 1472; x_wconf 73' lang='lat' dir='ltr'><strong><em>End.</em></strong></span> <span class='ocrx_word' id='word_1_115' title='bbox 494 1422 523 1472; x_wconf 89' lang='lat' dir='ltr'><strong><em>P.</em></strong></span> <span class='ocrx_word' id='word_1_116' title='bbox 544 1418 571 1472; x_wconf 88' lang='lat' dir='ltr'><strong><em>S.</em></strong></span> <span class='ocrx_word' id='word_1_117' title='bbox 591 1419 628 1473; x_wconf 85' lang='lat' dir='ltr'><strong><em>E.</em></strong></span> <span class='ocrx_word' id='word_1_118' title='bbox 646 1421 726 1472; x_wconf 90' lang='lat' dir='ltr'><strong><em>Junt.</em></strong></span> <span class='ocrx_word' id='word_1_119' title='bbox 746 1428 855 1486; x_wconf 89' lang='lat' dir='ltr'><strong><em>utrum,</em></strong></span> <span class='ocrx_word' id='word_1_120' title='bbox 878 1419 954 1486; x_wconf 82' lang='lat' dir='ltr'><strong><em>dico,</em></strong></span> <span class='ocrx_word' id='word_1_121' title='bbox 976 1419 1083 1472; x_wconf 87' lang='lat' dir='ltr'><strong><em>borum</em></strong></span> <span class='ocrx_word' id='word_1_122' title='bbox 1100 1420 1232 1473; x_wconf 89' lang='lat' dir='ltr'><strong><em>omnium</em></strong></span> <span class='ocrx_word' id='word_1_123' title='bbox 1249 1419 1340 1472; x_wconf 91' lang='lat' dir='ltr'><strong><em>libro-</em></strong></span> 
     </span>
     <span class='ocr_line' id='line_1_14' title="bbox 187 1488 1336 1560; baseline 0 -18"><span class='ocrx_word' id='word_1_124' title='bbox 187 1506 255 1542; x_wconf 84' lang='lat' dir='ltr'><strong><em>rum</em></strong></span> <span class='ocrx_word' id='word_1_125' title='bbox 273 1488 361 1543; x_wconf 86' lang='lat' dir='ltr'><strong><em>lectio</em></strong></span> <span class='ocrx_word' id='word_1_126' title='bbox 379 1489 420 1541; x_wconf 87' lang='lat' dir='ltr'><strong><em>ita</em></strong></span> <span class='ocrx_word' id='word_1_127' title='bbox 439 1492 478 1543; x_wconf 89' lang='lat' dir='ltr'><strong><em>sit</em></strong></span> <span class='ocrx_word' id='word_1_128' title='bbox 496 1489 680 1560; x_wconf 81' lang='lat' dir='ltr'><strong><em>reprobanda,</em></strong></span> <span class='ocrx_word' id='word_1_129' title='bbox 698 1498 732 1542; x_wconf 87' lang='lat' dir='ltr'><strong><em>ut</em></strong></span> <span class='ocrx_word' id='word_1_130' title='bbox 751 1491 827 1542; x_wconf 90' lang='lat' dir='ltr'><strong><em>ferri</em></strong></span> <span class='ocrx_word' id='word_1_131' title='bbox 844 1494 986 1558; x_wconf 80' lang='lat' dir='ltr'><strong><em>nequeat?</em></strong></span> <span class='ocrx_word' id='word_1_132' title='bbox 1004 1489 1071 1544; x_wconf 75' lang='lat' dir='ltr'><strong><em>Sola</em></strong></span> <span class='ocrx_word' id='word_1_133' title='bbox 1088 1491 1141 1542; x_wconf 87' lang='lat' dir='ltr'><strong><em>Ed.</em></strong></span> <span class='ocrx_word' id='word_1_134' title='bbox 1154 1491 1225 1543; x_wconf 80' lang='lat' dir='ltr'><strong><em>Ven.</em></strong></span> <span class='ocrx_word' id='word_1_135' title='bbox 1245 1499 1336 1542; x_wconf 85' lang='lat' dir='ltr'><strong><em>nostr.</em></strong></span> 
     </span>
     <span class='ocr_line' id='line_1_15' title="bbox 187 1557 1341 1633; baseline 0 -20"><span class='ocrx_word' id='word_1_136' title='bbox 187 1559 304 1613; x_wconf 79' lang='lat' dir='ltr'><strong><em>exhibet</em></strong></span> <span class='ocrx_word' id='word_1_137' title='bbox 328 1560 453 1626; x_wconf 52' lang='lat' dir='ltr'><strong><em>ducents}</em></strong></span> <span class='ocrx_word' id='word_1_138' title='bbox 475 1578 637 1630; x_wconf 83' lang='lat' dir='ltr'><strong><em>operarum,</em></strong></span> <span class='ocrx_word' id='word_1_139' title='bbox 661 1561 722 1614; x_wconf 83' lang='lat' dir='ltr'><strong><em>siue</em></strong></span> <span class='ocrx_word' id='word_1_140' title='bbox 745 1559 840 1625; x_wconf 87' lang='lat' dir='ltr'><strong><em>dubio,</em></strong></span> <span class='ocrx_word' id='word_1_141' title='bbox 867 1577 965 1614; x_wconf 86' lang='lat' dir='ltr'><strong><em>errore</em></strong></span> <span class='ocrx_word' id='word_1_142' title='bbox 983 1577 1037 1633; x_wconf 86' lang='lat' dir='ltr'><strong><em>pro</em></strong></span> <span class='ocrx_word' id='word_1_143' title='bbox 1055 1560 1175 1614; x_wconf 80' lang='lat' dir='ltr'><strong><em>docenti.</em></strong></span> <span class='ocrx_word' id='word_1_144' title='bbox 1212 1557 1256 1614; x_wconf 83' lang='lat' dir='ltr'><strong><em>De</em></strong></span> <span class='ocrx_word' id='word_1_145' title='bbox 1272 1578 1341 1613; x_wconf 79' lang='lat' dir='ltr'><strong><em>ver·</em></strong></span> 
     </span>
     <span class='ocr_line' id='line_1_16' title="bbox 185 1629 1338 1756; baseline 0.001 -74"><span class='ocrx_word' id='word_1_146' title='bbox 185 1629 289 1756; x_wconf 49' lang='lat' dir='ltr'><strong><em>{orum</em></strong></span> <span class='ocrx_word' id='word_1_147' title='bbox 311 1631 424 1686; x_wconf 83' lang='lat' dir='ltr'><strong><em>dicendi</em></strong></span> <span class='ocrx_word' id='word_1_148' title='bbox 447 1641 476 1686; x_wconf 88' lang='lat' dir='ltr'><strong><em>ot</em></strong></span> <span class='ocrx_word' id='word_1_149' title='bbox 501 1631 621 1687; x_wconf 81' lang='lat' dir='ltr'><strong><em>docendi</em></strong></span> <span class='ocrx_word' id='word_1_150' title='bbox 643 1632 856 1704; x_wconf 84' lang='lat' dir='ltr'><strong><em>permutatione</em></strong></span> <span class='ocrx_word' id='word_1_151' title='bbox 881 1651 909 1685; x_wconf 86' lang='lat' dir='ltr'><strong><em>r.</em></strong></span> <span class='ocrx_word' id='word_1_152' title='bbox 929 1632 1087 1686; x_wconf 85' lang='lat' dir='ltr'><strong><em>Forcellin.</em></strong></span> <span class='ocrx_word' id='word_1_153' title='bbox 1110 1632 1164 1685; x_wconf 84' lang='lat' dir='ltr'><strong><em>Ed.</em></strong></span> <span class='ocrx_word' id='word_1_154' title='bbox 1189 1631 1289 1686; x_wconf 84' lang='lat' dir='ltr'><strong><em>Germ.</em></strong></span> <span class='ocrx_word' id='word_1_155' title='bbox 1307 1650 1338 1684; x_wconf 84' lang='lat' dir='ltr'><strong><em>v.</em></strong></span> 
     </span>
     <span class='ocr_line' id='line_1_17' title="bbox 207 1703 357 1757; baseline 0.007 -1"><span class='ocrx_word' id='word_1_156' title='bbox 207 1703 258 1756; x_wconf 84' lang='lat' dir='ltr'><strong><em>ico.</em></strong></span> <span class='ocrx_word' id='word_1_157' title='bbox 296 1703 357 1757; x_wconf 90' lang='lat' dir='ltr'><strong><em>Mr.</em></strong></span> 
     </span>
    </p>

    <p class='ocr_par' dir='ltr' id='par_1_6' title="bbox 185 1771 1405 2201">
     <span class='ocr_line' id='line_1_18' title="bbox 213 1771 1339 1847; baseline -0.002 -19"><span class='ocrx_word' id='word_1_158' title='bbox 213 1793 215 1796; x_wconf 90' lang='lat'>·</span> <span class='ocrx_word' id='word_1_159' title='bbox 262 1771 401 1828; x_wconf 80' lang='lat' dir='ltr'><strong><em>Virtutem</em></strong></span> <span class='ocrx_word' id='word_1_160' title='bbox 419 1788 479 1827; x_wconf 86' lang='lat' dir='ltr'><strong><em>sese</em></strong></span> <span class='ocrx_word' id='word_1_161' title='bbox 496 1771 555 1828; x_wconf 81' lang='lat' dir='ltr'><strong><em>esse</em></strong></span> <span class='ocrx_word' id='word_1_162' title='bbox 573 1774 750 1842; x_wconf 83' lang='lat' dir='ltr'><strong><em>contentam]</em></strong></span> <span class='ocrx_word' id='word_1_163' title='bbox 781 1774 903 1830; x_wconf 84' lang='lat' dir='ltr'><strong><em>Virtute</em></strong></span> <span class='ocrx_word' id='word_1_164' title='bbox 920 1789 999 1827; x_wconf 84' lang='lat' dir='ltr'><strong><em>sese</em></strong></span> <span class='ocrx_word' id='word_1_165' title='bbox 1016 1790 1074 1827; x_wconf 86' lang='lat' dir='ltr'><strong><em>esse</em></strong></span> <span class='ocrx_word' id='word_1_166' title='bbox 1091 1773 1204 1847; x_wconf 78' lang='lat' dir='ltr'><strong><em>legitur</em></strong></span> <span class='ocrx_word' id='word_1_167' title='bbox 1220 1773 1252 1825; x_wconf 86' lang='lat' dir='ltr'><strong><em>in</em></strong></span> <span class='ocrx_word' id='word_1_168' title='bbox 1269 1772 1339 1826; x_wconf 79' lang='lat' dir='ltr'><strong><em>‹luo-</em></strong></span> 
     </span>
     <span class='ocr_line' id='line_1_19' title="bbox 185 1841 1336 1902; baseline 0.001 -8"><span class='ocrx_word' id='word_1_169' title='bbox 185 1841 237 1894; x_wconf 89' lang='lat' dir='ltr'><strong><em>bus</em></strong></span> <span class='ocrx_word' id='word_1_170' title='bbox 255 1843 340 1897; x_wconf 80' lang='lat' dir='ltr'><strong><em>codd.</em></strong></span> <span class='ocrx_word' id='word_1_171' title='bbox 361 1846 429 1897; x_wconf 76' lang='lat' dir='ltr'><strong><em>On.</em></strong></span> <span class='ocrx_word' id='word_1_172' title='bbox 449 1848 524 1897; x_wconf 86' lang='lat' dir='ltr'><strong><em>Mon.</em></strong></span> <span class='ocrx_word' id='word_1_173' title='bbox 540 1850 564 1901; x_wconf 90' lang='lat'><strong><em>1.</em></strong></span> <span class='ocrx_word' id='word_1_174' title='bbox 584 1847 656 1901; x_wconf 85' lang='lat' dir='ltr'><strong><em>Edd.</em></strong></span> <span class='ocrx_word' id='word_1_175' title='bbox 675 1846 705 1899; x_wconf 87' lang='lat' dir='ltr'><strong><em>S.</em></strong></span> <span class='ocrx_word' id='word_1_176' title='bbox 715 1847 750 1899; x_wconf 88' lang='lat' dir='ltr'><strong><em>E.</em></strong></span> <span class='ocrx_word' id='word_1_177' title='bbox 770 1846 892 1902; x_wconf 83' lang='lat' dir='ltr'><strong><em>HWolf.</em></strong></span> <span class='ocrx_word' id='word_1_178' title='bbox 916 1846 1026 1899; x_wconf 77' lang='lat' dir='ltr'><strong><em>Virtute</em></strong></span> <span class='ocrx_word' id='word_1_179' title='bbox 1044 1861 1075 1897; x_wconf 89' lang='lat' dir='ltr'><strong><em>se</em></strong></span> <span class='ocrx_word' id='word_1_180' title='bbox 1092 1860 1152 1897; x_wconf 89' lang='lat' dir='ltr'><strong><em>esse</em></strong></span> <span class='ocrx_word' id='word_1_181' title='bbox 1169 1844 1202 1895; x_wconf 93' lang='lat' dir='ltr'><strong><em>in</em></strong></span> <span class='ocrx_word' id='word_1_182' title='bbox 1214 1845 1298 1897; x_wconf 85' lang='lat' dir='ltr'><strong><em>Vind.</em></strong></span> <span class='ocrx_word' id='word_1_183' title='bbox 1311 1847 1336 1897; x_wconf 88' lang='lat'><strong><em>1.</em></strong></span> 
     </span>
     <span class='ocr_line' id='line_1_20' title="bbox 186 1911 1405 1988; baseline 0.002 -24"><span class='ocrx_word' id='word_1_184' title='bbox 186 1930 279 1988; x_wconf 82' lang='lat' dir='ltr'><strong><em>marg.</em></strong></span> <span class='ocrx_word' id='word_1_185' title='bbox 298 1912 362 1968; x_wconf 88' lang='lat' dir='ltr'><strong><em>Asc.</em></strong></span> <span class='ocrx_word' id='word_1_186' title='bbox 382 1919 408 1970; x_wconf 74' lang='lat'><strong><em>2·</em></strong></span> <span class='ocrx_word' id='word_1_187' title='bbox 427 1918 500 1968; x_wconf 87' lang='lat' dir='ltr'><strong><em>Ven.</em></strong></span> <span class='ocrx_word' id='word_1_188' title='bbox 519 1924 607 1969; x_wconf 85' lang='lat' dir='ltr'><strong><em>nostr.</em></strong></span> <span class='ocrx_word' id='word_1_189' title='bbox 627 1919 690 1969; x_wconf 85' lang='lat' dir='ltr'><strong><em>Asc.</em></strong></span> <span class='ocrx_word' id='word_1_190' title='bbox 712 1921 736 1972; x_wconf 88' lang='lat' dir='ltr'><strong><em>l.</em></strong></span> <span class='ocrx_word' id='word_1_191' title='bbox 756 1917 819 1970; x_wconf 82' lang='lat' dir='ltr'><strong><em>Car.</em></strong></span> <span class='ocrx_word' id='word_1_192' title='bbox 840 1915 939 1984; x_wconf 88' lang='lat' dir='ltr'><strong><em>Steph.</em></strong></span> <span class='ocrx_word' id='word_1_193' title='bbox 960 1915 1023 1968; x_wconf 87' lang='lat' dir='ltr'><strong><em>Ald.</em></strong></span> <span class='ocrx_word' id='word_1_194' title='bbox 1043 1915 1124 1969; x_wconf 88' lang='lat' dir='ltr'><strong><em>Boul.</em></strong></span> <span class='ocrx_word' id='word_1_195' title='bbox 1149 1915 1229 1967; x_wconf 87' lang='lat' dir='ltr'><strong><em>Brut.</em></strong></span> <span class='ocrx_word' id='word_1_196' title='bbox 1249 1913 1336 1966; x_wconf 81' lang='lat' dir='ltr'><strong><em>Leod.</em></strong></span> <span class='ocrx_word' id='word_1_197' title='bbox 1396 1911 1405 1932; x_wconf 81' lang='lat'><em>⁰</em></span> 
     </span>
     <span class='ocr_line' id='line_1_21' title="bbox 186 1982 1363 2060; baseline -0.002 -22"><span class='ocrx_word' id='word_1_198' title='bbox 186 1982 266 2054; x_wconf 75' lang='lat' dir='ltr'><strong><em>sylb.</em></strong></span> <span class='ocrx_word' id='word_1_199' title='bbox 286 1985 382 2039; x_wconf 82' lang='lat' dir='ltr'><strong><em>Lamb.</em></strong></span> <span class='ocrx_word' id='word_1_200' title='bbox 403 1985 490 2040; x_wconf 80' lang='lat' dir='ltr'><strong><em>Goth.</em></strong></span> <span class='ocrx_word' id='word_1_201' title='bbox 510 1986 543 2038; x_wconf 81' lang='lat' dir='ltr'><strong><em>A.</em></strong></span> <span class='ocrx_word' id='word_1_202' title='bbox 564 1989 600 2039; x_wconf 82' lang='lat' dir='ltr'><strong><em>tt.</em></strong></span> <span class='ocrx_word' id='word_1_203' title='bbox 620 2004 710 2060; x_wconf 68' lang='lat' dir='ltr'><strong><em>oneng.</em></strong></span> <span class='ocrx_word' id='word_1_204' title='bbox 731 1987 762 2041; x_wconf 86' lang='lat' dir='ltr'><strong><em>C.</em></strong></span> <span class='ocrx_word' id='word_1_205' title='bbox 796 1987 936 2042; x_wconf 82' lang='lat' dir='ltr'><strong><em>Virtutem</em></strong></span> <span class='ocrx_word' id='word_1_206' title='bbox 957 2002 988 2039; x_wconf 91' lang='lat' dir='ltr'><strong><em>se</em></strong></span> <span class='ocrx_word' id='word_1_207' title='bbox 1011 2001 1071 2038; x_wconf 86' lang='lat' dir='ltr'><strong><em>esse</em></strong></span> <span class='ocrx_word' id='word_1_208' title='bbox 1094 1987 1125 2038; x_wconf 89' lang='lat' dir='ltr'><strong><em>in</em></strong></span> <span class='ocrx_word' id='word_1_209' title='bbox 1150 1984 1233 2038; x_wconf 80' lang='lat' dir='ltr'><strong><em>codd.</em></strong></span> <span class='ocrx_word' id='word_1_210' title='bbox 1259 1984 1335 2037; x_wconf 85' lang='lat' dir='ltr'><strong><em>Gud.</em></strong></span> <span class='ocrx_word' id='word_1_211' title='bbox 1360 1984 1363 1991; x_wconf 88' lang='lat'>&#39;</span> 
     </span>
     <span class='ocr_line' id='line_1_22' title="bbox 185 2054 1335 2139; baseline 0.001 -33"><span class='ocrx_word' id='word_1_212' title='bbox 185 2057 261 2107; x_wconf 83' lang='lat' dir='ltr'><strong><em>Mon.</em></strong></span> <span class='ocrx_word' id='word_1_213' title='bbox 281 2058 306 2110; x_wconf 76' lang='lat'><strong><em>2.</em></strong></span> <span class='ocrx_word' id='word_1_214' title='bbox 326 2056 410 2109; x_wconf 72' lang='lat' dir='ltr'><strong><em>vinc</em></strong></span> <span class='ocrx_word' id='word_1_215' title='bbox 431 2059 456 2111; x_wconf 75' lang='lat'><strong><em>2.</em></strong></span> <span class='ocrx_word' id='word_1_216' title='bbox 475 2056 546 2111; x_wconf 81' lang='lat' dir='ltr'><strong><em>Edd.</em></strong></span> <span class='ocrx_word' id='word_1_217' title='bbox 567 2056 596 2110; x_wconf 90' lang='lat' dir='ltr'><strong><em>P.</em></strong></span> <span class='ocrx_word' id='word_1_218' title='bbox 613 2058 646 2109; x_wconf 91' lang='lat' dir='ltr'><strong><em>B.</em></strong></span> <span class='ocrx_word' id='word_1_219' title='bbox 666 2058 696 2111; x_wconf 85' lang='lat' dir='ltr'><strong><em>G.</em></strong></span> <span class='ocrx_word' id='word_1_220' title='bbox 716 2060 748 2109; x_wconf 87' lang='lat' dir='ltr'><strong><em>V.</em></strong></span> <span class='ocrx_word' id='word_1_221' title='bbox 768 2059 832 2110; x_wconf 87' lang='lat' dir='ltr'><strong><em>Asc.</em></strong></span> <span class='ocrx_word' id='word_1_222' title='bbox 853 2060 879 2112; x_wconf 77' lang='lat'><strong><em>2.</em></strong></span> <span class='ocrx_word' id='word_1_223' title='bbox 902 2057 971 2111; x_wconf 88' lang='lat' dir='ltr'><strong><em>Rob.</em></strong></span> <span class='ocrx_word' id='word_1_224' title='bbox 998 2054 1097 2139; x_wconf 83' lang='lat' dir='ltr'><strong><em>Stepb.</em></strong></span> <span class='ocrx_word' id='word_1_225' title='bbox 1124 2059 1203 2110; x_wconf 87' lang='lat' dir='ltr'><strong><em>Junt.</em></strong></span> <span class='ocrx_word' id='word_1_226' title='bbox 1224 2054 1335 2109; x_wconf 89' lang='lat' dir='ltr'><strong><em>Sturm.</em></strong></span> 
     </span>
     <span class='ocr_line' id='line_1_23' title="bbox 185 2125 1341 2201; baseline 0.002 -26"><span class='ocrx_word' id='word_1_227' title='bbox 185 2125 221 2176; x_wconf 92' lang='lat' dir='ltr'><strong><em>ln</em></strong></span> <span class='ocrx_word' id='word_1_228' title='bbox 237 2126 326 2179; x_wconf 88' lang='lat' dir='ltr'><strong><em>Rehd.</em></strong></span> <span class='ocrx_word' id='word_1_229' title='bbox 347 2135 390 2178; x_wconf 85' lang='lat' dir='ltr'><strong><em>est</em></strong></span> <span class='ocrx_word' id='word_1_230' title='bbox 407 2129 537 2181; x_wconf 81' lang='lat' dir='ltr'><strong><em>virtutem</em></strong></span> <span class='ocrx_word' id='word_1_231' title='bbox 554 2145 589 2181; x_wconf 82' lang='lat' dir='ltr'><strong><em>se</em></strong></span> <span class='ocrx_word' id='word_1_232' title='bbox 607 2130 620 2182; x_wconf 89' lang='lat' dir='ltr'><strong><em>i</em></strong></span> <span class='ocrx_word' id='word_1_233' title='bbox 622 2147 642 2197; x_wconf 94' lang='lat' dir='ltr'><strong><em>p</em></strong></span> <span class='ocrx_word' id='word_1_234' title='bbox 650 2145 685 2182; x_wconf 88' lang='lat' dir='ltr'><strong><em>sa</em></strong></span> <span class='ocrx_word' id='word_1_235' title='bbox 704 2134 867 2181; x_wconf 71' lang='lat' dir='ltr'><strong><em>contentam.</em></strong></span> <span class='ocrx_word' id='word_1_236' title='bbox 886 2127 960 2201; x_wconf 80' lang='lat' dir='ltr'><strong><em>Aug.</em></strong></span> <span class='ocrx_word' id='word_1_237' title='bbox 978 2143 1008 2178; x_wconf 83' lang='lat' dir='ltr'><strong><em>se</em></strong></span> <span class='ocrx_word' id='word_1_238' title='bbox 1025 2133 1157 2180; x_wconf 75' lang='lat' dir='ltr'><strong><em>virtutem</em></strong></span> <span class='ocrx_word' id='word_1_239' title='bbox 1174 2131 1341 2191; x_wconf 66' lang='lat' dir='ltr'><strong><em>constentiam,⁴</em></strong></span> 
     </span>
    </p>
   </div>
   <div class='ocr_carea' id='block_1_6' title="bbox 77 2195 1338 2272">
    <p class='ocr_par' dir='ltr' id='par_1_7' title="bbox 77 2195 1338 2272">
     <span class='ocr_line' id='line_1_24' title="bbox 77 2195 1338 2272; baseline -0.002 -23"><span class='ocrx_word' id='word_1_240' title='bbox 77 2254 80 2259; x_wconf 22' lang='lat'><em>4</em></span> <span class='ocrx_word' id='word_1_241' title='bbox 162 2197 259 2258; x_wconf 13' lang='lat' dir='ltr'><strong><em>&gt;Gud.</em></strong></span> <span class='ocrx_word' id='word_1_242' title='bbox 280 2199 305 2251; x_wconf 73' lang='lat'><em>2</em></span> <span class='ocrx_word' id='word_1_243' title='bbox 325 2202 539 2265; x_wconf 84' lang='lat' dir='ltr'><strong><em>contemptam.</em></strong></span> <span class='ocrx_word' id='word_1_244' title='bbox 567 2199 600 2241; x_wconf 86' lang='grc'><strong><em>-’</em></strong></span> <span class='ocrx_word' id='word_1_245' title='bbox 633 2200 668 2252; x_wconf 93' lang='lat' dir='ltr'><strong><em>In</em></strong></span> <span class='ocrx_word' id='word_1_246' title='bbox 686 2215 764 2268; x_wconf 82' lang='lat' dir='ltr'><strong><em>seqq.</em></strong></span> <span class='ocrx_word' id='word_1_247' title='bbox 790 2215 844 2269; x_wconf 90' lang='lat' dir='ltr'><strong><em>pro</em></strong></span> <span class='ocrx_word' id='word_1_248' title='bbox 868 2199 911 2250; x_wconf 89' lang='lat' dir='ltr'><strong><em>sic</em></strong></span> <span class='ocrx_word' id='word_1_249' title='bbox 930 2196 1036 2250; x_wconf 83' lang='lat' dir='ltr'><strong><em>etiam</em></strong></span> <span class='ocrx_word' id='word_1_250' title='bbox 1059 2195 1151 2266; x_wconf 84' lang='lat' dir='ltr'><strong><em>(quod</em></strong></span> <span class='ocrx_word' id='word_1_251' title='bbox 1164 2203 1256 2272; x_wconf 69' lang='lat' dir='ltr'><strong><em>‘suget</em></strong></span> <span class='ocrx_word' id='word_1_252' title='bbox 1272 2213 1338 2248; x_wconf 87' lang='lat' dir='ltr'><strong><em>sen-</em></strong></span> 
     </span>
    </p>
   </div>
   <div class='ocr_carea' id='block_1_7' title="bbox 125 2266 1408 4460">
    <p class='ocr_par' dir='ltr' id='par_1_8' title="bbox 125 2266 1408 4460">
     <span class='ocr_line' id='line_1_25' title="bbox 185 2266 1338 2339; baseline -0.002 -19"><span class='ocrx_word' id='word_1_253' title='bbox 185 2267 316 2332; x_wconf 87' lang='lat' dir='ltr'><strong><em>tentiam,</em></strong></span> <span class='ocrx_word' id='word_1_254' title='bbox 334 2284 388 2320; x_wconf 89' lang='lat' dir='ltr'><strong><em>neo</em></strong></span> <span class='ocrx_word' id='word_1_255' title='bbox 407 2268 483 2319; x_wconf 90' lang='lat' dir='ltr'><strong><em>idem</em></strong></span> <span class='ocrx_word' id='word_1_256' title='bbox 501 2276 613 2321; x_wconf 88' lang='lat' dir='ltr'><strong><em>tantum</em></strong></span> <span class='ocrx_word' id='word_1_257' title='bbox 631 2278 682 2335; x_wconf 84' lang='lat' dir='ltr'><strong><em>est,</em></strong></span> <span class='ocrx_word' id='word_1_258' title='bbox 703 2270 778 2338; x_wconf 84' lang='lat' dir='ltr'><strong><em>quod</em></strong></span> <span class='ocrx_word' id='word_1_259' title='bbox 795 2269 919 2339; x_wconf 84' lang='lat' dir='ltr'><strong><em>simplex</em></strong></span> <span class='ocrx_word' id='word_1_260' title='bbox 937 2266 991 2330; x_wconf 85' lang='lat' dir='ltr'><strong><em>sic)</em></strong></span> <span class='ocrx_word' id='word_1_261' title='bbox 1015 2267 1087 2320; x_wconf 85' lang='lat' dir='ltr'><strong><em>Edd.</em></strong></span> <span class='ocrx_word' id='word_1_262' title='bbox 1107 2270 1170 2322; x_wconf 86' lang='lat' dir='ltr'><strong><em>fere</em></strong></span> <span class='ocrx_word' id='word_1_263' title='bbox 1187 2283 1285 2321; x_wconf 88' lang='lat' dir='ltr'><strong><em>omnes</em></strong></span> <span class='ocrx_word' id='word_1_264' title='bbox 1307 2274 1338 2319; x_wconf 87' lang='lat' dir='ltr'><strong><em>et</em></strong></span> 
     </span>
     <span class='ocr_line' id='line_1_26' title="bbox 185 2336 1338 2408; baseline 0 -18"><span class='ocrx_word' id='word_1_265' title='bbox 185 2339 323 2400; x_wconf 79' lang='lat' dir='ltr'><strong><em>nonnulli</em></strong></span> <span class='ocrx_word' id='word_1_266' title='bbox 341 2338 426 2390; x_wconf 85' lang='lat' dir='ltr'><strong><em>Codd.</em></strong></span> <span class='ocrx_word' id='word_1_267' title='bbox 445 2336 551 2391; x_wconf 86' lang='lat' dir='ltr'><strong><em>babent</em></strong></span> <span class='ocrx_word' id='word_1_268' title='bbox 569 2341 611 2395; x_wconf 86' lang='lat' dir='ltr'><strong><em>sic</em></strong></span> <span class='ocrx_word' id='word_1_269' title='bbox 634 2348 681 2405; x_wconf 90' lang='lat' dir='ltr'><strong><em>et,</em></strong></span> <span class='ocrx_word' id='word_1_270' title='bbox 706 2356 804 2393; x_wconf 86' lang='lat' dir='ltr'><strong><em>errore</em></strong></span> <span class='ocrx_word' id='word_1_271' title='bbox 828 2356 864 2392; x_wconf 83' lang='lat' dir='ltr'><strong><em>ex</em></strong></span> <span class='ocrx_word' id='word_1_272' title='bbox 881 2337 1075 2390; x_wconf 84' lang='lat' dir='ltr'><strong><em>similitudine</em></strong></span> <span class='ocrx_word' id='word_1_273' title='bbox 1101 2338 1338 2408; x_wconf 83' lang='lat' dir='ltr'><strong><em>compendiorum</em></strong></span> 
     </span>
     <span class='ocr_line' id='line_1_27' title="bbox 125 2407 1337 2479; baseline 0.002 -22"><span class='ocrx_word' id='word_1_274' title='bbox 125 2454 128 2458; x_wconf 79' lang='grc'><strong><em>,</em></strong></span> <span class='ocrx_word' id='word_1_275' title='bbox 185 2415 263 2468; x_wconf 83' lang='lat' dir='ltr'><strong><em>orto:</em></strong></span> <span class='ocrx_word' id='word_1_276' title='bbox 292 2407 342 2460; x_wconf 81' lang='lat' dir='ltr'><strong><em>sed</em></strong></span> <span class='ocrx_word' id='word_1_277' title='bbox 358 2416 479 2461; x_wconf 85' lang='lat' dir='ltr'><strong><em>tuentur</em></strong></span> <span class='ocrx_word' id='word_1_278' title='bbox 499 2409 583 2463; x_wconf 83' lang='lat' dir='ltr'><strong><em>ctiam</em></strong></span> <span class='ocrx_word' id='word_1_279' title='bbox 605 2410 691 2463; x_wconf 79' lang='lat' dir='ltr'><strong><em>Codcl.</em></strong></span> <span class='ocrx_word' id='word_1_280' title='bbox 718 2411 811 2463; x_wconf 89' lang='lat' dir='ltr'><strong><em>nostri</em></strong></span> <span class='ocrx_word' id='word_1_281' title='bbox 834 2426 942 2474; x_wconf 87' lang='lat' dir='ltr'><strong><em>omnes,</em></strong></span> <span class='ocrx_word' id='word_1_282' title='bbox 971 2409 1098 2479; x_wconf 83' lang='lat' dir='ltr'><strong><em>exceptis</em></strong></span> <span class='ocrx_word' id='word_1_283' title='bbox 1122 2408 1228 2462; x_wconf 81' lang='lat' dir='ltr'><strong><em>duobus</em></strong></span> <span class='ocrx_word' id='word_1_284' title='bbox 1255 2408 1337 2472; x_wconf 68' lang='lat'><strong><em>011„</em></strong></span> 
     </span>
     <span class='ocr_line' id='line_1_28' title="bbox 184 2476 1338 2547; baseline 0.001 -18"><span class='ocrx_word' id='word_1_285' title='bbox 184 2476 354 2547; x_wconf 82' lang='lat' dir='ltr'><strong><em>habentque,</em></strong></span> <span class='ocrx_word' id='word_1_286' title='bbox 366 2479 486 2536; x_wconf 67' lang='lat' dir='ltr'><strong><em>Este.</em></strong></span> <span class='ocrx_word' id='word_1_287' title='bbox 506 2481 530 2532; x_wconf 87' lang='lat' dir='ltr'><strong>F</strong></span> <span class='ocrx_word' id='word_1_288' title='bbox 530 2479 650 2536; x_wconf 85' lang='lat' dir='ltr'><strong><em>A-Wotf.</em></strong></span> <span class='ocrx_word' id='word_1_289' title='bbox 671 2482 718 2535; x_wconf 89' lang='lat' dir='ltr'><strong><em>Or.</em></strong></span> <span class='ocrx_word' id='word_1_290' title='bbox 737 2482 827 2535; x_wconf 88' lang='lat' dir='ltr'><strong><em>Tbnr.</em></strong></span> <span class='ocrx_word' id='word_1_291' title='bbox 857 2481 993 2534; x_wconf 82' lang='lat' dir='ltr'><strong><em>Ceterum</em></strong></span> <span class='ocrx_word' id='word_1_292' title='bbox 1016 2478 1092 2532; x_wconf 87' lang='lat' dir='ltr'><strong><em>hano</em></strong></span> <span class='ocrx_word' id='word_1_293' title='bbox 1115 2480 1288 2532; x_wconf 84' lang='lat' dir='ltr'><strong><em>sententiam</em></strong></span> <span class='ocrx_word' id='word_1_294' title='bbox 1307 2479 1338 2530; x_wconf 89' lang='lat' dir='ltr'><strong><em>in</em></strong></span> 
     </span>
     <span class='ocr_line' id='line_1_29' title="bbox 185 2547 1339 2672; baseline 0.002 -73"><span class='ocrx_word' id='word_1_295' title='bbox 185 2547 288 2672; x_wconf 60' lang='lat' dir='ltr'><strong><em>quinto</em></strong></span> <span class='ocrx_word' id='word_1_296' title='bbox 311 2549 405 2603; x_wconf 85' lang='lat' dir='ltr'><strong><em>huius·</em></strong></span> <span class='ocrx_word' id='word_1_297' title='bbox 423 2551 517 2620; x_wconf 87' lang='lat' dir='ltr'><strong><em>operis</em></strong></span> <span class='ocrx_word' id='word_1_298' title='bbox 541 2551 616 2604; x_wconf 90' lang='lat' dir='ltr'><strong><em>libro</em></strong></span> <span class='ocrx_word' id='word_1_299' title='bbox 642 2553 753 2623; x_wconf 80' lang='lat' dir='ltr'><strong><em>probet.</em></strong></span> <span class='ocrx_word' id='word_1_300' title='bbox 790 2551 888 2604; x_wconf 89' lang='lat' dir='ltr'><strong><em>Paucis</em></strong></span> <span class='ocrx_word' id='word_1_301' title='bbox 909 2550 1011 2605; x_wconf 82' lang='lat' dir='ltr'><strong><em>¹verbis</em></strong></span> <span class='ocrx_word' id='word_1_302' title='bbox 1035 2567 1096 2602; x_wconf 87' lang='lat' dir='ltr'><strong><em>eam</em></strong></span> <span class='ocrx_word' id='word_1_303' title='bbox 1119 2550 1339 2620; x_wconf 85' lang='lat' dir='ltr'><strong><em>comprehendit</em></strong></span> 
     </span>
     <span class='ocr_line' id='line_1_30' title="bbox 201 2618 1339 2742; baseline 0.001 -71"><span class='ocrx_word' id='word_1_304' title='bbox 201 2618 275 2742; x_wconf 50' lang='lat' dir='ltr'><strong><em>l{lius</em></strong></span> <span class='ocrx_word' id='word_1_305' title='bbox 300 2620 417 2676; x_wconf 82' lang='lat' dir='ltr'><strong><em>Italicus</em></strong></span> <span class='ocrx_word' id='word_1_306' title='bbox 444 2622 542 2674; x_wconf 88' lang='lat' dir='ltr'><strong><em>Punic.</em></strong></span> <span class='ocrx_word' id='word_1_307' title='bbox 566 2623 647 2678; x_wconf 81' lang='lat' dir='ltr'><strong><em>x111.</em></strong></span> <span class='ocrx_word' id='word_1_308' title='bbox 660 2626 731 2679; x_wconf 81' lang='grc' dir='ltr'><strong><em>Ι663.</em></strong></span> <span class='ocrx_word' id='word_1_309' title='bbox 761 2623 792 2674; x_wconf 91' lang='lat' dir='ltr'><strong><em>in</em></strong></span> <span class='ocrx_word' id='word_1_310' title='bbox 815 2639 910 2686; x_wconf 83' lang='lat' dir='ltr'><strong><em>versu,</em></strong></span> <span class='ocrx_word' id='word_1_311' title='bbox 937 2621 989 2690; x_wconf 92' lang='lat' dir='ltr'><strong><em>qui</em></strong></span> <span class='ocrx_word' id='word_1_312' title='bbox 1013 2620 1045 2671; x_wconf 92' lang='lat' dir='ltr'><strong><em>in</em></strong></span> <span class='ocrx_word' id='word_1_313' title='bbox 1069 2621 1257 2691; x_wconf 85' lang='lat' dir='ltr'><strong><em>proverbium</em></strong></span> <span class='ocrx_word' id='word_1_314' title='bbox 1275 2621 1339 2673; x_wconf 81' lang='lat' dir='ltr'><strong><em>fere</em></strong></span> 
     </span>
     <span class='ocr_line' id='line_1_31' title="bbox 186 2690 381 2744; baseline 0.01 -3"><span class='ocrx_word' id='word_1_315' title='bbox 186 2690 272 2744; x_wconf 79' lang='lat' dir='ltr'><strong><em>siit:</em></strong></span> <span class='ocrx_word' id='word_1_316' title='bbox 376 2728 381 2736; x_wconf 64' lang='grc'><strong>.</strong></span> 
     </span>
     <span class='ocr_line' id='line_1_32' title="bbox 350 2761 1222 2835; baseline 0.003 -20"><span class='ocrx_word' id='word_1_317' title='bbox 350 2763 418 2832; x_wconf 85' lang='lat' dir='ltr'><strong><em>Ipsa</em></strong></span> <span class='ocrx_word' id='word_1_318' title='bbox 436 2765 547 2835; x_wconf 75' lang='lat' dir='ltr'><strong><em>quidem</em></strong></span> <span class='ocrx_word' id='word_1_319' title='bbox 565 2763 658 2819; x_wconf 80' lang='lat' dir='ltr'><strong><em>virtus</em></strong></span> <span class='ocrx_word' id='word_1_320' title='bbox 676 2762 787 2818; x_wconf 83' lang='lat' dir='ltr'><strong><em>sibimet</em></strong></span> <span class='ocrx_word' id='word_1_321' title='bbox 801 2761 992 2833; x_wconf 80' lang='lat' dir='ltr'><strong><em>pulcherrima</em></strong></span> <span class='ocrx_word' id='word_1_322' title='bbox 1008 2777 1122 2817; x_wconf 87' lang='lat' dir='ltr'><strong><em>merces.</em></strong></span> <span class='ocrx_word' id='word_1_323' title='bbox 1160 2763 1222 2818; x_wconf 88' lang='lat' dir='ltr'><strong><em>Mr.</em></strong></span> 
     </span>
     <span class='ocr_line' id='line_1_33' title="bbox 257 2831 1338 2904; baseline -0.003 -18"><span class='ocrx_word' id='word_1_324' title='bbox 257 2849 328 2902; x_wconf 84' lang='lat' dir='ltr'><strong><em>quae</em></strong></span> <span class='ocrx_word' id='word_1_325' title='bbox 349 2834 377 2886; x_wconf 83' lang='lat' dir='ltr'><strong><em>si</em></strong></span> <span class='ocrx_word' id='word_1_326' title='bbox 401 2837 571 2891; x_wconf 73' lang='lat' dir='ltr'><strong><em>extrinsecae</em></strong></span> <span class='ocrx_word' id='word_1_327' title='bbox 596 2837 720 2904; x_wconf 79' lang='lat' dir='ltr'><strong><em>religata</em></strong></span> <span class='ocrx_word' id='word_1_328' title='bbox 743 2835 885 2902; x_wconf 60' lang='lat' dir='ltr'><strong><em>pendeat]</em></strong></span> <span class='ocrx_word' id='word_1_329' title='bbox 923 2834 942 2886; x_wconf 92' lang='lat' dir='ltr'><strong><em>i.</em></strong></span> <span class='ocrx_word' id='word_1_330' title='bbox 964 2851 988 2887; x_wconf 90' lang='lat' dir='ltr'><strong><em>e.</em></strong></span> <span class='ocrx_word' id='word_1_331' title='bbox 1013 2851 1029 2886; x_wconf 84' lang='lat' dir='ltr'><strong><em>s</em></strong></span> <span class='ocrx_word' id='word_1_332' title='bbox 1053 2836 1170 2886; x_wconf 85' lang='lat' dir='ltr'><strong><em>fortuna</em></strong></span> <span class='ocrx_word' id='word_1_333' title='bbox 1196 2831 1338 2901; x_wconf 82' lang='lat' dir='ltr'><strong><em>rebusque</em></strong></span> 
     </span>
     <span class='ocr_line' id='line_1_34' title="bbox 187 2905 869 2975; baseline 0.001 -19"><span class='ocrx_word' id='word_1_334' title='bbox 187 2905 322 2958; x_wconf 83' lang='lat' dir='ltr'><strong><em>externis.</em></strong></span> <span class='ocrx_word' id='word_1_335' title='bbox 350 2906 431 2959; x_wconf 90' lang='lat' dir='ltr'><strong><em>Conf.</em></strong></span> <span class='ocrx_word' id='word_1_336' title='bbox 452 2910 551 2968; x_wconf 85' lang='lat' dir='ltr'><strong><em>Horat.</em></strong></span> <span class='ocrx_word' id='word_1_337' title='bbox 572 2906 630 2960; x_wconf 87' lang='lat' dir='ltr'><strong><em>Sat.</em></strong></span> <span class='ocrx_word' id='word_1_338' title='bbox 650 2909 687 2960; x_wconf 91' lang='lat'><strong><em>11.</em></strong></span> <span class='ocrx_word' id='word_1_339' title='bbox 708 2909 734 2960; x_wconf 83' lang='grc'><strong>7.</strong></span> <span class='ocrx_word' id='word_1_340' title='bbox 754 2909 789 2961; x_wconf 83' lang='grc'><strong><em>86</em></strong></span> <span class='ocrx_word' id='word_1_341' title='bbox 807 2924 869 2975; x_wconf 86' lang='lat' dir='ltr'><strong><em>sqq.</em></strong></span> 
     </span>
     <span class='ocr_line' id='line_1_35' title="bbox 247 2975 1125 3047; baseline -0.008 -12"><span class='ocrx_word' id='word_1_342' title='bbox 247 3029 250 3035; x_wconf 94' lang='lat'><strong><em>.</em></strong></span> <span class='ocrx_word' id='word_1_343' title='bbox 351 2977 447 3032; x_wconf 88' lang='lat' dir='ltr'><strong><em>Fortis</em></strong></span> <span class='ocrx_word' id='word_1_344' title='bbox 464 2987 491 3033; x_wconf 91' lang='lat' dir='ltr'><strong><em>et</em></strong></span> <span class='ocrx_word' id='word_1_345' title='bbox 511 2978 542 3032; x_wconf 87' lang='lat' dir='ltr'><strong><em>in</em></strong></span> <span class='ocrx_word' id='word_1_346' title='bbox 559 2994 588 3030; x_wconf 89' lang='lat' dir='ltr'><strong><em>se</em></strong></span> <span class='ocrx_word' id='word_1_347' title='bbox 606 2977 668 3047; x_wconf 80' lang='lat' dir='ltr'><strong><em>ipso</em></strong></span> <span class='ocrx_word' id='word_1_348' title='bbox 686 2984 769 3043; x_wconf 82' lang='lat' dir='ltr'><strong><em>totns,</em></strong></span> <span class='ocrx_word' id='word_1_349' title='bbox 789 2982 864 3030; x_wconf 80' lang='lat' dir='ltr'><strong><em>teres</em></strong></span> <span class='ocrx_word' id='word_1_350' title='bbox 882 2980 963 3044; x_wconf 82' lang='lat' dir='ltr'><strong><em>atpne</em></strong></span> <span class='ocrx_word' id='word_1_351' title='bbox 981 2975 1125 3040; x_wconf 80' lang='lat' dir='ltr'><strong><em>rctnndns,</em></strong></span> 
     </span>
     <span class='ocr_line' id='line_1_36' title="bbox 353 3047 1001 3118; baseline 0.002 -19"><span class='ocrx_word' id='word_1_352' title='bbox 353 3047 473 3102; x_wconf 81' lang='lat' dir='ltr'><strong><em>Externi</em></strong></span> <span class='ocrx_word' id='word_1_353' title='bbox 491 3066 525 3103; x_wconf 88' lang='lat' dir='ltr'><strong><em>ne</em></strong></span> <span class='ocrx_word' id='word_1_354' title='bbox 544 3049 612 3118; x_wconf 78' lang='lat' dir='ltr'><strong><em>prid</em></strong></span> <span class='ocrx_word' id='word_1_355' title='bbox 629 3051 721 3101; x_wconf 83' lang='lat' dir='ltr'><strong><em>vatent</em></strong></span> <span class='ocrx_word' id='word_1_356' title='bbox 736 3063 789 3117; x_wconf 90' lang='lat' dir='ltr'><strong><em>per</em></strong></span> <span class='ocrx_word' id='word_1_357' title='bbox 809 3049 865 3100; x_wconf 83' lang='lat' dir='ltr'><strong><em>tene</em></strong></span> <span class='ocrx_word' id='word_1_358' title='bbox 882 3047 1001 3112; x_wconf 82' lang='lat' dir='ltr'><strong><em>morari,</em></strong></span> 
     </span>
     <span class='ocr_line' id='line_1_37' title="bbox 349 3117 989 3186; baseline -0.003 -17"><span class='ocrx_word' id='word_1_359' title='bbox 349 3117 384 3171; x_wconf 88' lang='lat' dir='ltr'><strong><em>In</em></strong></span> <span class='ocrx_word' id='word_1_360' title='bbox 401 3136 478 3186; x_wconf 80' lang='lat' dir='ltr'><strong><em>quem</em></strong></span> <span class='ocrx_word' id='word_1_361' title='bbox 495 3135 593 3172; x_wconf 78' lang='lat' dir='ltr'><strong><em>neenec</em></strong></span> <span class='ocrx_word' id='word_1_362' title='bbox 610 3118 670 3171; x_wconf 82' lang='lat' dir='ltr'><strong><em>ruit</em></strong></span> <span class='ocrx_word' id='word_1_363' title='bbox 687 3134 794 3186; x_wconf 87' lang='lat' dir='ltr'><strong><em>semper</em></strong></span> <span class='ocrx_word' id='word_1_364' title='bbox 812 3119 934 3183; x_wconf 72' lang='lat' dir='ltr'><strong><em>fortuna.</em></strong></span> <span class='ocrx_word' id='word_1_365' title='bbox 956 3149 989 3159; x_wconf 92' lang='lat'>-</span> 
     </span>
     <span class='ocr_line' id='line_1_38' title="bbox 186 3185 1380 3261; baseline -0.006 -19"><span class='ocrx_word' id='word_1_366' title='bbox 186 3188 242 3242; x_wconf 88' lang='lat' dir='ltr'><strong><em>Ubi</em></strong></span> <span class='ocrx_word' id='word_1_367' title='bbox 260 3188 318 3241; x_wconf 85' lang='lat' dir='ltr'><strong><em>vid.</em></strong></span> <span class='ocrx_word' id='word_1_368' title='bbox 339 3191 476 3258; x_wconf 83' lang='lat' dir='ltr'><strong><em>interprr.</em></strong></span> <span class='ocrx_word' id='word_1_369' title='bbox 503 3190 575 3246; x_wconf 85' lang='lat' dir='ltr'><strong><em>Add.</em></strong></span> <span class='ocrx_word' id='word_1_370' title='bbox 594 3206 710 3242; x_wconf 80' lang='lat' dir='ltr'><strong><em>versum</em></strong></span> <span class='ocrx_word' id='word_1_371' title='bbox 727 3189 848 3261; x_wconf 78' lang='lat' dir='ltr'><strong><em>Virgilii</em></strong></span> <span class='ocrx_word' id='word_1_372' title='bbox 865 3188 978 3240; x_wconf 87' lang='lat' dir='ltr'><strong><em>iuvenis</em></strong></span> <span class='ocrx_word' id='word_1_373' title='bbox 996 3188 1028 3238; x_wconf 88' lang='lat' dir='ltr'><strong><em>in</em></strong></span> <span class='ocrx_word' id='word_1_374' title='bbox 1046 3186 1115 3237; x_wconf 87' lang='lat' dir='ltr'><strong><em>Viro</em></strong></span> <span class='ocrx_word' id='word_1_375' title='bbox 1133 3185 1220 3237; x_wconf 90' lang='lat' dir='ltr'><strong><em>Bono.</em></strong></span> <span class='ocrx_word' id='word_1_376' title='bbox 1240 3187 1271 3241; x_wconf 78' lang='lat'><strong><em>5:</em></strong></span> <span class='ocrx_word' id='word_1_377' title='bbox 1377 3203 1380 3206; x_wconf 53' lang='lat'><strong>⁴</strong></span> 
     </span>
     <span class='ocr_line' id='line_1_39' title="bbox 351 3256 1194 3329; baseline -0.008 -16"><span class='ocrx_word' id='word_1_378' title='bbox 351 3259 480 3326; x_wconf 79' lang='lat' dir='ltr'><strong><em>Securus,</em></strong></span> <span class='ocrx_word' id='word_1_379' title='bbox 499 3261 595 3315; x_wconf 80' lang='lat' dir='ltr'><strong><em>mnndi</em></strong></span> <span class='ocrx_word' id='word_1_380' title='bbox 612 3258 706 3312; x_wconf 82' lang='lat' dir='ltr'><strong><em>instar</em></strong></span> <span class='ocrx_word' id='word_1_381' title='bbox 723 3257 835 3324; x_wconf 78' lang='lat' dir='ltr'><strong><em>habene,</em></strong></span> <span class='ocrx_word' id='word_1_382' title='bbox 855 3263 1030 3329; x_wconf 82' lang='lat' dir='ltr'><strong><em>terrentque</em></strong></span> <span class='ocrx_word' id='word_1_383' title='bbox 1049 3256 1194 3309; x_wconf 80' lang='lat' dir='ltr'><strong><em>rotundus.</em></strong></span> 
     </span>
     <span class='ocr_line' id='line_1_40' title="bbox 185 3324 1274 3405; baseline -0.005 -24"><span class='ocrx_word' id='word_1_384' title='bbox 185 3329 220 3381; x_wconf 90' lang='lat' dir='ltr'><strong><em>In</em></strong></span> <span class='ocrx_word' id='word_1_385' title='bbox 239 3331 314 3383; x_wconf 89' lang='lat' dir='ltr'><strong><em>Gud.</em></strong></span> <span class='ocrx_word' id='word_1_386' title='bbox 333 3335 358 3386; x_wconf 77' lang='lat'><strong><em>2.</em></strong></span> <span class='ocrx_word' id='word_1_387' title='bbox 378 3331 490 3405; x_wconf 80' lang='lat' dir='ltr'><strong><em>legitur</em></strong></span> <span class='ocrx_word' id='word_1_388' title='bbox 508 3334 557 3401; x_wconf 82' lang='lat' dir='ltr'><strong><em>qni</em></strong></span> <span class='ocrx_word' id='word_1_389' title='bbox 574 3347 605 3383; x_wconf 85' lang='lat' dir='ltr'><strong><em>se</em></strong></span> <span class='ocrx_word' id='word_1_390' title='bbox 622 3346 675 3398; x_wconf 89' lang='lat' dir='ltr'><strong><em>pro</em></strong></span> <span class='ocrx_word' id='word_1_391' title='bbox 694 3345 763 3399; x_wconf 81' lang='lat' dir='ltr'><strong><em>quoe</em></strong></span> <span class='ocrx_word' id='word_1_392' title='bbox 781 3328 809 3381; x_wconf 87' lang='lat' dir='ltr'><strong><em>si</em></strong></span> <span class='ocrx_word' id='word_1_393' title='bbox 815 3348 824 3380; x_wconf 80' lang='lat' dir='ltr'><strong><em>s</em></strong></span> <span class='ocrx_word' id='word_1_394' title='bbox 842 3329 874 3381; x_wconf 91' lang='lat' dir='ltr'><strong><em>in</em></strong></span> <span class='ocrx_word' id='word_1_395' title='bbox 891 3344 948 3380; x_wconf 90' lang='lat' dir='ltr'><strong><em>uno</em></strong></span> <span class='ocrx_word' id='word_1_396' title='bbox 968 3330 1018 3380; x_wconf 85' lang='lat' dir='ltr'><strong><em>Ox.</em></strong></span> <span class='ocrx_word' id='word_1_397' title='bbox 1038 3327 1176 3395; x_wconf 84' lang='lat' dir='ltr'><strong><em>relegata.</em></strong></span> <span class='ocrx_word' id='word_1_398' title='bbox 1213 3324 1274 3379; x_wconf 88' lang='lat' dir='ltr'><strong><em>Mr.</em></strong></span> 
     </span>
     <span class='ocr_line' id='line_1_41' title="bbox 256 3398 1339 3474; baseline -0.006 -21"><span class='ocrx_word' id='word_1_399' title='bbox 256 3401 293 3453; x_wconf 89' lang='lat' dir='ltr'><strong><em>Et</em></strong></span> <span class='ocrx_word' id='word_1_400' title='bbox 310 3418 365 3454; x_wconf 92' lang='lat' dir='ltr'><strong><em>non</em></strong></span> <span class='ocrx_word' id='word_1_401' title='bbox 384 3410 412 3453; x_wconf 86' lang='lat' dir='ltr'><strong><em>et</em></strong></span> <span class='ocrx_word' id='word_1_402' title='bbox 431 3400 551 3468; x_wconf 79' lang='lat' dir='ltr'><strong><em>oriatur]</em></strong></span> <span class='ocrx_word' id='word_1_403' title='bbox 587 3401 680 3474; x_wconf 78' lang='lat' dir='ltr'><strong><em>Vulgo</em></strong></span> <span class='ocrx_word' id='word_1_404' title='bbox 699 3406 727 3453; x_wconf 91' lang='lat' dir='ltr'><strong><em>et</em></strong></span> <span class='ocrx_word' id='word_1_405' title='bbox 744 3401 937 3455; x_wconf 80' lang='lat' dir='ltr'><strong><em>nemoriatur.</em></strong></span> <span class='ocrx_word' id='word_1_406' title='bbox 975 3398 1167 3452; x_wconf 83' lang='lat' dir='ltr'><strong><em>Penultimam</em></strong></span> <span class='ocrx_word' id='word_1_407' title='bbox 1183 3411 1285 3448; x_wconf 82' lang='lat' dir='ltr'><strong><em>vocem</em></strong></span> <span class='ocrx_word' id='word_1_408' title='bbox 1303 3410 1339 3448; x_wconf 88' lang='lat' dir='ltr'><strong><em>ex</em></strong></span> 
     </span>
     <span class='ocr_line' id='line_1_42' title="bbox 185 3469 783 3526; baseline -0.002 -4"><span class='ocrx_word' id='word_1_409' title='bbox 185 3470 294 3526; x_wconf 84' lang='lat' dir='ltr'><strong><em>Ellens.</em></strong></span> <span class='ocrx_word' id='word_1_410' title='bbox 314 3479 381 3524; x_wconf 88' lang='lat' dir='ltr'><strong><em>tert.</em></strong></span> <span class='ocrx_word' id='word_1_411' title='bbox 403 3481 532 3524; x_wconf 85' lang='lat' dir='ltr'><strong><em>mutuam</em></strong></span> <span class='ocrx_word' id='word_1_412' title='bbox 551 3471 709 3523; x_wconf 87' lang='lat' dir='ltr'><strong><em>sumsimus.</em></strong></span> <span class='ocrx_word' id='word_1_413' title='bbox 747 3469 783 3522; x_wconf 89' lang='lat' dir='ltr'><strong><em>D.</em></strong></span> 
     </span>
     <span class='ocr_line' id='line_1_43' title="bbox 257 3536 1338 3608; baseline -0.002 -15"><span class='ocrx_word' id='word_1_414' title='bbox 257 3548 283 3594; x_wconf 88' lang='lat' dir='ltr'><strong><em>et</em></strong></span> <span class='ocrx_word' id='word_1_415' title='bbox 304 3557 359 3597; x_wconf 87' lang='lat' dir='ltr'><strong><em>non</em></strong></span> <span class='ocrx_word' id='word_1_416' title='bbox 386 3549 421 3595; x_wconf 86' lang='lat' dir='ltr'><strong><em>et</em></strong></span> <span class='ocrx_word' id='word_1_417' title='bbox 443 3545 554 3596; x_wconf 85' lang='lat' dir='ltr'><strong><em>oriatur</em></strong></span> <span class='ocrx_word' id='word_1_418' title='bbox 580 3557 599 3594; x_wconf 83' lang='lat' dir='ltr'><strong><em>n</em></strong></span> <span class='ocrx_word' id='word_1_419' title='bbox 623 3542 669 3608; x_wconf 83' lang='lat' dir='ltr'><strong><em>se]</em></strong></span> <span class='ocrx_word' id='word_1_420' title='bbox 706 3539 839 3593; x_wconf 87' lang='lat' dir='ltr'><strong><em>Alterum</em></strong></span> <span class='ocrx_word' id='word_1_421' title='bbox 865 3546 894 3593; x_wconf 93' lang='lat' dir='ltr'><strong><em>et</em></strong></span> <span class='ocrx_word' id='word_1_422' title='bbox 915 3539 1015 3608; x_wconf 84' lang='lat' dir='ltr'><strong><em>recepi</em></strong></span> <span class='ocrx_word' id='word_1_423' title='bbox 1040 3555 1107 3591; x_wconf 90' lang='lat' dir='ltr'><strong><em>cum</em></strong></span> <span class='ocrx_word' id='word_1_424' title='bbox 1125 3537 1248 3594; x_wconf 84' lang='lat' dir='ltr'><strong><em>HWolf.</em></strong></span> <span class='ocrx_word' id='word_1_425' title='bbox 1267 3536 1338 3591; x_wconf 82' lang='lat' dir='ltr'><strong><em>Dav.</em></strong></span> 
     </span>
     <span class='ocr_line' id='line_1_44' title="bbox 184 3607 1340 3685; baseline -0.005 -22"><span class='ocrx_word' id='word_1_426' title='bbox 184 3610 257 3663; x_wconf 86' lang='lat' dir='ltr'><strong><em>Lall.</em></strong></span> <span class='ocrx_word' id='word_1_427' title='bbox 279 3613 351 3665; x_wconf 89' lang='lat' dir='ltr'><strong><em>Oliv.</em></strong></span> <span class='ocrx_word' id='word_1_428' title='bbox 372 3611 517 3669; x_wconf 79' lang='lat' dir='ltr'><strong><em>FAWolf.</em></strong></span> <span class='ocrx_word' id='word_1_429' title='bbox 537 3613 624 3666; x_wconf 71' lang='lat' dir='ltr'><strong><em>Schm</em></strong></span> <span class='ocrx_word' id='word_1_430' title='bbox 645 3613 691 3665; x_wconf 86' lang='lat' dir='ltr'><strong><em>Or.</em></strong></span> <span class='ocrx_word' id='word_1_431' title='bbox 710 3611 784 3664; x_wconf 86' lang='lat' dir='ltr'><strong><em>Tbn.</em></strong></span> <span class='ocrx_word' id='word_1_432' title='bbox 804 3629 840 3664; x_wconf 83' lang='lat' dir='ltr'><strong><em>ex</em></strong></span> <span class='ocrx_word' id='word_1_433' title='bbox 857 3611 942 3664; x_wconf 82' lang='lat' dir='ltr'><strong><em>Godd.</em></strong></span> <span class='ocrx_word' id='word_1_434' title='bbox 961 3612 1030 3685; x_wconf 75' lang='lat' dir='ltr'><strong><em>neg.</em></strong></span> <span class='ocrx_word' id='word_1_435' title='bbox 1053 3608 1127 3661; x_wconf 85' lang='lat' dir='ltr'><strong><em>Gud.</em></strong></span> <span class='ocrx_word' id='word_1_436' title='bbox 1145 3614 1169 3664; x_wconf 88' lang='lat' dir='ltr'><strong><em>l.</em></strong></span> <span class='ocrx_word' id='word_1_437' title='bbox 1182 3611 1207 3663; x_wconf 72' lang='lat'><strong><em>2.</em></strong></span> <span class='ocrx_word' id='word_1_438' title='bbox 1228 3607 1340 3674; x_wconf 83' lang='lat' dir='ltr'><strong><em>(quam-</em></strong></span> 
     </span>
     <span class='ocr_line' id='line_1_45' title="bbox 127 3677 1340 3757; baseline -0.007 -23"><span class='ocrx_word' id='word_1_439' title='bbox 127 3744 132 3757; x_wconf 79' lang='lat'><strong><em>.</em></strong></span> <span class='ocrx_word' id='word_1_440' title='bbox 185 3700 273 3751; x_wconf 87' lang='lat' dir='ltr'><strong><em>quam</em></strong></span> <span class='ocrx_word' id='word_1_441' title='bbox 290 3683 340 3736; x_wconf 88' lang='lat' dir='ltr'><strong><em>bic</em></strong></span> <span class='ocrx_word' id='word_1_442' title='bbox 359 3683 463 3736; x_wconf 86' lang='lat' dir='ltr'><strong><em>calami</em></strong></span> <span class='ocrx_word' id='word_1_443' title='bbox 482 3685 567 3755; x_wconf 70' lang='lat' dir='ltr'><strong><em>‚lapsu</em></strong></span> <span class='ocrx_word' id='word_1_444' title='bbox 585 3683 671 3736; x_wconf 90' lang='lat' dir='ltr'><strong><em>habet</em></strong></span> <span class='ocrx_word' id='word_1_445' title='bbox 694 3689 721 3736; x_wconf 83' lang='lat' dir='ltr'><strong><em>et</em></strong></span> <span class='ocrx_word' id='word_1_446' title='bbox 744 3698 799 3735; x_wconf 85' lang='lat' dir='ltr'><strong><em>non</em></strong></span> <span class='ocrx_word' id='word_1_447' title='bbox 826 3678 999 3743; x_wconf 81' lang='lat' dir='ltr'><strong><em>adoriatur)</em></strong></span> <span class='ocrx_word' id='word_1_448' title='bbox 1019 3679 1131 3751; x_wconf 74' lang='lat' dir='ltr'><strong><em>Gry-ph.</em></strong></span> <span class='ocrx_word' id='word_1_449' title='bbox 1160 3695 1285 3748; x_wconf 89' lang='lat' dir='ltr'><strong><em>quorum</em></strong></span> <span class='ocrx_word' id='word_1_450' title='bbox 1302 3677 1340 3728; x_wconf 87' lang='lat' dir='ltr'><strong><em>li·</em></strong></span> 
     </span>
     <span class='ocr_line' id='line_1_46' title="bbox 185 3750 1338 3820; baseline -0.004 -16"><span class='ocrx_word' id='word_1_451' title='bbox 185 3752 302 3818; x_wconf 79' lang='lat' dir='ltr'><strong><em>brorum</em></strong></span> <span class='ocrx_word' id='word_1_452' title='bbox 328 3771 437 3807; x_wconf 84' lang='lat' dir='ltr'><strong><em>summa</em></strong></span> <span class='ocrx_word' id='word_1_453' title='bbox 463 3765 507 3808; x_wconf 84' lang='lat' dir='ltr'><strong><em>est</em></strong></span> <span class='ocrx_word' id='word_1_454' title='bbox 532 3754 701 3806; x_wconf 79' lang='lat' dir='ltr'><strong><em>auctoritas:</em></strong></span> <span class='ocrx_word' id='word_1_455' title='bbox 740 3753 888 3818; x_wconf 85' lang='lat' dir='ltr'><strong><em>accedunt,</em></strong></span> <span class='ocrx_word' id='word_1_456' title='bbox 918 3760 952 3803; x_wconf 92' lang='lat' dir='ltr'><strong><em>ut</em></strong></span> <span class='ocrx_word' id='word_1_457' title='bbox 969 3752 1094 3815; x_wconf 85' lang='lat' dir='ltr'><strong><em>videtur,</em></strong></span> <span class='ocrx_word' id='word_1_458' title='bbox 1120 3751 1249 3820; x_wconf 90' lang='lat' dir='ltr'><strong><em>quinque</em></strong></span> <span class='ocrx_word' id='word_1_459' title='bbox 1267 3750 1338 3801; x_wconf 82' lang='lat' dir='ltr'><strong><em>Oxx.</em></strong></span> 
     </span>
     <span class='ocr_line' id='line_1_47' title="bbox 185 3818 1338 3893; baseline -0.007 -17"><span class='ocrx_word' id='word_1_460' title='bbox 185 3824 266 3889; x_wconf 84' lang='lat' dir='ltr'><strong><em>Unus</em></strong></span> <span class='ocrx_word' id='word_1_461' title='bbox 284 3824 370 3878; x_wconf 84' lang='lat' dir='ltr'><strong><em>habet</em></strong></span> <span class='ocrx_word' id='word_1_462' title='bbox 387 3832 417 3877; x_wconf 81' lang='lat' dir='ltr'><strong><em>ut</em></strong></span> <span class='ocrx_word' id='word_1_463' title='bbox 435 3841 498 3879; x_wconf 87' lang='lat' dir='ltr'><strong><em>non.</em></strong></span> <span class='ocrx_word' id='word_1_464' title='bbox 517 3824 664 3878; x_wconf 82' lang='lat' dir='ltr'><strong><em>scribitur</em></strong></span> <span class='ocrx_word' id='word_1_465' title='bbox 681 3840 723 3876; x_wconf 81' lang='lat' dir='ltr'><strong><em>ex</em></strong></span> <span class='ocrx_word' id='word_1_466' title='bbox 740 3840 772 3877; x_wconf 84' lang='lat' dir='ltr'><strong><em>ae</em></strong></span> <span class='ocrx_word' id='word_1_467' title='bbox 789 3824 821 3875; x_wconf 88' lang='lat' dir='ltr'><strong><em>in</em></strong></span> <span class='ocrx_word' id='word_1_468' title='bbox 839 3824 905 3877; x_wconf 83' lang='lat' dir='ltr'><strong><em>God.</em></strong></span> <span class='ocrx_word' id='word_1_469' title='bbox 926 3822 1000 3876; x_wconf 80' lang='lat' dir='ltr'><strong><em>Gud.</em></strong></span> <span class='ocrx_word' id='word_1_470' title='bbox 1022 3831 1051 3875; x_wconf 91' lang='lat' dir='ltr'><strong><em>et</em></strong></span> <span class='ocrx_word' id='word_1_471' title='bbox 1068 3821 1139 3893; x_wconf 71' lang='lat' dir='ltr'><strong><em>Edi.</em></strong></span> <span class='ocrx_word' id='word_1_472' title='bbox 1160 3828 1226 3872; x_wconf 88' lang='lat' dir='ltr'><strong><em>ante</em></strong></span> <span class='ocrx_word' id='word_1_473' title='bbox 1246 3818 1338 3873; x_wconf 87' lang='lat' dir='ltr'><strong><em>Gebh.</em></strong></span> 
     </span>
     <span class='ocr_line' id='line_1_48' title="bbox 185 3893 1338 3964; baseline -0.004 -18"><span class='ocrx_word' id='word_1_474' title='bbox 185 3894 318 3948; x_wconf 79' lang='lat' dir='ltr'><strong><em>omnibus</em></strong></span> <span class='ocrx_word' id='word_1_475' title='bbox 345 3904 464 3964; x_wconf 69' lang='lat' dir='ltr'><strong><em>excepta</em></strong></span> <span class='ocrx_word' id='word_1_476' title='bbox 485 3897 515 3949; x_wconf 90' lang='lat' dir='ltr'><strong><em>P.</em></strong></span> <span class='ocrx_word' id='word_1_477' title='bbox 542 3911 613 3964; x_wconf 84' lang='lat' dir='ltr'><strong><em>quae</em></strong></span> <span class='ocrx_word' id='word_1_478' title='bbox 640 3894 727 3947; x_wconf 85' lang='lat' dir='ltr'><strong><em>babet</em></strong></span> <span class='ocrx_word' id='word_1_479' title='bbox 749 3912 768 3949; x_wconf 85' lang='lat' dir='ltr'><em>a</em></span> <span class='ocrx_word' id='word_1_480' title='bbox 791 3911 859 3948; x_wconf 87' lang='lat' dir='ltr'><strong><em>sese.</em></strong></span> <span class='ocrx_word' id='word_1_481' title='bbox 890 3893 975 3947; x_wconf 81' lang='lat' dir='ltr'><strong><em>Godd.</em></strong></span> <span class='ocrx_word' id='word_1_482' title='bbox 1002 3894 1111 3961; x_wconf 89' lang='lat' dir='ltr'><strong><em>reliqui</em></strong></span> <span class='ocrx_word' id='word_1_483' title='bbox 1136 3907 1234 3944; x_wconf 88' lang='lat' dir='ltr'><strong><em>omnes</em></strong></span> <span class='ocrx_word' id='word_1_484' title='bbox 1258 3905 1276 3942; x_wconf 84' lang='lat' dir='ltr'><strong><em>a</em></strong></span> <span class='ocrx_word' id='word_1_485' title='bbox 1300 3906 1338 3943; x_wconf 85' lang='lat' dir='ltr'><strong><em>se.</em></strong></span> 
     </span>
     <span class='ocr_line' id='line_1_49' title="bbox 186 3962 1340 4051; baseline -0.008 -32"><span class='ocrx_word' id='word_1_486' title='bbox 186 3963 269 4023; x_wconf 81' lang='lat' dir='ltr'><strong><em>Solus</em></strong></span> <span class='ocrx_word' id='word_1_487' title='bbox 288 3966 361 4051; x_wconf 74' lang='lat' dir='ltr'><strong><em>Aug.</em></strong></span> <span class='ocrx_word' id='word_1_488' title='bbox 381 3966 512 4020; x_wconf 83' lang='lat' dir='ltr'><strong><em>habetet</em></strong></span> <span class='ocrx_word' id='word_1_489' title='bbox 530 3981 585 4019; x_wconf 90' lang='lat' dir='ltr'><strong><em>non</em></strong></span> <span class='ocrx_word' id='word_1_490' title='bbox 603 3966 767 4020; x_wconf 81' lang='lat' dir='ltr'><strong><em>exoriatur</em></strong></span> <span class='ocrx_word' id='word_1_491' title='bbox 785 3981 803 4018; x_wconf 87' lang='lat' dir='ltr'><strong><em>a</em></strong></span> <span class='ocrx_word' id='word_1_492' title='bbox 821 3981 859 4018; x_wconf 83' lang='lat' dir='ltr'><strong><em>ae.</em></strong></span> <span class='ocrx_word' id='word_1_493' title='bbox 881 3965 1017 4018; x_wconf 84' lang='lat' dir='ltr'><strong><em>Ceterum</em></strong></span> <span class='ocrx_word' id='word_1_494' title='bbox 1034 3965 1093 4015; x_wconf 87' lang='lat' dir='ltr'><strong><em>vid.</em></strong></span> <span class='ocrx_word' id='word_1_495' title='bbox 1113 3963 1148 4015; x_wconf 84' lang='lat' dir='ltr'><strong><em>de</em></strong></span> <span class='ocrx_word' id='word_1_496' title='bbox 1166 3963 1196 4013; x_wconf 89' lang='lat' dir='ltr'><strong><em>h.</em></strong></span> <span class='ocrx_word' id='word_1_497' title='bbox 1209 3963 1230 4018; x_wconf 85' lang='lat' dir='ltr'><strong><em>l.</em></strong></span> <span class='ocrx_word' id='word_1_498' title='bbox 1251 3962 1340 4014; x_wconf 86' lang='lat' dir='ltr'><strong><em>etiam</em></strong></span> 
     </span>
     <span class='ocr_line' id='line_1_50' title="bbox 185 4033 1338 4108; baseline -0.01 -16"><span class='ocrx_word' id='word_1_499' title='bbox 185 4036 402 4108; x_wconf 79' lang='lat' dir='ltr'><strong><em>Wopkenssum</em></strong></span> <span class='ocrx_word' id='word_1_500' title='bbox 419 4037 513 4090; x_wconf 88' lang='lat' dir='ltr'><strong><em>Lectt.</em></strong></span> <span class='ocrx_word' id='word_1_501' title='bbox 532 4036 611 4089; x_wconf 90' lang='lat' dir='ltr'><strong><em>Tull.</em></strong></span> <span class='ocrx_word' id='word_1_502' title='bbox 630 4055 659 4107; x_wconf 87' lang='lat' dir='ltr'><strong><em>p.</em></strong></span> <span class='ocrx_word' id='word_1_503' title='bbox 680 4039 741 4091; x_wconf 75' lang='lat'><strong><em>218.</em></strong></span> <span class='ocrx_word' id='word_1_504' title='bbox 768 4037 909 4090; x_wconf 85' lang='lat' dir='ltr'><strong><em>Goerenz.</em></strong></span> <span class='ocrx_word' id='word_1_505' title='bbox 935 4035 969 4087; x_wconf 86' lang='lat' dir='ltr'><strong><em>ad</em></strong></span> <span class='ocrx_word' id='word_1_506' title='bbox 988 4034 1048 4088; x_wconf 78' lang='lat' dir='ltr'><strong><em>cte.</em></strong></span> <span class='ocrx_word' id='word_1_507' title='bbox 1074 4034 1108 4086; x_wconf 85' lang='lat' dir='ltr'><strong><em>de</em></strong></span> <span class='ocrx_word' id='word_1_508' title='bbox 1131 4034 1216 4085; x_wconf 84' lang='lat' dir='ltr'><strong><em>Finn.</em></strong></span> <span class='ocrx_word' id='word_1_509' title='bbox 1236 4033 1274 4084; x_wconf 93' lang='lat'><strong><em>11.</em></strong></span> <span class='ocrx_word' id='word_1_510' title='bbox 1294 4033 1338 4086; x_wconf 81' lang='lat' dir='ltr'><strong><em>tt.</em></strong></span> 
     </span>
     <span class='ocr_line' id='line_1_51' title="bbox 187 4101 1341 4181; baseline -0.007 -19"><span class='ocrx_word' id='word_1_511' title='bbox 187 4109 229 4162; x_wconf 82' lang='grc'><strong>78.</strong></span> <span class='ocrx_word' id='word_1_512' title='bbox 249 4127 277 4179; x_wconf 87' lang='lat' dir='ltr'><strong><em>p.</em></strong></span> <span class='ocrx_word' id='word_1_513' title='bbox 297 4112 358 4165; x_wconf 78' lang='lat'><strong><em>239.</em></strong></span> <span class='ocrx_word' id='word_1_514' title='bbox 371 4109 457 4174; x_wconf 48' lang='grc' dir='ltr'><strong><em>τίη,</em></strong></span> <span class='ocrx_word' id='word_1_515' title='bbox 474 4125 553 4178; x_wconf 83' lang='lat' dir='ltr'><strong><em>seqq.</em></strong></span> <span class='ocrx_word' id='word_1_516' title='bbox 573 4108 639 4163; x_wconf 78' lang='lat' dir='ltr'><strong><em>cot.</em></strong></span> <span class='ocrx_word' id='word_1_517' title='bbox 659 4106 734 4181; x_wconf 78' lang='lat' dir='ltr'><strong><em>Aug.</em></strong></span> <span class='ocrx_word' id='word_1_518' title='bbox 755 4106 871 4160; x_wconf 79' lang='lat' dir='ltr'><strong><em>exhibet</em></strong></span> <span class='ocrx_word' id='word_1_519' title='bbox 889 4105 1032 4174; x_wconf 76' lang='lat' dir='ltr'><strong><em>cornplexc</em></strong></span> <span class='ocrx_word' id='word_1_520' title='bbox 1050 4104 1098 4157; x_wconf 87' lang='lat' dir='ltr'><strong><em>sit</em></strong></span> <span class='ocrx_word' id='word_1_521' title='bbox 1117 4110 1148 4156; x_wconf 92' lang='lat' dir='ltr'><strong><em>et</em></strong></span> <span class='ocrx_word' id='word_1_522' title='bbox 1166 4101 1240 4158; x_wconf 78' lang='lat' dir='ltr'><strong><em>nibil</em></strong></span> <span class='ocrx_word' id='word_1_523' title='bbox 1258 4118 1341 4172; x_wconf 80' lang='lat' dir='ltr'><strong><em>qnae-</em></strong></span> 
     </span>
     <span class='ocr_line' id='line_1_52' title="bbox 187 4173 1338 4246; baseline -0.003 -18"><span class='ocrx_word' id='word_1_524' title='bbox 187 4184 244 4232; x_wconf 79' lang='lat' dir='ltr'><strong><em>rat.</em></strong></span> <span class='ocrx_word' id='word_1_525' title='bbox 273 4180 340 4235; x_wconf 82' lang='lat' dir='ltr'><strong><em>cod.</em></strong></span> <span class='ocrx_word' id='word_1_526' title='bbox 361 4178 444 4241; x_wconf 61' lang='lat' dir='ltr'><strong><em>Vinci.</em></strong></span> <span class='ocrx_word' id='word_1_527' title='bbox 466 4184 490 4233; x_wconf 94' lang='lat' dir='ltr'><strong><em>l.</em></strong></span> <span class='ocrx_word' id='word_1_528' title='bbox 510 4176 609 4232; x_wconf 70' lang='lat' dir='ltr'><strong><em>nituit</em></strong></span> <span class='ocrx_word' id='word_1_529' title='bbox 626 4178 765 4246; x_wconf 78' lang='lat' dir='ltr'><strong><em>intelligo.</em></strong></span> <span class='ocrx_word' id='word_1_530' title='bbox 803 4179 883 4231; x_wconf 86' lang='lat' dir='ltr'><strong><em>Idem</em></strong></span> <span class='ocrx_word' id='word_1_531' title='bbox 901 4194 968 4228; x_wconf 90' lang='lat' dir='ltr'><strong><em>cum</em></strong></span> <span class='ocrx_word' id='word_1_532' title='bbox 986 4176 1092 4228; x_wconf 88' lang='lat' dir='ltr'><strong><em>duobus</em></strong></span> <span class='ocrx_word' id='word_1_533' title='bbox 1112 4176 1180 4227; x_wconf 78' lang='lat' dir='ltr'><strong><em>Oxx.</em></strong></span> <span class='ocrx_word' id='word_1_534' title='bbox 1202 4184 1232 4227; x_wconf 89' lang='lat' dir='ltr'><strong><em>et</em></strong></span> <span class='ocrx_word' id='word_1_535' title='bbox 1249 4173 1338 4227; x_wconf 80' lang='lat' dir='ltr'><strong><em>Reht.</em></strong></span> 
     </span>
     <span class='ocr_line' id='line_1_53' title="bbox 188 4244 1338 4320; baseline -0.004 -20"><span class='ocrx_word' id='word_1_536' title='bbox 188 4250 299 4303; x_wconf 88' lang='lat' dir='ltr'><strong><em>omittit</em></strong></span> <span class='ocrx_word' id='word_1_537' title='bbox 317 4265 356 4302; x_wconf 90' lang='lat' dir='ltr'><strong><em>re.</em></strong></span> <span class='ocrx_word' id='word_1_538' title='bbox 397 4248 485 4311; x_wconf 83' lang='lat' dir='ltr'><strong><em>Tanto</em></strong></span> <span class='ocrx_word' id='word_1_539' title='bbox 503 4267 582 4318; x_wconf 82' lang='lat' dir='ltr'><strong><em>opere</em></strong></span> <span class='ocrx_word' id='word_1_540' title='bbox 606 4251 710 4320; x_wconf 84' lang='lat' dir='ltr'><strong><em>scripsi</em></strong></span> <span class='ocrx_word' id='word_1_541' title='bbox 732 4266 800 4302; x_wconf 90' lang='lat' dir='ltr'><strong><em>cum</em></strong></span> <span class='ocrx_word' id='word_1_542' title='bbox 818 4251 864 4304; x_wconf 88' lang='lat' dir='ltr'><strong><em>Or.</em></strong></span> <span class='ocrx_word' id='word_1_543' title='bbox 890 4265 926 4300; x_wconf 86' lang='lat' dir='ltr'><strong><em>ex</em></strong></span> <span class='ocrx_word' id='word_1_544' title='bbox 944 4247 1028 4301; x_wconf 85' lang='lat' dir='ltr'><strong><em>Codd.</em></strong></span> <span class='ocrx_word' id='word_1_545' title='bbox 1050 4246 1122 4301; x_wconf 86' lang='lat' dir='ltr'><strong><em>Gud.</em></strong></span> <span class='ocrx_word' id='word_1_546' title='bbox 1150 4246 1238 4299; x_wconf 85' lang='lat' dir='ltr'><strong><em>Rehd.</em></strong></span> <span class='ocrx_word' id='word_1_547' title='bbox 1266 4244 1338 4297; x_wconf 73' lang='lat' dir='ltr'><strong><em>Eds.</em></strong></span> 
     </span>
     <span class='ocr_line' id='line_1_54' title="bbox 188 4315 1408 4393; baseline -0.002 -23"><span class='ocrx_word' id='word_1_548' title='bbox 188 4317 221 4371; x_wconf 88' lang='lat' dir='ltr'><strong><em>A.</em></strong></span> <span class='ocrx_word' id='word_1_549' title='bbox 240 4321 271 4373; x_wconf 89' lang='lat' dir='ltr'><strong><em>B.</em></strong></span> <span class='ocrx_word' id='word_1_550' title='bbox 292 4321 363 4372; x_wconf 88' lang='lat' dir='ltr'><strong><em>Ven.</em></strong></span> <span class='ocrx_word' id='word_1_551' title='bbox 383 4328 469 4388; x_wconf 83' lang='lat' dir='ltr'><strong><em>nostr.</em></strong></span> <span class='ocrx_word' id='word_1_552' title='bbox 489 4319 552 4373; x_wconf 91' lang='lat' dir='ltr'><strong><em>Duo</em></strong></span> <span class='ocrx_word' id='word_1_553' title='bbox 572 4322 640 4374; x_wconf 83' lang='lat' dir='ltr'><strong><em>Oxx.</em></strong></span> <span class='ocrx_word' id='word_1_554' title='bbox 661 4321 801 4375; x_wconf 88' lang='lat' dir='ltr'><strong><em>omittunt</em></strong></span> <span class='ocrx_word' id='word_1_555' title='bbox 818 4320 953 4375; x_wconf 83' lang='lat' dir='ltr'><strong><em>videatur.</em></strong></span> <span class='ocrx_word' id='word_1_556' title='bbox 988 4316 1054 4372; x_wconf 86' lang='lat' dir='ltr'><strong><em>Cod.</em></strong></span> <span class='ocrx_word' id='word_1_557' title='bbox 1075 4317 1149 4370; x_wconf 88' lang='lat' dir='ltr'><strong><em>Gud.</em></strong></span> <span class='ocrx_word' id='word_1_558' title='bbox 1168 4319 1194 4374; x_wconf 70' lang='lat'><strong><em>2.</em></strong></span> <span class='ocrx_word' id='word_1_559' title='bbox 1224 4315 1341 4375; x_wconf 82' lang='lat' dir='ltr'><strong><em>exbibet</em></strong></span> <span class='ocrx_word' id='word_1_560' title='bbox 1404 4388 1408 4393; x_wconf 22' lang='grc'><strong><em>1</em></strong></span> 
     </span>
     <span class='ocr_line' id='line_1_55' title="bbox 189 4391 848 4460; baseline 0.002 -17"><span class='ocrx_word' id='word_1_561' title='bbox 189 4396 236 4444; x_wconf 85' lang='lat' dir='ltr'><strong><em>cut</em></strong></span> <span class='ocrx_word' id='word_1_562' title='bbox 255 4406 286 4444; x_wconf 88' lang='lat' dir='ltr'><strong><em>re</em></strong></span> <span class='ocrx_word' id='word_1_563' title='bbox 305 4394 408 4446; x_wconf 84' lang='lat' dir='ltr'><strong><em>tanta</em></strong></span> <span class='ocrx_word' id='word_1_564' title='bbox 427 4391 585 4460; x_wconf 74' lang='lat' dir='ltr'><strong><em>expetenda</em></strong></span> <span class='ocrx_word' id='word_1_565' title='bbox 603 4392 740 4457; x_wconf 82' lang='lat' dir='ltr'><strong><em>videatur.</em></strong></span> <span class='ocrx_word' id='word_1_566' title='bbox 779 4391 848 4446; x_wconf 72' lang='lat' dir='ltr'><strong><em>Mc.-</em></strong></span> 
     </span>
    </p>
   </div>
   <div class='ocr_carea' id='block_1_8' title="bbox 0 0 1429 5070">
    <p class='ocr_par' dir='ltr' id='par_1_9' title="bbox 0 0 1429 5070">
     <span class='ocr_line' id='line_1_56' title="bbox 0 0 1429 5070; baseline 0 0"><span class='ocrx_word' id='word_1_567' title='bbox 0 0 1429 5070; x_wconf 95' lang='lat' dir='ltr'><strong><em> </em></strong></span> 
     </span>
    </p>
   </div>
  </div>
 </body>
</html>
