2842 5070
494 321 624 385 LIBER
635 317 707 401 lv,
730 313 778 387 13.
1145 328 1207 395 323

52 499 103 552 est
121 490 257 566 ¹tritium,
280 489 327 549 sio
348 488 383 548 in
405 487 527 551 animo.
570 487 721 560 Morbum.
738 487 908 571 appellant
929 489 1032 550 totius
1054 495 1207 573 corporis

54 575 322 655 corruptionem:
347 567 640 651 Aegrotationes,
678 572 850 632 morbum
867 588 943 632 cum
973 571 1206 638 inbecillitate:
1225 583 1268 637 ts.

58 656 188 733 Vitium,
210 673 284 716 cum
308 655 592 734 pertesum-ports
613 655 703 715 inter
723 672 759 714 se
781 651 953 730 dissident,
982 674 1021 714 ex
1044 676 1110 737 quo
1131 676 1209 738 pre-

54 741 141 801 vitas
173 737 411 813 membrorum,
428 732 618 812 ‘dis-tortio,
652 734 860 796 deformitas·
912 737 1027 819 Itaque
1051 739 1108 800 ille
1130 739 1209 817 duo,

26 890 29 897 .
55 821 192 881 morbus
214 828 247 879 et
263 820 426 904 aegrotio,
455 837 496 879 ex
516 820 622 879 totius
643 817 845 879 valetudinis
873 822 1027 900 corporis
1049 828 1210 903 conquas-

55 904 185 964 satione
207 913 240 963 et
260 901 515 984 perturbatione
542 902 756 986 gignunturt‘
774 903 896 964 vitium
925 910 1047 979 autem,
1077 907 1211 990 integra
1265 957 1269 961 .

55 983 390 1065 valetudine,⁴-ipsum
412 1003 453 1044 ex
475 985 693 1047 secernitur.
715 981 836 1044 Sed‘in
858 986 1211 1048 auimotautummodo
1291 1065 1296 1074 -

58 1108 1202 1144 wss—q7———Q

58 1177 123 1296 bissi
135 1173 291 1299 ‘dumi
307 1177 384 1226 erat
403 1199 436 1208 -
454 1162 601 1229 uoluatur(
629 1171 751 1246 Legitur
775 1177 818 1227 est
836 1199 869 1211 -
889 1179 915 1225 et
934 1204 967 1215 -
987 1179 1014 1224 et
1037 1173 1069 1227 iu
1086 1173 1160 1229 Edd.
1180 1176 1211 1234 Ρ.

82 1263 97 1299 a
125 1287 131 1298 ,
175 1263 184 1293 l
227 1281 233 1294 ο

57 1313 141 1370 vinu.
163 1259 232 1376 Lpb·
260 1312 332 1367 Edd.
359 1312 393 1371 A.
420 1313 450 1368 B.
465 1309 505 1369 ’8.
533 1314 567 1375 Ε.
598 1313 628 1366 0.
653 1315 688 1365 V.
713 1315 808 1376 ML.
834 1314 956 1371 Hwou.
990 1316 1121 1386 reliquae
1147 1326 1214 1373 anta

58 1385 149 1441 Geblu
188 1385 261 1439 Cum
278 1384 335 1438 hoc
352 1384 463 1440 faciunt
481 1383 590 1453 reliqui
610 1384 680 1436 libri
699 1386 802 1455 scripti
821 1393 850 1439 et
869 1386 951 1449 editi,
971 1387 1029 1439 nisi
1048 1389 1125 1458 quod
1144 1389 1214 1448 Cod.

58 1457 132 1516 Auo,
152 1455 239 1534 babet
258 1462 299 1509 est
318 1456 348 1510 iu
366 1472 484 1524 corpore
503 1455 623 1519 morbus,
642 1454 699 1507 duo
719 1456 789 1508 Oxx·
808 1459 957 1522 aegritudo
997 1473 1029 1509 ro
1043 1461 1216 1525 aegrotatio.

59 1530 94 1583 ln
138 1527 291 1589 otmaro.
311 1526 539 1601 legitur-sicut
559 1525 711 1579 inanimo.
749 1525 889 1595 Sequitur
913 1528 944 1578 iu
988 1528 1031 1579 od.
1061 1529 1151 1582 ueuu.
1173 1539 1217 1584 to·

61 1601 120 1654 tius
144 1601 273 1668 corporis
298 1597 502 1670 corruptionem
520 1597 645 1651 morbum
669 1599 824 1665 appellarem
851 1598 881 1651 in
910 1597 979 1650 Cod.
1000 1598 1071 1675 Aug.
1092 1601 1218 1653 morbum

61 1672 204 1740 appeliant
223 1677 255 1722 et
271 1673 368 1723 totius.
406 1669 450 1721 Ad
469 1668 671 1723 definitionem
697 1686 723 1719 v.
744 1668 856 1720 morbus
873 1665 946 1723 haec
960 1677 1008 1721 -est
1026 1669 1111 1724 docta
1129 1665 1218 1726 uero-³

62 1742 122 1795 aldi
147 1742 311 1794 annotatio.-
346 1738 505 1804 „Sabinus
531 1738 625 1792 Labeo
649 1740 797 1809 ceterique
822 1738 1032 1804 iurisconsulti,
1070 1742 1157 1796 titulo
1182 1743 1220 1796 ad
1252 1795 1257 1800 ,

61 1815 191 1868 edictum
209 1809 384 1872 aedilitium,
403 1810 446 1862 sic
459 1809 592 1863 morbum
605 1808 765 1879 definiunt:
785 1809 900 1863 Morbus
919 1819 963 1862 est
980 1809 1095 1881 babitus
1120 1815 1219 1867 cuius·

62 1900 119 1953 que
139 1883 269 1952 corporis
294 1889 396 1934 curura
423 1889 567 1945 naturam,
592 1881 644 1948 qui
666 1886 750 1933 usum
774 1880 838 1933 eius
856 1881 949 1932 faciat*
963 1881 1149 1937 deteriorem.
1170 1884 1220 1938 sed

63 1955 198 2009 morbum
216 1950 287 2007 alias
306 1953 337 2004 in
356 1959 416 2016 toto
436 1967 558 2022 corpore
580 1948 713 2009 {recidere
732 1950 844 2014 dicunt,
869 1951 939 2005 alias
965 1952 994 2003 in
1014 1961 1097 2021 parte
1115 1971 1219 2025 corpo-

62 2026 122 2080 ris.
143 2024 233 2076 totius
252 2023 383 2097 corporis
401 2022 534 2076 morbum
555 2038 625 2085 esse,
644 2021 738 2075 veluti
755 2019 883 2092 phthisis
902 2029 945 2075 est
965 2031 993 2077 et
1002 2024 1106 2077 febris:
1126 2025 1220 2094 partis
1316 2072 1319 2077 .

63 2104 159 2150 autem
179 2094 274 2149 veluti
293 2093 415 2147 caecitas
433 2101 484 2146 aut
502 2093 585 2163 pedis
603 2088 747 2146 debilitas.
784 2091 819 2144 ln
836 2092 922 2149 libris
939 2110 1056 2163 quoque
1075 2094 1150 2150 iuris
1168 2113 1221 2166 pe·

62 2169 188 2223 ritorum
215 2167 356 2234 scriptum
383 2172 437 2231 est,
462 2162 596 2217 morbum
611 2170 652 2222 ,et
670 2164 776 2217 vitium
796 2160 913 2228 distare,
932 2164 1010 2233 quod
1028 2166 1134 2223 vitium
1151 2185 1221 2238 per·

86 2246 194 2302 etuum,
213 2235 330 2291 morbus
350 2253 417 2288 cum
437 2253 556 2289 accessu
575 2233 748 2304 decessuque
767 2235 812 2286 sit.
832 2234 927 2286 ¹Nunc
945 2237 981 2287 Μ.
1002 2234 1118 2290 Tullius
1136 2237 1221 2309 paul·

97 2327 128 2366 m
146 2307 289 2362 dissidens
313 2323 329 2357 a
352 2305 487 2361 linitione
511 2305 799 2370 iurisconsultorum,
823 2307 866 2360 ait
886 2305 1020 2359 morbum
1044 2325 1104 2362 essa
1131 2310 1220 2369 totius

65 2380 198 2447 corporis
218 2377 449 2446 corruptionem,
468 2376 551 2436 velut
567 2375 659 2428 febris
678 2384 737 2429 est:
766 2377 871 2431 vitium
890 2392 971 2444 vero,
990 2377 1117 2446 quadiu
1136 2388 1221 2450 parte
1245 2381 1247 2384 ’

65 2449 208 2519 corporis,
228 2448 323 2505 veltrti
343 2447 522 2512 claudicatio,
549 2453 600 2512 est,
627 2453 656 2500 et
674 2443 838 2528 gibbositas.
874 2446 1024 2502 Interdum
1049 2458 1092 2501 est
1111 2453 1220 2505 vitium
1303 2471 1304 2474 ¹

24 2550 27 2554 ι
66 2518 209 2589 corporis,
227 2534 317 2583 usque
338 2519 373 2571 ad
390 2518 520 2570 animum
538 2525 694 2586 penctrans
712 2533 836 2586 eumque
854 2516 975 2581 vitians,
994 2527 1028 2570 ut
1045 2521 1076 2571 in
1094 2522 1222 2592 phrene-

65 2591 125 2643 tico
144 2590 187 2643 fit.
223 2588 274 2643 Fit
293 2588 379 2642 etiam
399 2587 577 2659 comparatio
599 2586 658 2657 'per
675 2585 900 2641 similitudinem
922 2590 1092 2643 morborum
1119 2611 1221 2664 corpo-

64 2662 107 2715 ris
124 2660 161 2713 ad
178 2660 293 2714 morbos
312 2659 411 2713 animi.
441 2659 549 2715 Seneca
569 2657 674 2729 [Epist.
694 2652 752 2722 85-]
772 2658 881 2712 morbos
898 2659 988 2712 animi
1005 2662 1047 2714 ait
1062 2680 1128 2718 esse
1147 2659 1232 2730 uitia¹
1260 2673 1276 2705 ,·

64 2733 223 2786 inueterata
241 2737 269 2784 et
287 2731 371 2794 dura,
391 2738 425 2782 ut
444 2739 488 2784 est
504 2730 643 2783 avaritia:
663 2731 779 2795 affectus
797 2745 867 2782 vero
886 2736 978 2782 motus
1003 2733 1093 2786 auimi
1115 2735 1221 2806 impro-

64 2803 183 2857 babiles·
198 2810 224 2856 et
242 2802 397 2855 concitatos
417 2800 482 2871 [Ep.
504 2802 570 2865 75.].
606 2801 642 2851 Μ.
663 2799 780 2868 Tullius
792 2798 855 2853 'hoc
872 2801 904 2854 in
922 2799 988 2861 laco
1006 2803 1151 2872 subtilius,
1175 2808 1221 2862 di·

65 2874 213 2938 stinctius,
231 2872 348 2926 uberius
367 2881 470 2925 cuncta
488 2873 618 2941 partitur
637 2870 848 2940 etexplicatf‘,
879 2871 937 2922 Mr.

136 2946 408 3010 Aegrotatiouem—
423 2941 622 3008 imbecillitate]
648 2937 826 3064 Ἅιρρώστημά
845 2939 901 2995 ἔστι
919 2940 1030 3011 ῖκόσημα
1046 2949 1115 3014 μετὰ
1135 2945 1221 3006 dobe-
1297 2990 1301 3002 .
1325 2962 1330 2967 ’

65 3018 140 3073 ustae
158 3010 200 3066 iit
217 3014 351 3067 Laertius
370 3012 401 3063 L.
421 3011 486 3064 Vll.
512 3010 546 3078 [b.
568 3011 641 3078 ltu]
691 3028 730 3064 rc.
754 3013 837 3067 Fabr.
876 3013 943 3069 Post
967 3016 1043 3071 iuter
1067 3037 1141 3073 unus
1165 3023 1217 3075 Ox.

66 3085 181 3138 omittit
198 3100 237 3148 se,
257 3084 329 3137 alius
347 3080 434 3135 habet
452 3083 529 3135 iuter
552 3099 581 3135 se
607 3082 799 3149 diffident.
830 3082 904 3137 cut.
924 3086 950 3139 2.
978 3086 1096 3143 exhibet
1114 3108 1147 3142 ea
1165 3111 1219 3162 qus

64 3157 247 3226 paruitas,
266 3153 416 3223 frequenti
435 3167 545 3205 errore.
581 3151 623 3209 De
643 3153 785 3206 sententia
802 3154 882 3216 vocis
897 3158 1029 3221 prauitas
1046 3177 1073 3211 v.
1092 3160 1221 3217 Doeder-

67 3228 137 3282 lein.
157 3226 219 3279 Let.
238 3222 350 3297 Syron.
369 3242 397 3277 u.
416 3222 547 3294 Etymol.
566 3221 588 3277 1.
608 3240 637 3293 p.
656 3226 690 3279 60
709 3239 771 3292 sqq.
798 3220 865 3276 θοὰ.
888 3224 964 3283 Mon.
986 3229 1009 3279 1.
1030 3230 1142 3292 omittit
1160 3235 1221 3288 ῥίς.

67 3299 163 3362 tortio,
192 3295 367 3361 deformitas.
392 3294 491 3349 Duisb.
511 3293 596 3359 habet
615 3293 785 3347 distorsio:
811 3311 885 3347 unus
904 3295 956 3348 Ox.
984 3298 1220 3369 deformatio,

67 3371 241 3436 deformibus.
279 3367 380 3442 Pergit
397 3365 464 3421 cot.
485 3363 583 3419 Duisb.
605 3364 698 3434 itaque
717 3365 784 3418 duo
803 3366 888 3431 itta,
907 3366 983 3425 Mon.
1003 3373 1029 3425 1.
1057 3373 1149 3443 itaque
1166 3377 1220 3431 §aa
1241 3366 1243 3376 ¹

66 3442 121 3496 duo
139 3444 189 3493 md
207 3439 328 3493 rnorbus.
358 3438 408 3490 Ox.
428 3455 503 3489 unus
521 3442 554 3491 et
574 3435 668 3506 totius,
688 3433 762 3490 Gud.
783 3441 816 3489 et
834 3452 868 3488 ex
885 3437 977 3492 totius.
1013 3441 1075 3495 Mr.

82 3555 85 3569 ι
136 3545 171 3581 ea
188 3530 276 3582 totius
293 3525 463 3581 oalmudiuia
481 3523 611 3593 corporis
628 3524 865 3592 autumatione]
896 3527 994 3592 „Puto
1012 3535 1139 3600 corporis
1154 3553 1219 3592 essa

65 3598 235 3655 delendum:
254 3599 435 3674 intelligitur
453 3597 531 3651 euim
549 3613 605 3666 per
620 3613 661 3660 aa,
679 3613 746 3648 cum
766 3595 801 3648 de
820 3599 1069 3666 comorismorbis
1089 3612 1118 3656 et
1135 3608 1218 3661 vitiis

67 3683 164 3722 sermo
188 3669 257 3725 sit.⁴‘
284 3670 351 3732 Era.
389 3668 481 3733 „Sed
505 3669 547 3721 ait
565 3665 661 3732 site,
690 3667 850 3737 opponitur
867 3668 972 3723 deinde
990 3673 1021 3724 iu
1040 3673 1166 3728 auimo.“
1185 3710 1218 3721 -

64 3738 175 3795 Eadem
192 3748 237 3793 sat
252 3738 396 3793 sententia
414 3737 555 3792 Kiihusri.
580 3739 626 3792 0r.
646 3738 764 3793 sitnon
783 3740 949 3796 concoxisse
965 3741 1122 3798 Ernestum
1148 3749 1218 3804 duos

67 3809 230 3865 Genitives.
267 3809 377 3862 laudm
394 3807 489 3861 Ktibn.
509 3811 541 3862 L.
561 3810 616 3872 111,
639 3812 681 3875 18,
700 3812 751 3865 392
770 3807 853 3863 babes
869 3812 990 3877 formam
1009 3814 1128 3884 Epicuri
1138 3820 1219 3874 uitae

67 3883 176 3937 beatae.
203 3881 251 3943 lv,
269 3885 297 3945 b,
318 3883 366 3935 13:
394 3880 551 3946 praeseutia
568 3887 659 3934 autem
684 3883 756 3934 mati
777 3882 913 3949 sapiemis
938 3886 1048 3951 affectio
1068 3888 1145 3943 uultu
1164 3898 1217 3949 est.

19 3986 22 3993 Α
67 3952 112 4005 Ad
130 3967 200 4021 quos
219 3951 297 4004 locos
314 3968 342 4003 v.
362 3952 460 4006 annot}
480 3958 570 4004 nostr.
590 3953 764 4020 praesertim
782 3953 817 4023 ad
835 3955 974 4023 priorem.
998 3985 1029 3995 -
1055 3959 1122 4012 cot.
1142 3961 1216 4017 Gud.

66 4022 153 4076 habet
176 4021 360 4091 quassatione,
387 4036 443 4090 quo
471 4022 609 4088 vocabulo
632 4039 691 4075 non
709 4040 777 4075 usus
804 4031 846 4075 est
865 4023 982 4092 Cicer03
1006 4031 1080 4082 Μοιι.
1103 4031 1127 4082 l.
1156 4051 1219 4087 cen.

66 4093 190 4179 quaesto,
210 4093 286 4218 qidd
303 4110 341 4146 ne
363 4090 489 4144 latinum
512 4092 632 4163 quidem
657 4101 716 4146 est·
744 4091 844 4162 Ipsum
867 4103 999 4150 nostrum
1019 4109 1063 4153 est
1084 4102 1159 4164 ἅπαξ
1176 4108 1219 4160 ts-

84 4185 99 4219 o
122 4183 194 4221 sucu.
268 4182 291 4215 r.
363 4205 365 4209 >
691 4176 700 4191 ⁸
918 4200 920 4205 <
1072 4220 1074 4225 .

64 4184 121 4236 W
140 4238 247 4292 Vitium
265 4242 356 4291 autem
376 4264 407 4280 -ψ
427 4230 671 4296 territurium
690 4234 786 4286 ornnie
804 4234 907 4288 desunt
925 4237 956 4297 in
975 4256 1033 4293 uno
1052 4243 1102 4298 Ox.
1122 4244 1216 4311 ipsum

66 4322 102 4361 ea
119 4325 148 4361 se
166 4307 301 4382 intellige
320 4321 353 4358 eu
371 4308 434 4372 ipro
452 4301 522 4355 uitio
539 4309 568 4355 et
586 4305 615 4356 iu
633 4301 746 4371 ipsura
764 4309 890 4370 corporis
904 4317 984 4374 parte
1001 4311 1032 4365 iu
1052 4315 1216 4382 quaoitium

65 4381 150 4432 iucst.
186 4381 316 4454 Pergunt
339 4377 426 4430 (toda
457 4373 541 4431 vinu
559 4376 586 4430 2.
614 4376 688 4434 Man.
709 4379 732 4428 t.
765 4374 855 4430 uua.
879 4376 951 4432 Edi.
978 4380 1011 4433 Α.
1037 4383 1068 4435 Β.
1094 4382 1121 4436 S.
1142 4387 1213 4440 ven.

67 4456 159 4505 nostr.
183 4450 250 4514 Aac.
273 4455 299 4506 1.
337 4447 395 4502 Sed
421 4445 608 4502 tantummdo
631 4444 666 4499 ia
688 4448 790 4513 auimo,
813 4465 888 4504 unus
909 4449 960 4507 Ox.
985 4452 1057 4509 Edi.
1077 4445 1107 4507 Ρ.
1127 4452 1160 4509 E.
1182 4454 1213 4511 C.

923 4556 991 4620 21*

293 1243 401 1297 rimum
420 1248 462 1295 est
478 1244 591 1299 omittit
609 1243 676 1296 Cod.
696 1242 959 1308 Duisb.,·alterum
978 1243 1064 1298 Codd.
1091 1250 1166 1303 Mau.
1187 1253 1212 1303 l.
1306 1259 1309 1264 '
1356 1244 1360 1251 ⁴
