2842 5070
203 309 270 414 m
407 306 636 373 CICERONIS
655 304 903 395 TUSCULAN·
923 305 1154 379 DISPUTA'I'.

206 474 457 541 controversias
472 482 639 552 usturam,
659 472 703 536 ed
721 493 900 557 personam
920 472 1219 553 accommodemuss
1249 474 1298 538 sie
1319 477 1358 552 iu

132 598 136 602 Α
206 556 419 642 aegritudine
432 555 596 623 leniendas
618 577 695 621 nam
730 577 806 620 uam
827 558 964 640 quisque
980 558 1187 619 curationem
1201 559 1356 640 recipere

142 644 186 701 0⁰·
206 641 322 721 possit,
348 638 529 702 videndum
551 648 611 703 est.
660 579 728 706 Sei
753 643 866 703 nescio
899 659 963 721 quo
985 647 1083 721 pacto
1115 637 1156 698 ab
1186 659 1239 718 eo,
1267 639 1358 721 quod

206 733 280 784 erat
300 742 320 783 a
347 729 381 784 te
402 723 626 804 propositum,
659 722 831 785 aberravit
858 724 979 785 oratio.
1034 720 1089 783 Tu
1117 721 1207 782 enim
1236 721 1277 783 de
1307 743 1356 784 sa-

205 804 319 887 piente
339 806 542 884 quaesierant
565 805 621 865 cui
640 812 698 867 aut
718 804 840 869 malum
860 802 974 885 videri
984 804 1108 865 nullum
1123 811 1243 884 potest,
1267 802 1358 886 quod

204 895 302 959 uacet
331 883 573 969 turpitudiues,
598 894 657 949 aut
688 887 737 949 ita
768 906 911 970 parrum
939 887 1073 964 malum,
1105 892 1146 946 ut
1170 885 1206 948 id
1235 886 1357 950 obrua-

207 1070 309 1108 rocem
325 1056 471 1110 forensem
489 1054 539 1108 vel
556 1053 653 1125 potius
672 1053 859 1120 rhetoricam,
879 1071 998 1125 earnque
1016 1053 1061 1108 rei
1079 1054 1276 1108 accommodat
1300 1054 1356 1106 ali·

122 1150 126 1158 ·
205 1133 347 1196 quantum
366 1124 486 1196 dispari,
505 1124 555 1179 eetl
573 1141 646 1195 quae
663 1133 761 1179 tamen
780 1124 989 1195 comparationi
1004 1125 1101 1177 locum
1109 1125 1262 1195 praebeat:
1282 1142 1355 1194 quae

205 1199 240 1249 ut
258 1196 455 1270 intelligatur,
482 1194 653 1263 παρενθέτως
676 1213 754 1250 suam
773 1198 872 1266 paucis
899 1195 1034 1270 adiungit
1054 1194 1188 1248 vocabuli
1213 1193 1357 1249 rhetorici

203 1267 439 1336 explicationem.
461 1297 493 1310 -
512 1269 620 1320 Vocem
638 1266 807 1336 appellamus
825 1264 986 1320 nonhabet
1004 1264 1071 1318 cna.
1093 1264 1168 1322 Gud.
1188 1268 1214 1320 2.
1244 1265 1280 1317 ln
1298 1267 1352 1319 Ed.

205 1340 289 1392 Junt.
309 1347 354 1391 est
380 1336 554 1391 controversi
561 1353 623 1389 am.
659 1338 727 1390 Post
750 1342 858 1405 tempus
883 1335 951 1389 cna
975 1335 1048 1410 Aug.
1076 1337 1188 1389 omittit
1207 1336 1259 1388 ads
1287 1354 1355 1390 ean·

206 1408 284 1462 dem·
299 1409 401 1462 recem
426 1415 494 1465 aute
519 1414 626 1477 ternpus
650 1423 710 1461 non
738 1406 845 1462 habent
875 1406 931 1460 duo
955 1405 1027 1461 011.
1064 1406 1138 1460 Gum
1166 1405 1220 1460 illo
1238 1407 1354 1461 faciunt

204 1481 280 1532 Mon.
304 1483 325 1533 Ι.
345 1481 373 1535 2.
392 1476 479 1532 Rehd.
500 1477 599 1532 Duisb.
619 1487 650 1532 et
668 1494 720 1532 sex
738 1478 809 1535 Oxx.
845 1478 906 1530 Mr.

276 1548 326 1603 Sic
343 1549 375 1602 in
393 1547 570 1617 aegritudine
588 1548 758 1604 lenienda
776 1565 876 1618 quam
893 1545 1015 1618 quisque]
1049 1545 1196 1614 „Secutus
1220 1545 1272 1600 hic
1290 1567 1353 1602 sum

204 1618 297 1673 libros
314 1628 447 1691 qrmtuor,
473 1620 532 1673 vet.
559 1621 621 1674 cod.
640 1619 721 1676 Palls
737 1619 830 1690 quint.
850 1618 934 1671 Febr.
955 1617 1031 1670 Pith.
1052 1620 1139 1672 etiam
1166 1618 1269 1671 ductus
1289 1637 1355 1672 sen·

205 1690 314 1744 tentiae
340 1690 546 1744 concinnitate.
589 1689 719 1744 Salutius
742 1690 857 1766 vulgo:¹
884 1690 928 1742 eie
950 1689 981 1743 in
1008 1689 1187 1757 aegritudine
1204 1689 1351 1742 lenienda.

204 1776 282 1814 num
305 1760 524 1831 unumquisque
547 1761 719 1814 curationem
736 1762 861 1828 recipere
873 1759 976 1829 parnt,
1003 1760 1151 1813 uidendum
1176 1759 1251 1812 est.“
1270 1759 1352 1816 esst.

203 1830 366 1898 „Natura
411 1848 474 1884 uam
499 1829 612 1901 quisque
640 1839 685 1885 est
711 1830 743 1884 in
761 1831 883 1883 Nervis.
902 1846 1051 1900 quemnam
1087 1832 1194 1898 'uisque
1223 1829 1353 1883 Manut.“

169 1949 172 1954 .
207 1901 290 1970 Veri.
314 1901 364 1953 rr.
384 1848 467 1958 lqabr.
487 1901 520 1954 in
539 1901 595 1955 MS.
615 1917 667 1954 suo
686 1918 751 1955 nam
769 1917 827 1954 nou
845 1901 907 1975 legi
926 1903 1027 1966 refert,
1048 1849 1160 1970 iiiique
1176 1901 1292 1972 probari
1312 1902 1353 1953 ait

203 1972 400 2025 lilanutianem
417 1973 570 2026 rationem.
597 1971 771 2026 Bouhierius
790 1988 852 2026 esse
870 1969 986 2041 quidem
1003 1973 1045 2024 ait
1064 1972 1181 2025 namin
1200 1970 1267 2024 cst.
1280 1971 1351 2046 Reg.

205 2049 236 2097 et
260 2042 292 2096 in
319 2059 369 2096 sua
394 2043 437 2096 ed.
468 2050 529 2097 vet.
565 2041 628 2096 Sibi
652 2052 749 2096 autem
775 2059 820 2096 ms
843 2042 867 2094 is
890 2041 1055 2112 placere-
1076 2040 1216 2107 lenienda,
1249 2057 1351 2108 qnams

204 2114 282 2183 quta,
300 2114 325 2166 si
343 2112 428 2168 addas
446 2129 520 2178 nona
549 2113 585 2167 sal
603 2114 742 2170 lenienda„
756 2061 854 2166 intefii
877 2113 984 2166 endum
1007 2113 1046 2166 sit
1063 2113 1198 2177 forinseci
1221 2126 1287 2163 cum
1306 2120 1351 2162 ta-

203 2198 272 2238 men
289 2184 393 2237 Cicero
411 2182 441 2237 h.
460 2183 482 2236 1.
502 2192 636 2254 exponat,
656 2184 726 2254 quid
744 2184 810 2237 fieri
829 2131 937 2249 delient,
956 2196 1010 2237 nec
1028 2198 1107 2246 vero,
1133 2181 1203 2251 quit
1218 2181 1286 2234 lieri
1304 2197 1352 2232 so-

202 2253 279 2309 leii:
296 2257 408 2308 fatetur
425 2255 504 2307 enim
522 2271 758 2323 unumquemque
777 2253 859 2325 sequi
878 2254 909 2307 in
928 2271 960 2306 ea
977 2270 1011 2307 re
1030 2262 1109 2305 sunm
1118 2253 1268 2305 rationem.
1289 2253 1352 2304 Mr-

215 2360 218 2365 -
274 2325 324 2379 Sic
347 2323 379 2385 in
402 2324 583 2391 aegritudine
607 2324 747 2378 lenienda:
776 2342 844 2377 nam
862 2324 953 2392 mum]
990 2323 1086 2398 Vulgo
1113 2323 1240 2377 lenienda
1259 2340 1351 2391 quam.

203 2395 261 2451 Sed
278 2413 295 2447 a
312 2391 395 2446 uobis
414 2398 491 2448 stant
508 2393 577 2470 Reg.
598 2394 744 2449 Pithoean.
763 2394 872 2448 Elisus.
892 2403 960 2450 tert.
981 2402 1010 2448 et
1027 2394 1140 2467 veterei
1158 2392 1238 2447 editi.
1277 2391 1314 2445 D.

202 2532 228 2587 D
274 2464 450 2587 aggggsudine
468 2465 718 2593 lssgmfa’lwm]
755 2466 826 2589 „lig
852 2463 1086 2602 cum{}ebh.]st
1102 2463 1254 2588 Dapcggtg
1272 2461 1354 2584 (gagi

230 2552 355 2732 ἶρὲιῐ
380 2553 481 2660 igniis
499 2555 648 2673 ,restitui
661 2554 812 2674 isgggtugg
823 2551 1259 2675 eggoagginrggmmggggsmque.
1269 2561 1353 2658 stef-⁶

227 2694 245 2732 n
268 2693 319 2731 ern.
464 2690 467 2694 ’
584 2691 587 2703 '
835 2693 838 2705 ·
937 2708 941 2712 -

229 2748 231 2753 ’
270 2748 322 2803 su
338 2747 370 2800 in
382 2747 566 2816 aegritudine
584 2746 732 2801 lenienda:
752 2764 825 2800 nam
844 2763 924 2816 mans
942 2747 987 2816 -]
1015 2745 1138 2802 Servavi
1156 2762 1231 2810 nam,
1250 2763 1354 2816 quam·

201 2836 288 2890 quam
307 2817 404 2892 magis¹
416 2818 547 2886 placeret
564 2820 713 2874 omissum.
734 2817 791 2872 Sed
801 2825 924 2871 tuentur
942 2837 1004 2872 eam
1018 2835 1117 2872 vocem
1131 2816 1220 2870 este.
1236 2816 1311 2870 Gud.
1326 2820 1351 2872 l.

199 2889 269 2966 Reg.
288 2888 362 3010 Aug.
382 2887 470 2963 Rene.
493 2891 567 2942 Mon.
585 2895 607 2943 Ι.
628 2887 857 2954 (Mon.2.''habet
875 2889 952 2955 eam)
970 2889 1058 2942 Μηνὶ).
1077 2886 1162 2942 Vind.
1183 2890 1207 2942 l.
1228 2886 1354 2957 plurimi

201 2961 272 3014 θα.
291 2957 336 3011 tte
358 2999 365 3014 .
384 2968 451 3013 aute
468 2958 643 3014 Gabiniam
661 2976 770 3023 omnes,
794 2960 853 3011 nisi
872 2960 948 3030 quod
966 2962 1041 3012 blan.
1060 2959 1147 3013 head.
1162 2957 1228 3011 Ali.
1247 2956 1354 3010 habent

128 3073 132 3079 .
183 3045 358 3101 quamnam.
394 3027 477 3083 Solus
496 3031 569 3086 Gud.
589 3034 615 3087 2.
634 3029 720 3084 babet
746 3046 909 3098 numquam
927 3032 1039 3100 quisque
1064 3028 1253 3085 iurationem.
1291 3029 1353 3080 Neo

199 3117 270 3155 vero
297 3101 384 3171 plene
407 3102 603 3155 neceesarium
630 3108 682 3166 est,
708 3108 750 3160 ut,
775 3100 853 3170 quod
871 3100 961 3154 Bouh.
981 3099 1173 3164 existimabat,
1203 3097 1354 3173 intellige·

96 3222 100 3227 .
152 3197 154 3200 >
199 3189 275 3238 mus,
297 3173 339 3225 ita
366 3173 532 3235 scribentes,
556 3173 686 3236 facimus.
723 3170 790 3223 Nou
812 3171 909 3225 minus
936 3172 1009 3224 bene
1037 3170 1221 3245 intelligitur
1245 3169 1354 3233 facien·

199 3244 272 3297 dnm.
310 3243 365 3294 Pro
383 3245 506 3311 recipere
523 3241 631 3296 habent
649 3242 775 3307 occipere
792 3258 868 3296 unus
887 3241 938 3294 Ox.
959 3241 1036 3295 Gud.
1060 3241 1135 3304 Edi.
1153 3243 1226 3295 Veu.
1246 3239 1353 3304 Alteri,

198 3315 228 3368 P.
247 3313 333 3368 Solus
351 3310 450 3366 Duisb.
468 3316 559 3381 possit
578 3312 725 3378 accipere„
752 3312 812 3364 Mr.
1020 3332 1022 3337 ·

229 3432 236 3451 ,
269 3384 341 3454 quod
359 3390 421 3436 erat
438 3399 455 3436 a
474 3391 505 3436 te
522 3383 707 3450 propositum]
745 3382 848 3448 „MSS
874 3381 945 3435 Pall.
975 3397 1031 3438 see.
1060 3389 1156 3452 quart.
1176 3381 1262 3433 Fabr.
1282 3380 1355 3447 meod

197 3461 260 3507 eret
279 3459 361 3506 ente
377 3454 479 3522 ρνορέ6
497 3451 581 3506 Getis.
618 3453 732 3506 Habent
750 3459 824 3518 onte,
842 3469 897 3524 pro
916 3469 934 3504 a
953 3458 988 3516 te,
1007 3453 1063 3505 duo
1083 3452 1153 3505 Oxx.
1173 3451 1265 3506 aaut.
1283 3449 1352 3504 cod.

198 3518 406 3578 antemittit
424 3541 470 3578 eas
488 3524 616 3589 voculas,
635 3522 735 3579 Duisb.
755 3522 841 3577 habet
860 3538 922 3576 ann.
944 3530 974 3576 st
993 3525 1080 3592 supr'a
1097 3521 1151 3574 lin.
1172 3538 1190 3574 a
1209 3529 1244 3575 te.
1281 3523 1355 3574 Ver-

196 3595 266 3649 bum
290 3600 352 3648 erat
375 3595 454 3648 abest
475 3595 509 3648 ab
533 3611 591 3649 uno
619 3595 668 3647 01.
695 3593 762 3647 coe.
788 3595 873 3646 Vind.
906 3592 1025 3648 exhibet
1050 3592 1273 3660 praepositum.
1310 3591 1355 3645 At

196 3684 280 3720 usum
306 3665 390 3720 verbi
413 3664 502 3718 huius
533 3666 571 3721 cf.
592 3665 732 3719 Goerena.
758 3663 795 3719 ad
818 3661 1061 3718 cicendeli.
1083 3667 1125 3719 1³.
1145 3666 1189 3719 ta.
1226 3662 1272 3715 Aa
1289 3680 1355 3715 seu·

195 3739 321 3790 tentiam
340 3736 712 3806 tenendums'propositam
730 3735 822 3788 fuisse
839 3735 1049 3805 quaestionem,
1076 3740 1171 3787 utrum
1194 3732 1226 3786 in
1243 3733 1355 3800 supien-

196 3814 251 3875 tem
267 3809 352 3860 cadat
369 3805 531 3872 aegritudo,
549 3823 600 3859 nee
617 3807 670 3859 ne?
690 3838 722 3849 -
749 3805 784 3857 ln
812 3823 891 3876 seqq.
917 3824 991 3858 unus
1011 3805 1060 3857 Ox.
1084 3804 1172 3858 habet
1195 3822 1212 3857 u
1231 3806 1355 3874 sapiente

194 3893 251 3947 pro
269 3875 457 3942 desipiente.
478 3876 544 3928 Mox
563 3879 637 3931 Mon.
655 3879 682 3931 2.
702 3875 793 3929 neue.
813 3877 889 3945 Gud.
909 3878 934 3930 2.
958 3877 1064 3928 nultum
1083 3874 1185 3928 videri.
1211 3876 1286 3950 Aug.
1312 3875 1355 3928 vi·

196 3949 260 4002 deri
278 3949 389 4000 ulium
407 3961 471 3998 reon
494 3989 496 3994 .
515 3944 597 3998 Unus
617 3947 667 4000 Ox.
687 3948 761 4014 qnod
778 3953 893 3999 vacat.
914 3944 986 4002 Gud.
1007 3951 1033 4002 2.
1054 3946 1234 4015 turpitudini.
1273 3945 1343 3998 Mrz

214 4055 216 4061 ·
264 4024 295 4070 ut
323 4015 357 4068 ia
389 4016 565 4068 obruatur
591 4016 758 4084 snpientia]
796 4017 995 4082 „obserantur
1021 4017 1142 4087 quidem
1177 4016 1294 4092 legitur
1322 4017 1355 4068 in

197 4085 312 4156 Gryph.
337 4086 387 4139 lib.
406 4104 475 4140 vera
500 4101 571 4140 vocs
599 4089 753 4157 surrupta:
778 4088 887 4141 sedita
906 4095 1013 4148 tamen,
1031 4095 1065 4138 ut
1090 4102 1149 4139 non
1168 4086 1355 4139 incommode

196 4157 277 4212 effici
300 4158 392 4226 possit
414 4157 590 4210 obteratur.“
615 4159 697 4211 Brut.
736 4157 887 4224 „Quidam
904 4165 964 4211 vet.
983 4157 1047 4211 eod.
1074 4159 1241 4210 observetur.
1279 4157 1355 4209 For-

196 4235 271 4281 tasse
295 4227 323 4281 le
346 4228 452 4281 endum
476 4227 670 4282 obscuretur·“
696 4227 775 4282 Goiit.
812 4229 853 4281 Et
877 4227 934 4280 hoc
959 4236 1040 4282 certe
1065 4228 1172 4280 melius
1191 4227 1256 4279 illo.
1281 4226 1358 4280 cod:
1397 4288 1401 4294 ⁵

196 4297 272 4352 (tua
293 4301 318 4354 2.
358 4297 424 4351 abst
442 4301 496 4352 uti
513 4297 884 4367 observatursopientiu
903 4299 991 4354 lilarb.
1017 4303 1048 4349 nt
1070 4296 1109 4350 s'a
1134 4299 1356 4350 obserentur

195 4387 254 4438 unp.
292 4370 374 4424 Unus
393 4368 443 4423 01.
464 4376 494 4422 et
512 4370 555 4423 sd.
574 4370 604 4424 P.
625 4371 722 4440 sinque
740 4376 899 4438 apparet.
937 4367 982 4420 Aa
1005 4386 1032 4420 v.
1059 4367 1133 4420 nibil
1158 4367 1290 4435 opinione
1308 4367 1355 4430 as·

196 4443 284 4511 tingat
305 4439 476 4495 liemalduss
510 4438 632 4510 Sapiens
647 4440 797 4511 ,opinione
818 4456 879 4493 non
903 4439 1030 4503 ducitur,
1057 4445 1091 4490 ut
1114 4436 1225 4514 lugeat,
1258 4445 1293 4491 ut
1320 4437 1354 4491 iu
