2842 5070
134 284 199 388 'Md
322 279 822 370 CICERONIS-TUSCULAN.
845 283 1077 352 DISPUTAT.

136 447 216 511 dum
246 455 353 531 putet.
405 446 457 510 Do
475 447 657 522 *comoedia
684 448 821 532 loquore
853 466 954 531 quae,
986 451 1016 513 si
1042 451 1127 514 haec
1158 451 1297 539 flagitia

78 568 82 579 ·
134 550 203 594 non
226 530 456 613 prdbaremus,
478 531 570 592 nulla
591 537 678 592 esset
698 534 844 595 omnino.
874 531 962 597 Quid
982 534 1031 594 ait
1051 534 1298 620 extragoedia

135 614 291 697 princeps
314 613 373 674 ille
394 611 685 698 Argonautarum?
759 650 762 655 ·
937 652 940 657 -
1115 649 1118 653 -
1167 651 1172 661 ·
1286 626 1296 637 ⁴

262 691 309 758 To
331 714 376 757 me
396 698 524 773 amoris,
545 693 641 777 mdgi’
663 693 917 778 quandonam,
940 694 1113 760 admovisti
1133 695 1265 779 grdtia.
1334 763 1337 768 ,

198 772 200 781 t

132 869 234 964 Pergit
251 879 335 932 Vind
356 883 380 934 l.
402 879 437 932 de
454 878 597 933 comoedia
614 879 798 949 loquimar.
818 880 967 934 Miinnich.
997 880 1028 932 in
1050 881 1129 934 libro
1153 881 1192 934 de
1212 883 1298 937 Cice'-

132 956 213 1004 ionis
240 949 274 1003 de
296 951 365 1019 Rep.
385 949 470 1002 libris
488 967 517 1024 p.
537 953 581 1005 ao.
608 951 724 1003 volebat
750 950 947 1006 de'comoedia
965 951 1089 1020 loquor?
1118 953 1230 1006 merito
1249 971 1296 1007 re·

101 1020 108 1031 ‘
132 1021 291 1092 prehensas
309 1020 342 1072 ab
361 1021 419 1085 0r.‚
439 1022 490 1090 qui
506 1020 604 1073 laudat
622 1022 656 1075 de
674 1022 759 1077 Finn.
779 1024 812 1074 V.
831 1025 875 1077 33.
901 1021 1002 1074 Tusce.
1023 1023 1045 1073 l.
1066 1021 1088 1086 5.
1108 1024 1153 1077 34.
1174 1022 1202 1078 Ι.
1223 1022 1247 1087 ᾗ.
1267 1027 1294 1080 2.

132 1099 290 1160 monetque
313 1107 371 1142 non
397 1090 438 1143 ita
462 1092 645 1165 interrogare
667 1092 761 1145 solere
786 1092 963 1145 Ciceronem.
1007 1091 1043 1145 ln
1060 1092 1129 1146 Cod.
1155 1093 1246 1150 Vind.
1267 1099 1293 1150 l.

133 1161 259 1236 iegitur:
280 1161 315 1214 de
333 1160 484 1214 Comoedia
500 1162 661 1228 loquimur.
698 1162 758 1214 Mr.
925 1174 927 1178 ⁴
1124 1186 1127 1191 ·

73 1251 76 1258 ·
134 1248 141 1255 ’
204 1248 280 1302 quae,
302 1230 330 1284 ei
357 1229 424 1283 daec
449 1231 562 1296 flagitia
587 1248 642 1286 nou
662 1232 873 1300 probaremua]
910 1233 1109 1300 „Constanter
1132 1233 1193 1288 duo
1222 1235 1296 1288 Pall.

24 1367 26 1370 Ι
133 1311 228 1374 quart.
250 1302 342 1370 quint.
361 1301 428 1355 Fab.
448 1303 476 1355 ai
494 1300 560 1356 llaec
577 1304 690 1370 flagitia
707 1318 768 1356 aaa
783 1305 998 1372 prodaremua.“
1017 1302 1099 1360 Getis.
1126 1303 1202 1358 Tres
1222 1304 1296 1358 Cxx.

133 1385 202 1444 quae
225 1370 345 1426 ai-daeo
368 1389 424 1425 noa
450 1373 609 1441 flagitia
633 1374 824 1440 probaremus.
862 1377 937 1431 Mon.
958 1379 984 1430 1.
1003 1372 1140 1440 flagitio.
1163 1375 1296 1429 ¹Habent

130 1447 186 1497 tuoe
203 1459 257 1514 pro
281 1459 336 1496 aaa
360 1445 445 1496 etiam
470 1444 544 1497 Gud.
564 1448 590 1498 1.
610 1447 637 1498 2.
662 1443 749 1497 Marb.
771 1453 814 1511 et,
842 1446 973 1516 quamvis
996 1445 1115 1498 collatio
1133 1454 1236 1498 nostra
1253 1454 1298 1498 ta·

132 1519 205 1581 ceat,
225 1513 385 1568 certissime
404 1515 491 1567 etiam
509 1514 578 1588 Reg.
616 1515 673 1566 Mr.
1289 1538 1293 1547 ¹

50 1627 54 1632 .
133 1600 140 1617 .
204 1584 239 1638 Si
255 1582 323 1636 doec
340 1584 451 1652 flagitia
477 1600 532 1636 aaa
554 1584 752 1652 probaremus]
789 1585 838 1640 Sic
855 1586 928 1639 Med.
947 1584 1065 1647 Balliol.
1086 1585 1159 1637 Bsk:
1178 1587 1293 1656 aliique

133 1655 261 1710 Codices.
299 1655 337 1707 At
354 1673 421 1709 cum
439 1657 508 1728 Reg.
529 1653 676 1711 Pithoean.
702 1657 772 1708 Pall.
800 1665 894 1724 quart.
914 1658 1007 1724 quint.
1037 1663 1068 1708 et
1085 1655 1203 1708 Fabric.
1225 1657 1295 1709 dent

132 1729 161 1779 ai
177 1725 244 1778 daec
261 1725 373 1796 flagitia
392 1742 443 1779 nos
460 1725 649 1792 probaremus,
677 1725 720 1779 Cl.
740 1727 888 1780 Bentleius
905 1727 980 1802 legit
1002 1725 1062 1780 uisi
1085 1725 1156 1779 doec
1173 1727 1293 1795 flagitia

132 1807 185 1848 noa
198 1797 390 1863 probaremus.
427 1796 483 1849 D.
533 1823 535 1826 >
633 1820 634 1824 ¹
1145 1819 1150 1826 ·

200 1865 232 1921 ai
250 1862 319 1918 daeo
338 1898 370 1908 -
389 1882 443 1925 nou
459 1867 652 1935 probaremus]
689 1867 808 1936 Recepit
825 1866 950 1922 Bentleii
969 1865 1203 1918 emendationem
1222 1866 1292 1920 Dav.

82 1986 86 1993 .
132 1934 165 1987 in
182 1937 236 1989 Ed.
256 1940 282 1993 2.
309 1937 379 2004 Nos,
398 1955 570 2007 quamquam
588 1938 701 2010 aliquot
719 1954 755 1990 ex
773 1938 889 2006 optimis
907 1936 991 2002 libris
1016 1939 1293 2004 non‘consentiunt,
1335 1983 1337 1986 ,

132 2006 166 2058 in
183 2007 379 2076 plurimorum
398 2008 536 2060 Codicum
550 2006 675 2060 lectione
695 2008 765 2059 bona
783 2009 972 2076 acquiescere,
993 2023 1079 2074 quam
1101 2008 1293 2076 scriptionem

132 2078 217 2130 nullo
243 2079 329 2148 plane
353 2078 428 2130 libro
449 2079 593 2130 firmatam
615 2077 753 2146 amplecti
778 2077 940 2132 maluimus.
985 2076 1030 2130 Ad
1054 2095 1082 2128 v.
1112 2077 1192 2141 nulla
1220 2085 1292 2130 esset

133 2148 244 2200 omniuo
262 2148 413 2221 intellige:
433 2166 499 2200 nam
516 2147 562 2199 his
580 2149 698 2221 flagitiis
717 2148 828 2216 repleta
853 2157 895 2201 est
912 2150 1106 2201 Romanorum
1131 2149 1291 2215 comoedia,

133 2235 239 2277 anova
257 2219 438 2288 potissimum
458 2218 796 2280 Graecorum'comoedia
814 2218 906 2271 ducta.
943 2217 1004 2269 Mr.
1065 2245 1068 2251 ⁴
1140 2246 1144 2252 -

205 2289 281 2343 Quid
304 2287 347 2340 ait
370 2305 404 2340 esc
428 2287 580 2355 tragoedia
601 2286 732 2358 princeps
759 2287 810 2339 itte
833 2285 1085 2356 Argonautarum]
1128 2289 1292 2354 „Jasonem

131 2359 288 2429 intelligit,
315 2358 366 2426 qui
391 2359 423 2409 in
448 2358 595 2431 tragoedia
618 2359 715 2411 Medea
738 2357 826 2410 verba
848 2358 920 2411 haec
950 2358 1127 2422 ‹licebatfao
1151 2359 1290 2427 Medeam,

133 2425 221 2497 quam
247 2427 405 2496 expulerat.
450 2428 603 2504 Significat
630 2436 726 2481 autem
750 2430 943 2502 tragoediam,
970 2429 1083 2498 opinor,
1103 2429 1217 2495 Ennii,
1243 2429 1291 2482 cui

131 2498 237 2550 titulus
256 2506 299 2551 est
317 2499 423 2560 Medea,
450 2499 484 2551 de
504 2517 558 2568 qua
585 2498 616 2549 in
633 2500 728 2569 primo
753 2499 788 2551 de
813 2499 931 2551 Finibus
957 2497 994 2563 [c.
1013 2499 1051 2564 2.]
1079 2498 1122 2550 sic
1147 2497 1292 2568 scriptum

132 2567 163 2622 le
185 2568 274 2621 linus:
296 2569 358 2636 quia
376 2568 449 2621 enim
468 2574 524 2620 tam
540 2567 673 2622 iuimicus
689 2585 775 2635 paene
794 2569 916 2623 Romano
935 2568 1044 2622 nomint
1061 2574 1111 2632 eat,
1132 2569 1183 2638 qui
1201 2569 1290 2623 Ennii

132 2587 264 2699 Μξᾱεαηι
291 2670 322 2681 -
350 2646 463 2706 spernat
482 2645 534 2690 ‘aut
553 2639 696 2692 ¹reiiciatt
731 2639 886 2708 Euripides
914 2639 990 2707 apud
1010 2640 1138 2691 ‘Graecos
1173 2641 1291 2708 scripsit

130 2711 271 2774 Medeam,
290 2709 364 2779 apud
381 2719 493 2772 nostros
513 2717 603 2761 exstat
621 2709 718 2761 Medea
741 2708 874 2762 Senecae.
913 2708 1110 2761 Grammatici'
1127 2709 1289 2762 identidem

131 2781 226 2832 citant
249 2780 378 2832 Ennium
404 2788 433 2832 et
457 2778 709 2848 Acciumpoe'tas·
725 2780 756 2831 in
775 2779 903 2848 Medea‘f
925 2779 1060 2832 Beroald.
1097 2779 1176 2843 „Sic
1204 2779 1291 2834 rastiz

132 2849 272 2900 tuendum
292 2856 388 2901 estex
405 2850 514 2900 Victor.
535 2850 590 2904 Pal.
612 2860 705 2918 quart.
733 2850 892 2902 inclinante
916 2849 975 2901 huc
993 2850 1049 2902 Pal.
1076 2856 1146 2901 tert.
1167 2851 1221 2920 qni
1240 2854 1290 2902 aut

130 2919 220 2992 legit:
241 2918 338 2986 quint.
353 2936 437 2972 vero:
457 2918 526 2988 quid
543 2914 578 2972 'ea
596 2919 748 2987 tragoedia
764 2920 894 2988 priscam
918 2921 968 2972 ille
985 2919 1290 2986 Argonautarumlo-
1333 2958 1335 2962 ,

130 2989 203 3041 eon?
225 2989 317 3052 Quod
334 2989 486 3057 probarem
505 2989 619 3042 absente
637 2992 754 3043 nornine
771 2991 861 3042 ducis.
898 2991 1007 3063 Vulgo:
1039 2988 1107 3057 quid
1125 2997 1238 3043 autem
1255 3005 1291 3043 ea

130 3059 318 3126 tragoedia.“
337 3058 418 3117 Getta.
438 3061 529 3124 „Non
547 3076 588 3112 ee
606 3061 765 3128 tragoedia,
784 3061 831 3113 sed
851 3061 925 3127 apud
942 3062 1093 3127 tragicum,
1113 3061 1191 3113 sicut
1207 3068 1290 3130 putot

130 3130 248 3183 ‘Pullius
266 3130 391 3182 dixisset.
428 3131 506 3206 Lego
523 3131 591 3198 quid
608 3132 648 3183 ait
659 3135 701 3185 ‘iu
719 3131 865 3196 tragoedia
880 3130 1016 3197 princepe
1040 3130 1091 3183 itte
1110 3130 1190 3186 etc.“
1209 3131 1290 3187 Dan

132 3200 166 3252 in
192 3201 245 3254 Ed.
264 3203 289 3261 2.
325 3201 442 3266 „Verba
466 3217 499 3254 ea
525 3201 677 3269 tragoedia
703 3195 823 3254 molesta
853 3209 927 3256 suut.
967 3201 1030 3274 Ego
1057 3199 1182 3272 glossam
1208 3208 1290 3270 puto.

128 3271 194 3324 >Nec
213 3288 283 3342 opus
308 3288 340 3324 oa
363 3280 423 3325 erat
447 3271 559 3337 addere,
584 3289 650 3337 cum
664 3271 804 3341 princeps
827 3271 877 3324 itte
894 3270 1124 3337 Argonautarum
1144 3271 1221 3337 ‘satis
1247 3272 1293 3322 in·

58 3375 59 3378 =
131 3349 238 3395 nueret
256 3341 290 3395 de
308 3343 454 3416 tragoedia
472 3359 531 3394 esse
550 3339 739 3394 sermonem.‘-‘
764 3341 877 3395 Nissen.
915 3342 981 3394 Non
1000 3340 1121 3394 offendit
1133 3355 1172 3393 ea
1200 3342 1291 3398 lectio

130 3412 287 3476 Wolfium‚
307 3413 409 3480 quiea
428 3411 576 3479 tragoedia
595 3412 748 3482 explicate
764 3413 907 3478 tragicum
933 3428 1027 3480 neque
1050 3412 1149 3464 debuit
1167 3413 1242 3464 Ern.
1262 3426 1293 3467 ae

131 3483 278 3552 applicare
306 3482 488 3535 coniecturae
506 3483 683 3548 Davisianae,
702 3482 735 3534 ab
759 3483 821 3552 ipso
839 3482 965 3534 Davisio
980 3484 1012 3533 in
1029 3482 1081 3535 Ed.
1102 3485 1128 3536 3.
1153 3483 1291 3536 reiectae.

128 3553 220 3607 {lecte
238 3551 389 3605 Heinrich.
410 3553 445 3604 ad
463 3553 522 3606 Cic.
543 3553 577 3608 de
589 3554 665 3622 nep.
687 3556 751 3608 lto:
788 3552 899 3617 Cicero,
921 3553 972 3614 ait,
986 3559 1031 3604 ut
1049 3552 1163 3615 Graeci,
1193 3554 1294 3621 loqui·-

128 3631 199 3690 tur3
231 3624 397 3693 eodemque,
420 3640 479 3676 non
503 3623 650 3686 aliorsum,
673 3623 809 3692 „pertinet
837 3640 871 3675 ex
888 3623 1003 3676 Poetica
1020 3622 1187 3675 Aristotelis
1210 3623 1296 3678 'illud

125 3691 161 3746 ’ἐκ
180 3698 235 3747 τῶν
250 3695 391 3761 Murano.
428 3696 482 3746 Pro
501 3693 545 3746 ait
564 3702 608 3746 est
625 3699 717 3745 autem
735 3694 767 3744 in
786 3692 871 3746 Codd.
891 3695 968 3756 Mon,
988 3697 1012 3747 1.
1033 3695 1060 3748 2.-
1078 3693 1189 3745 Duisb.³
1206 3694 1296 3761 quina

125 3765 188 3831 que
208 3764 277 3818 Oxx.
297 3764 368 3815 Edd.
389 3772 455 3815 ante
474 3763 565 3815 Gebh.
586 3763 716 3833 exceptis
732 3762 852 3816 V..llob.
873 3763 971 3832 steph.
983 3763 1083 3816 Hervr.
1103 3778 1197 3847 marg.
1212 3764 1293 3818 crat.

126 3832 218 3884 ³Leod'.
257 3831 340 3903 Solus
359 3833 433 3884 Cod'·
446 3833 520 3888 Gud.
540 3835 566 3887 2.
587 3848 655 3884 cum
673 3832 730 3884 Pal.
751 3837 819 3886 tert.
839 3833 927 3886 habet
942 3839 1000 3886 aut.
1035 3832 1296 3887 Cod.Du1sb.ha-

129 3901 181 3954 bet
199 3904 249 3955 aee
265 3903 405 3969 princeps,
433 3920 507 3954 unus
526 3903 578 3955 Ox.
603 3903 715 3954 omittit
738 3902 805 3956 itte.
836 3905 901 3956 Post
923 3905 1169 3970 Argonautarum
1182 3902 1296 3957 addunt

131 3969 221 4026 Jaeou
239 3971 295 4024 duo
314 3972 399 4025 Codd.
420 3972 489 4024 Oxx.
509 3972 566 4026 Ms.
587 3973 619 4024 in
636 3990 727 4048 marg.
745 3973 810 4026 Asc.
830 3977 855 4028 2.
875 3974 995 4028 Euaza.
1015 3975 1049 4027 Ε.
1069 3974 1147 4026 Me.
1224 4003 1228 4011 ·
1316 4027 1319 4034 ,

206 4041 252 4093 Tu·
265 4058 309 4096 me
327 4041 435 4095 amaria
454 4041 505 4108 -}
540 4044 634 4109 „Non
651 4041 811 4111 hocdason
829 4045 946 4097 omnino
964 4044 1204 4114 apudsGraecum
1222 4061 1296 4115 poe·

130 4116 191 4167 iam
209 4112 290 4178 dicit,
310 4114 439 4183 quamvis
458 4114 604 4188 intelligat
622 4121 652 4166 se
669 4117 742 4168 vera
755 4131 835 4197 posse
854 4116 960 4180 dicere,
980 4114 1048 4184 quia
1065 4130 1132 4183 pers
1154 4114 1212 4166 icit
1229 4131 1297 4181 ora-

130 4185 241 4245 tionem
261 4201 320 4236 esse
339 4183 508 4256 invidiosam
526 4193 556 4238 et
574 4201 648 4254 quae
665 4185 811 4257 proficisci
829 4184 990 4255 existimari
1007 4191 1102 4262 posset
1119 4131 1152 4236 ad
1172 4183 1295 4260 ingrato

125 4256 226 4308 animo
245 4254 278 4307 ab
297 4253 405 4322 iisqui
432 4271 490 4307 non
513 4255 639 4307 multum
657 4255 798 4309 viderent.
835 4254 927 4320 Quare
946 4270 1004 4307 non
1028 4253 1174 4307 confidere
1193 4273 1224 4308 se
1243 4257 1295 4309 illi

123 4325 213 4393 ¹·dicit,
238 4343 291 4378 nec
308 4324 510 4378 defensionem
539 4325 570 4377 in
596 4324 652 4376 hoc
680 4323 850 4399 argumento
869 4321 1037 4387 collocare.
1058 4323 1295 4380 Ennius'tamen

127 4396 261 4472 ridetur,
283 4397 423 4466 quantum
450 4412 485 4449 ex
508 4395 566 4464 hoc
580 4393 735 4451 -versiculo
757 4394 898 4469 suspicati
925 4394 1006 4463 lieet,
1038 4393 1131 4469 magis
1162 4393 1214 4448 iltt
1237 4397 1297 4450 ut.
