2842 5070
493 299 626 368 LIBER
644 297 706 379 111,
724 297 781 372 28.
1017 324 1023 359 2
1156 301 1220 376 tos

72 465 211 546 rebatur
230 466 384 553 igiturse
398 473 483 537 tum,
501 485 608 547 quum
627 465 687 528 illa
707 461 825 528 videre
845 463 1020 546 coepisset,
1041 465 1219 551 exstingui.

75 549 187 614 Quid?
217 570 256 613 ex
277 552 400 612 ceteris
421 548 625 630 philosophis
646 567 758 611 nonne
779 548 926 630 optimus
947 557 982 609 et
1002 549 1219 631 gravissimus
1310 622 1311 627 .

74 636 213 713 quisque
225 631 417 708 confitetur,
430 632 533 692 mults
544 649 579 693 se
590 631 760 713 ignorare,
772 636 806 691 et
819 629 924 691 multa
938 629 1004 690 sibi
1015 631 1114 692 etiam
1125 638 1221 711 atque

73 718 174 776 etiam
189 733 259 775 esse
272 710 444 779 discendat
466 731 572 794 neque
583 721 703 781 tamen,
725 731 826 792 quum
842 730 876 772 se
889 712 923 772 in
933 709 1051 795 ¹media
1063 713 1218 790 stultitia,
1238 717 1281 770 ⁷0.

73 815 137 878 qua
158 796 245 856 nihil
267 804 318 856 est
338 796 443 876 peius,
465 793 605 855 haerere
621 792 1052 878 intelligant-aegritudine
1064 814 1220 876 premun-

73 989 150 1034 stum
168 980 371 1035 moribundum
388 979 538 1050 discipulis
556 980 616 1033 suis
637 977 741 1032 dixisse
767 973 993 1044 tradit,'‘Husie‚
1019 975 1101 1033 ὁπότ’
1129 978 1221 1047 ἀρχό-

73 1057 148 1124 μεθα
166 1059 225 1125 ζῇν,
244 1047 305 1105 τότ’
323 1045 549 1120 ἀποθνήσκομὲν.
586 1049 781 1119 Hieronymus
799 1050 834 1102 ad
851 1050 1044 1119 Nepotianum
1068 1051 1160 1119 Epist.
1180 1051 1219 1103 11.
1250 1072 1253 1077 ¹

73 1141 138 1196 pag.
158 1127 184 1178 9.
205 1123 247 1175 ed.
267 1123 375 1174 Victor.
413 1121 531 1189 Sapiens
548 1120 613 1173 itte*
627 1122 673 1173 vir
691 1119 827 1173 Graeciae
845 1117 1069 1189 Theophrastus,
1094 1136 1156 1173 eam
1174 1136 1223 1172 ex-

71 1193 156 1260 pletis
173 1200 277 1246 eentum
296 1200 322 1245 et
341 1198 443 1259 septem
462 1192 545 1244 anuis
561 1208 592 1244 ee
609 1192 684 1245 mori
701 1197 833 1255 cerneret,
860 1183 969 1249 dixisse
995 1196 1094 1257 fertur,
1121 1206 1151 1242 se
1168 1193 1222 1244 do-
1305 1224 1308 1228 ι

72 1263 140 1328 lere,
160 1265 232 1331 quad
250 1269 314 1316 tuuc
331 1263 513 1330 egrederetur
531 1277 545 1312 e
562 1262 631 1327 uita,
657 1264 765 1329 quaudo
783 1274 880 1328 sapere
897 1261 1039 1329 caepisset.
1076 1262 1110 1313 ln
1128 1262 1221 1323 Msstis

74 1334 190 1402 quidem
208 1334 328 1408 legitur,
348 1350 407 1386 non
427 1331 642 1401 Theophrastus,
661 1333 710 1385 sed
730 1331 927 1385 Themistocles
933 1349 943 1395 3
960 1331 1017 1385 hoc
1033 1347 1103 1384 vero
1121 1331 1221 1386 Libra-

72 1402 126 1455 riis
145 1413 187 1457 est
205 1403 413 1475 imputandum,
441 1405 518 1473 quod
539 1403 611 1456 olim
633 1404 746 1456 monuit
769 1404 804 1455 ls.
824 1402 1001 1455 casaubonus
1026 1402 1068 1455 ad.
1085 1401 1218 1454 Charact.
1269 1426 1282 1449 x

72 1473 172 1527 Ethic.
191 1476 320 1528 Prooem.
341 1474 473 1544 quodque
491 1476 574 1527 Joan.
594 1475 781 1526 Martianaeus
800 1471 949 1525 rescivisse
967 1473 1073 1526 debuit.
1111 1472 1220 1525 Addam

72 1543 218 1609 duntaxat,
230 1562 283 1601 ‚me
301 1545 384 1597 'nullo
402 1542 486 1598 modo
505 1545 644 1609 dubitare,
672 1544 743 1614 quin
761 1543 888 1612 querela,
908 1559 993 1610 quam
1011 1551 1150 1595 memorat
1168 1542 1221 1596 Se-
1239 1576 1247 1596 .

71 1630 143 1666 neca
169 1615 203 1667 de
227 1615 311 1668 Brev.
337 1616 415 1668 vitae
438 1632 498 1685 cap.
523 1618 546 1669 l.
573 1615 719 1667 immerito
746 1614 785 1665 sit
810 1611 961 1664 Aristoteli
984 1613 1103 1677 tributa,
1130 1630 1220 1682 quum

72 1701 173 1736 revera
199 1694 281 1754 pater
308 1686 368 1738 eius
391 1686 484 1748 luerit
506 1685 730 1755 Theophrastus.
767 1684 827 1734 Hac
854 1690 948 1734 autem
965 1684 999 1737 de
1025 1691 1158 1735 renatus
1176 1691 1221 1736 est

70 1755 256 1823 Hippocratis
273 1754 470 1825 Aphorismns,
491 1771 577 1824 quem
594 1758 686 1808 refert
704 1754 791 1807 etiam
798 1754 941 1805 Lucienus
951 1755 1079 1807 Hermot.
1098 1754 1180 1806 Torn.
1194 1755 1219 1807 1.

70 1841 136 1898 pag.
161 1827 223 1889 505,
242 1827 302 1881 551.
322 1826 416 1894 'eique
443 1824 538 1878 simile
570 1833 612 1876 est
645 1825 720 1877 illud
742 1825 773 1876 R.
798 1824 959 1892 Tarphonis
986 1822 1226 1900 Apophthegmu‘

73 1895 151 1964 quod
169 1896 297 1947 occurrit
316 1896 347 1946 in
365 1896 451 1948 Pirke
469 1895 573 1948 Ahoth.
592 1893 657 1966 cap'.
673 1897 710 1948 11.
729 1893 751 1960 d.
772 1896 814 1948 15.
850 1894 887 1946 D.
1105 1923 1108 1928 ·

145 1984 319 2038 Querebatur
336 1983 429 2050 igitar
447 1999 477 2035 se
495 1989 562 2049 tum,
583 1999 665 2053 quum
683 1982 734 2049 -]
748 2023 750 2027 .
764 1981 834 2049 Cod'
853 1981 928 2034 Gud.
947 1983 978 2047 2.
994 1982 1137 2052 penebat
1160 1980 1222 2050 igi-

72 2057 128 2105 tur.
166 2054 247 2106 Idem
265 2071 331 2106 cum
350 2053 435 2106 llarb.
463 2060 518 2106 tum
536 2070 575 2107 se.
600 2057 674 2107 Mon.
697 2059 727 2109 1.
747 2051 834 2116 habet
860 2052 1070 2120 quaerebatur.
1097 2054 1172 2105 Mon.
1192 2055 1219 2108 1.
1265 2056 1269 2068 “

72 2116 102 2175 et
119 2142 193 2175 unus
212 2126 262 2177 Ox.
283 2141 386 2177 secura
404 2140 480 2177 cam:
493 2125 649 2195 posterior
666 2141 719 2195 pro
738 2122 790 2176 illa
807 2122 893 2176 hahet
910 2123 991 2184 illam
1009 2123 1125 2198 egregia
1143 2122 1222 2188 scili-

71 2195 118 2246 cet
136 2196 325 2257 correctione.
353 2195 434 2260 Unus
444 2195 495 2248 Ox.
514 2195 626 2247 omittit
644 2210 674 2247 se
688 2201 756 2261 veum,
775 2192 872 2250 Duisb.
893 2194 1003 2245 omittit
1019 2200 1085 2257 tum,
1097 2193 1178 2249 Gud.
1191 2194 1219 2248 2

69 2264 191 2316 verbum
209 2266 323 2331 uidere5
342 2283 415 2316 unus
434 2265 484 2318 Ox.
506 2265 537 2317 in
555 2283 606 2335 seq
628 2303 635 2316 .
654 2282 755 2319 vocem
775 2263 857 2320 Quid.
891 2262 934 2315 Ab
952 2263 1004 2316 Ed.
1026 2264 1059 2316 E.
1080 2263 1157 2316 abest
1174 2277 1218 2328 es.

71 2334 146 2418 G.¹¹d.·
165 2337 191 2389 1.
217 2334 303 2458 haila
325 2352 379 2388 aaa
402 2351 456 2406 pro
484 2352 581 2389 nouae.
606 2281 676 2389 dod.
701 2335 798 2410 Du'isb.
825 2333 945 2402 optimus
967 2336 1083 2404 quisque
1105 2340 1133 2386 et
1148 2348 1221 2402 gra·
1329 2347 1333 2357 ·

70 2419 209 2458 versemus.
281 2423 306 2456 r.
719 2422 765 2448 -.·
810 2418 849 2458 ·,
911 2416 913 2421 ’
1030 2450 1168 2471 .·...
1215 2465 1219 2471 ¹
1274 2440 1284 2461 .

142 2473 317 2540 optimus-
336 2474 627 2543 quisqueeoafitelur]
664 2473 839 2527 Dedit'Dav.
860 2475 892 2526 in
908 2475 1007 2532 EM.
1039 2476 1220 2544 confiteatur,

71 2544 149 2597 nihil
166 2548 285 2603 monens
303 2563 388 2616 quam
406 2547 495 2620 vulgo
515 2547 560 2599 edi
584 2545 742 2612 confltetur.
779 2545 928 2597 Nimirum
955 2544 1023 2613 quia
1046 2546 1077 2597 in
1100 2565 1221 2616 sequen-

71 2615 146 2667 tibus
166 2624 207 2668 est
225 2633 336 2669 cum-
355 2615 539 2685 intelligant
558 2647 590 2659 -
607 2620 799 2685 premuntur.
844 2615 899 2669 Sed
924 2615 1052 2684 primum
1071 2632 1128 2669 non
1147 2619 1222 2672 solet

12 2733 16 2739 .
71 2686 182 2752 Oiaero,
209 2690 321 2756 quisque
344 2703 410 2739 cum
429 2688 604 2757 superlativo
623 2686 764 2762 singulari
781 2687 885 2757 posito,
902 2685 1023 2738 verbum
1040 2680 1235 2756 pluralinu-¹¹

70 2752 151 2810 mero
170 2757 284 2811 addere:
305 2755 406 2810 deinde
425 2757 563 2812 eiusmodi
581 2758 696 2810 numeri
710 2757 849 2831 enallage,
869 2772 940 2826 quae
959 2755 992 2807 in
1009 2772 1087 2827 seqq.
1108 2758 1221 2830 obtinet

71 2827 246 2898 (intelligant
264 2861 297 2872 -
313 2827 487 2896 manantur)
499 2827 527 2880 'a
553 2828 700 2888 Ciceronis
724 2826 885 2898 optimique
909 2825 1046 2896 cuiusque
1070 2828 1220 2898 scriptoris

70 2916 124 2950 usu
142 2915 200 2950 non
218 2907 260 2951 est
278 2897 380 2950 aliena.
416 2899 525 2957 Laudat
543 2898 578 2950 ad
594 2898 651 2951 hoc
668 2898 844 2968 probandum
862 2896 1171 2969 Wopkensiusp.117
1189 2908 1220 2953 et

71 2968 142 3021 alios
164 2969 244 3022 locos
268 2976 297 3020 et
321 2968 380 3021 Cic.
409 2967 443 3020 de
467 2967 551 3019 Einn.
570 2969 609 3021 11.
630 2973 655 3023 l.
680 2969 780 3021 TusecT.
805 2968 853 3036 IV.
878 2982 901 3019 ο.
922 2969 948 3022 6.
975 2975 1005 3020 et
1022 2968 1065 3022 31.
1102 2969 1221 3023 Excitat

70 3038 177 3090 ibidem
195 3037 321 3089 Handius
338 3045 434 3088 annot.
456 3039 515 3092 132.
536 3037 697 3091 Strothium
715 3039 750 3090 ad
767 3039 830 3092 Liv.
845 3038 926 3101 224.
944 3036 1091 3090 Bremium
1109 3040 1143 3090 ad
1156 3040 1220 3093 cie.

71 3108 106 3169 de
125 3107 209 3159 Finn.
230 3123 265 3178 P·
288 3109 347 3163 136.
372 3106 513 3159 Goerenz.
542 3107 578 3160 ad
598 3108 701 3159 Aeadd.
728 3109 766 3160 11.
793 3125 822 3177 p.
842 3109 885 3162 95.
923 3105 1008 3160 Plura
1034 3107 1136 3161 addere
1160 3125 1220 3162 non

73 3185 116 3232 est
134 3194 318 3239 necesse.·‚-¹
346 3177 413 3229 Mox
431 3183 458 3228 et
476 3185 542 3229 ante
565 3179 651 3230 multa
678 3178 755 3231 abest
776 3195 791 3228 a
809 3176 876 3228 Ood.
903 3176 978 3227 Mon.
999 3181 1024 3231 1.
1044 3185 1074 3228 et
1091 3181 1218 3237 uno'Ox.

72 3248 172 3322 Pergit
189 3247 274 3303 Vina.
296 3243 320 3303 1]
340 3247 524 3316 etiamalque
538 3246 627 3316 ‚etlam
646 3245 710 3315 sibi.
746 3245 829 3298 Alius
848 3244 897 3297 Ox.
918 3253 947 3297 et
964 3245 1061 3313 Duisb.
1081 3243 1222 3301 omittunt
1327 3287 1331 3291 -

13 3378 17 3391 .
71 3326 152 3388 atque
171 3320 264 3371 etiam.
284 3318 359 3372 Gud.
375 3323 400 3374 l.
419 3317 506 3370 habet
523 3316 625 3369 multi
638 3317 706 3371 'silei
725 3315 799 3385 Gud.
810 3318 835 3370 1.
856 3314 972 3367 omittit·
984 3314 1108 3367 alterum
1126 3317 1219 3373 etiam.

71 3391 150 3446 Idem
168 3389 241 3442 Gud.
263 3398 292 3442 et
310 3391 384 3441 Mon.
404 3392 430 3445 1.
446 3386 557 3441 habent
576 3387 695 3441 dicenda
712 3404 765 3457 pro
778 3386 928 3451 discenda.
964 3385 1045 3437 Unus
1064 3387 1113 3438 Ox.
1134 3404 1221 3459 neque

70 3467 146 3513 tam.
183 3459 261 3526 Quod
287 3460 419 3529 sequitur
442 3475 524 3528 quum
549 3467 591 3511 est
618 3459 681 3511 fere
705 3459 724 3510 i.
751 3476 778 3527 q.
804 3455 939 3525 quamvis.
972 3455 1039 3528 cod.
1063 3458 1137 3534 Aug.
1165 3477 1220 3530 pro

70 3530 194 3586 stultitia
210 3530 296 3584 habet
313 3530 476 3584 stultitiam.
492 3528 599 3602 §Dirish
620 3529 703 3597 peius
720 3534 769 3581 est.
807 3527 866 3581 Mr.

141 3618 171 3671 in
196 3617 290 3672 media
313 3619 442 3673 stultitia
455 3649 488 3662 -
507 3615 632 3682 babere
656 3616 832 3684 intelligant]
868 3651 887 3682 „
895 3617 1032 3669 Fremant
1096 3617 1158 3668 ibus
1185 3619 1219 3672 ab

70 3688 201 3741 omnibus
220 3690 321 3742 alienis
339 3692 544 3759 oculicorqbe
562 3689 672 3742 dolent:
692 3706 745 3759 per
763 3705 819 3750 me,
837 3704 891 3757 per
908 3703 954 3740 me
971 3696 1053 3740 certe
1093 3688 1120 3740 ie
1138 3689 1219 3753 laesus

70 3760 221 3812 restitutus
246 3761 350 3813 estde
367 3762 429 3823 Pal.
451 3759 582 3824 secundo.
608 3760 759 3825 confirmat
783 3759 842 3810 iam
858 3774 905 3810 me
932 3756 1064 3827 arnplius,
1092 3759 1168 3828 quod
1182 3759 1219 3814 in

72 3836 166 3905 quart.
187 3826 341 3896 inhaerere,
368 3831 400 3883 in
425 3832 526 3901 quinto
544 3829 630 3889 huius
648 3830 729 3884 verbi
755 3846 849 3898 neque
864 3824 933 3881 ‘vola
950 3838 987 3880 n'
1008 3845 1044 3880 ue
1060 3830 1132 3882 vest'
1156 3830 1219 3906 ium

72 3906 170 3952 restet.
209 3899 257 3952 Sic
282 3900 381 3952 locum
411 3911 477 3970 post
502 3901 669 3954 Turnebum
697 3901 886 3973 restituimus.
928 3845 1072 3982 Deeiegg.
1093 3848 1155 3957 ,lili
1181 3904 1216 3958 5:

75 3966 279 4037 Theophrastus
304 3986 370 4022 uera
396 3971 540 4024 institutas
565 3972 600 4023 ab
617 3973 781 4035 Aristotele,
806 3968 951 4035 habitauit,
970 3975 1001 4022 ut
1019 3969 1111 4035 sestis,
1136 3971 1168 4024 iu
1186 3987 1219 4026 eo

71 4056 174 4109 genere
192 4055 296 4092 rerum.
322 4041 424 4105 [Locus
442 4049 484 4092 est
502 4058 527 4093 c.
546 4042 585 4108 6.]
613 4042 675 4095 Hoc
702 4058 816 4112 quoque
838 4042 880 4107 ,in
896 4039 1067 4111 crepundiis
1096 4043 1152 4110 [ΙΙ.
1174 4046 1216 4100 16.

70 4130 99 4182 p.
118 4110 191 4176 454]
211 4108 405 4162 monuimus.“
433 4109 514 4163 Geel.
1217 4171 1219 4175 .

142 4184 268 4247 Haerere
293 4174 477 4247 intellegatis]
515 4180 636 4234 Omnino
663 4181 760 4252 placet
786 4179 856 4234 haec
880 4181 979 4246 lectio,
1012 4199 1098 4251 quam
1120 4182 1219 4235 cuncti

71 4255 134 4305 fere
152 4253 231 4304 Mssti
249 4260 376 4305 tuentur.
414 4252 494 4316 Quod
511 4252 598 4317 enim,
625 4251 761 4304 Turnebo
778 4260 943 4321 praeeunte,
969 4251 1134 4323 Gebhardus
1159 4253 1219 4304 edi-

74 4324 150 4376 derit
168 4323 276 4390 llabere,
295 4323 335 4392 id,
348 4324 387 4376 'ut
406 4321 519 4393 opinor,
547 4338 593 4375 eos
611 4322 643 4374 in
660 4321 753 4377 medio
771 4323 834 4377 luto
852 4321 985 4389 haesisse,
1011 4323 1078 4377 satis
1103 4324 1218 4375 demon·

28 4462 39 4475 ³
74 4403 153 4466 strat.
190 4395 226 4448 D.
