2842 5070
159 261 163 274 ’
189 294 231 358 ω
386 286 617 356 acanoms
639 284 886 353 rasennam
901 285 1163 362 ‚maenala

188 465 245 519 tor
266 457 332 528 ille,
354 457 411 538 qui
432 458 468 516 in
494 463 610 517 nostra
631 453 808 516 Academia
829 456 884 516 rel
915 457 950 516 in
979 456 1097 537 primia
1118 455 1185 516 fuit
1201 451 1342 533 nobilis,

188 539 330 616 Minime,
352 540 476 620 inquit,
500 539 660 600 assentior
680 539 732 614 iia,
755 539 811 618 qai
838 540 932 600 istam
953 541 1060 600 nescio
1082 557 1173 619 qaam
1195 539 1343 601 indolen-

190 625 266 685 tiam
285 640 401 703 magno
421 641 516 701 opere
538 620 689 683 landant:
710 639 792 700 qnae
812 639 871 680 nec
889 629 996 700 potest
1023 619 1091 682 nlla
1112 639 1190 698 esse,
1211 640 1270 682 nec
1290 623 1345 684 de·

153 712 156 717 ’
189 703 252 768 bet.
282 705 334 767 lle
349 713 503 788 aegrotae
515 705 588 780 sim,·
612 704 681 764 ein:
698 705 739 781 ie,
758 705 815 783 qai
829 701 952 782 fuerat,
969 721 1079 765 emaus
1093 703 1189 780 adsit,
1212 705 1279 766 siae
1295 723 1344 767 ee·

187 873 221 926 de
236 873 341 925 'damno
359 871 408 924 vel
426 889 518 942 poena
536 887 601 923 usos
620 889 688 936 esse,
708 879 737 924 et
755 871 849 940 ipsum
868 870 1037 923 Ciceronem
1054 869 1192 924 mercedis
1209 886 1290 937 voce,
1309 872 1349 925 ad*

187 943 297 996 Famm.
317 945 340 995 1.
360 946 386 998 9.
423 943 494 995 Add.
515 943 561 996 Or.
581 959 633 1013 pro
657 943 738 995 Dom.
760 946 806 997 ll:
836 943 902 993 data
928 957 1060 994 merces
1084 947 1126 994 eat
1151 940 1263 994 erroris
1287 942 1346 996 mei

187 1029 299 1081 magna.
338 1013 425 1066 Addit
450 1014 503 1069 W.
523 1013 655 1066 Plautum
672 1013 713 1065 sic
739 1013 783 1064 uti
804 1028 874 1065 voce
896 1011 1030 1082 pretinm,
1063 1012 1132 1064 alios
1153 1029 1200 1077 ue,
1219 1029 1344 1083 quorum

187 1086 265 1138 locos
283 1085 444 1137 laudaverit
461 1086 566 1137 Pareae
591 1085 622 1136 in
641 1086 709 1136 Lex.
734 1084 824 1135 Plaut.
845 1081 916 1134 Add.
937 1081 1023 1147 ejusd.
1044 1083 1113 1136 Lex.
1133 1029 1205 1136 brit.
1230 1101 1259 1153 p.
1280 1085 1342 1139 982.

189 1156 256 1207 coll.
276 1156 337 1214 eod.
356 1173 384 1226 p.
405 1158 465 1211 733.
485 1154 520 1208 ad
537 1173 565 1207 v.
585 1171 699 1209 meraca.
738 1157 793 1207 Pro
815 1153 873 1207 Neo
894 1153 947 1208 Ed.
967 1152 1015 1208 Aa.
1035 1155 1061 1207 2.
1087 1154 1118 1205 in
1142 1171 1233 1229 marg.
1256 1153 1344 1209 habet

188 1227 274 1281 Haec.
312 1227 372 1280 Me.
863 1259 866 1265 ·
1326 1272 1329 1278 .

260 1296 308 1368 qai
329 1297 360 1350 in
386 1303 482 1350 nostra
509 1294 674 1362 academia]
711 1294 863 1348 Omittitur
884 1294 915 1348 in
942 1294 973 1346 in
998 1294 1082 1348 codd.
1110 1310 1158 1344 sex
1177 1294 1247 1346 Oxx.
1267 1292 1346 1371 Aug.

189 1368 262 1420 Gud.
281 1368 309 1422 '2
329 1370 405 1420 Mon.
428 1373 451 1422 l.
470 1371 495 1423 2.
516 1368 603 1419 Marb.
626 1366 698 1419 Gud.
736 1365 885 1418 Nimirum
902 1366 1041 1418 facillime
1062 1363 1169 1417 excidit
1186 1363 1218 1416 in
1236 1365 1346 1419 interi

189 1448 218 1492 et
238 1455 264 1503 n,
285 1439 309 1490 si
326 1441 467 1509 scriptum
485 1439 543 1490 fuit
571 1439 754 1496 aleosrna.
788 1438 895 1489 Vocem
912 1435 1154 1488 velaminitEd.
1175 1435 1343 1489 lantoni.

188 1509 277 1563 Rehd.
296 1507 383 1562 habet
400 1508 503 1572 nobilia
521 1508 586 1574 fait.
608 1511 683 1561 Mon.
705 1513 728 1562 l.
750 1506 858 1560 nomine
876 1522 928 1578 pro
946 1506 1070 1560 minime.
1107 1506 1183 1558 Tum
1200 1524 1275 1558 unus
1292 1508 1342 1560 Ox.

191 1579 355 1634 aeaecntior.
393 1581 427 1633 ln
450 1597 521 1634 roae
544 1580 586 1633 iia
612 1587 746 1632 consueto
772 1579 857 1631 modo
880 1579 1021 1644 variatur,
1053 1577 1190 1630 videlicet
1212 1585 1245 1629 ut
1264 1577 1346 1630 exhi·

188 1652 273 1705 beant
291 1651 425 1703 nonnulli
443 1651 513 1703 libri
531 1649 584 1704 tta.
621 1652 704 1704 Unus
722 1651 772 1703 OX‘.
795 1649 882 1702 habet
906 1648 973 1702 iotis
990 1665 1043 1719 pro
1061 1647 1155 1701 iatam.
1191 1651 1259 1702 Mox
1277 1648 1344 1702 cod.

189 1722 263 1775 Gud.
279 1722 485 1789 indulgentiam
497 1739 550 1792 pro
565 1720 764 1775 indolentiam:
784 1721 900 1795 egregia
910 1719 1043 1772 monachi
1054 1718 1260 1772 emendatione.
1281 1719 1341 1773 Mr.

261 1792 456 1859 indolentiam]
489 1793 599 1858 „Quam
622 1789 761 1845 ἀπάθειαν
784 1791 839 1861 ipsi
863 1799 976 1856 vocant,
1004 1790 1094 1843 Stoici
1112 1787 1278 1857 ἀναλγησίαν
1297 1807 1346 1860 ap-

189 1860 347 1932 pellabant:
386 1873 486 1919 contra
511 1880 596 1933 quam
622 1873 664 1916 est
691 1863 735 1916 ele
756 1880 805 1913 ans
829 1861 983 1932 disputatio
1007 1861 1127 1913 Herodis
1152 1860 1244 1913 Attici
1270 1862 1347 1931 apud

191 1935 321 1988 Gellium
340 1937 376 1988 N.
403 1935 437 1986 A.
456 1936 529 1986 XIX.
552 1933 623 1990 12.“
647 1934 712 1988 Jan.
733 1880 886 2000 §agninae
923 1932 1016 1984 Verba
1041 1947 1146 2000 magno
1172 1948 1255 2001 opere
1271 1951 1346 1986 unus

189 2007 300 2058 omittit
324 2005 374 2057 Ox.
407 2006 543 2074 Plerique
565 2005 673 2057 habent
697 2020 878 2072 magnopere:
912 1995 969 2068 sed,
1003 2010 1037 2053 ut
1060 2019 1120 2068 nos,
1152 2004 1347 2072 antiquissimi

189 2074 268 2145 iique
287 2076 406 2146 optimi,
425 2077 495 2150 Reg.
516 2076 635 2130 Gud.·l.
674 2077 737 2128 Duo
765 2077 833 2130 Oxx.
855 2073 922 2143 qaia
940 2090 992 2144 pro
1012 2090 1089 2142 qnae.
1115 2073 1188 2126 Gud.
1210 2079 1234 2129 l.
1259 2073 1347 2128 habet

190 2146 239 2219 qai
256 2163 309 2218 pro
329 2162 406 2215 qaae.
427 2147 500 2200 Gud.
521 2149 546 2201 2.
567 2146 615 2200 nic
632 2162 685 2217 pro
705 2162 761 2200 nea.
799 2147 879 2200 Unus
899 2146 948 2199 Ox.
970 2146 1079 2197 omittit
1103 2161 1161 2199 nec.
1198 2147 1259 2199 Mr'.

261 2217 303 2270 Ne
322 2222 458 2284 aegrotae
476 2215 542 2282 sim]
570 2220 709 2293 „Magnae
727 2217 797 2268 huic
815 2217 879 2268 loco
897 2217 998 2268 turbae
1016 2234 1031 2267 a
1050 2216 1128 2269 MSS.
1141 2216 1228 2268 Palat.
1248 2223 1344 2286 quart.

190 2296 220 2340 et
237 2289 367 2342 Vatican.
389 2303 438 2340 nea
457 2293 660 2354 aegrotantem,
680 2287 716 2354 ai,
737 2287 840 2356 inquit,
859 2287 955 2351 fuerat
974 2302 1077 2352 emaus,
1097 2286 1176 2340 adsit
1195 2288 1347 2340 aiae-eece-

191 2365 248 2411 tur.
268 2376 313 2428 pr.
333 2375 389 2410 sec.
408 2360 513 2410 tertius
530 2375 599 2412 vero
618 2359 652 2410 ad
669 2359 845 2433 marginem:
876 2357 905 2409 ei
928 2357 956 2410 ie
981 2358 1028 2425 qai
1051 2360 1146 2425 fuerat
1170 2373 1268 2410 aeneas
1287 2372 1345 2410 aee.

190 2429 223 2493 in
239 2436 321 2480 textu
338 2444 423 2481 vero:
443 2429 472 2481 ai
489 2429 600 2497 inquam
618 2431 651 2483 id
669 2431 773 2495 fuerat.
795 2429 888 2498 quint.
909 2445 957 2481 nec
975 2431 1104 2497 aegroti:
1122 2435 1172 2492 eat,
1194 2430 1221 2482 ai
1239 2429 1280 2482 iio
1299 2428 1348 2496 qni

191 2499 287 2563 fuerat
306 2514 402 2552 amane
420 2500 503 2553 adal.
541 2501 576 2553 ln
593 2502 655 2553 Vat.
677 2501 800 2572 denique
824 2501 1068 2570 superscriptum:
1093 2500 1129 2565 ai,
1157 2499 1260 2570 inquit,
1284 2500 1349 2565 fuat

191 2586 297 2634 eenme,
323 2570 430 2625 adeit.“
457 2569 593 2624 Gebhard.
632 2571 699 2637 „Ex
721 2572 776 2624 hac
792 2572 934 2624 varietate
954 2571 1021 2623 satis
1048 2579 1136 2641 patet,
1163 2571 1214 2623 hic
1234 2571 1349 2641 aliquid

191 2641 303 2694 doctius
319 2641 440 2706 subesse,
461 2659 547 2711 quam
564 2651 598 2694 ut
615 2643 745 2711 potuerit
763 2642 861 2694 intelli
886 2643 892 2655 “
913 2661 928 2694 a
946 2641 1088 2695 librariis:
1119 2641 1205 2712 quod,
1233 2641 1346 2712 opinor,

128 2729 130 2740 ⁴
191 2713 258 2777 fuit,
277 2729 311 2766 ne
329 2713 529 2780 aegrotaaeim,
545 2713 660 2780 inquit,
686 2713 732 2767 ein
749 2712 839 2778 faerit
878 2712 934 2765 hoc
953 2721 1005 2777 est,
1030 2713 1142 2766 sivero
1162 2713 1254 2765 fuerit
1272 2712 1348 2764 acci·

192 2778 305 2849 datque,
337 2792 371 2835 ut
398 2793 546 2857 aegrotare
569 2783 703 2848 debeam)
727 2800 827 2838 aeneae
854 2783 939 2836 adsit.
982 2785 1092 2835 Notum
1114 2783 1291 2838 adclaraeeit
1315 2783 1348 2835 in

192 2855 276 2908 Livio
295 2858 317 2909 1.
340 2857 381 2909 18.
401 2855 514 2924 pariter
530 2854 672 2907 turbatur.
711 2859 757 2923 Μὴ
777 2853 940 2922 νοσοῖμεν.“
965 2853 1085 2907 Gronov.
1124 2854 1348 2920 „Vetus-lectio

192 2926 321 2979 omnium
334 2925 482 2979 ⁴librorum
500 2925 686 2995 antiquorum
706 2935 764 2979 est:
797 2926 839 2978 Ne
858 2925 1061 2991 aegrotassent:
1090 2923 1135 2978 ain
1161 2925 1230 2994 qnid
1246 2925 1346 2992 fremit,

191 3012 287 3049 aenam
304 2997 385 3062 aeeit,
406 3014 492 3066 quam
504 2996 595 3070 vulgo
614 2995 656 3048 sie
675 2997 915 3066 depravaverant:
934 3013 984 3050 nec
1002 2997 1225 3065 aegrotantem,
1244 2994 1346 3067 inquit,

192 3067 250 3122 niei
268 3068 304 3134 ie,
324 3067 373 3136 qai
390 3067 492 3132 fuerat,
512 3082 608 3120 aeneae
627 3067 712 3120 adsit.
735 3068 825 3121 donec
838 3068 994 3133 Victorius,
1013 3066 1166 3120 Asulanam
1190 3068 1348 3121 editionem

191 3148 313 3204 secutus,
332 3139 483 3200 restituit:
497 3137 539 3190 Ne
558 3139 776 3205 nigromantia,
795 3139 904 3207 inquit:
932 3138 1028 3213 sedai
1044 3138 1160 3205 inerim,
1179 3153 1277 3192 aeneae
1295 3139 1347 3191 ad-

191 3211 261 3266 sit.“
278 3211 326 3263 Fr.
346 3210 454 3264 Fabato:
492 3210 559 3262 Non
583 3226 652 3262 vere
678 3209 784 3262 tribuit
810 3210 892 3263 Fabr.
917 3211 1074 3264 lectionem
1099 3225 1133 3263 ne
1157 3208 1347 3278 aegrotaacim
1383 3218 1390 3223 ·

190 3282 274 3338 libris
296 3282 450 3335 veteribus.
488 3281 548 3333 Mr.
1273 3281 1276 3285 ’

262 3352 304 3406 Ne
323 3361 455 3427 aegrotus
474 3352 537 3417 sim,
559 3350 664 3420 inquit,
684 3350 732 3403 sed
751 3350 775 3402 si
793 3353 910 3418 fuerim,
938 3368 1035 3406 aeneae
1053 3351 1149 3419 adsit]
1186 3353 1232 3405 Ita
1257 3351 1346 3427 vulgo

192 3425 269 3477 dant.
307 3425 417 3476 Graeca
438 3423 480 3474 sic
504 3439 532 3473 se
554 3421 660 3474 habent
681 3423 757 3491 apud
781 3423 969 3476 Plutarchum
991 3425 1072 3477 Cone.
1097 3424 1131 3475 ad
1155 3421 1252 3492 Apoll.
1278 3438 1344 3498 pag.

193 3496 254 3551 10².
276 3491 315 3563 [p.
326 3493 410 3558 tte]
446 3495 493 3559 Μνὶ
510 3493 565 3560 γὰρ
585 3496 732 3562 νοσοῖμεν·
759 3493 862 3565 (φησὶν
881 3493 1110 3562 όἈκαδημαϊκὸς
1127 3489 1277 3565 Κράντωρ)
1296 3511 1344 3548 νο-

179 3573 292 3634 σήσασι
319 3563 351 3617 δὲ
378 3571 477 3633 παρείη
502 3585 541 3625 τις
559 3567 694 3630 αἴσθησις,
720 3562 764 3618 el'r'
792 3561 845 3619 oda
870 3565 996 3632 τέμνοιτό
1015 3587 1040 3620 τι
1057 3566 1111 3620 τῶν
1129 3565 1278 3636 ἡμετέρων,
1298 3559 1343 3618 eia’

192 3635 360 3702 daconqiro'
388 3635 491 3704 τὸγὰρ
511 3632 654 3689 ἀνώδυνον
678 3636 759 3690 τοῦτο
778 3634 827 3690 οὖν
854 3638 918 3691 ἄνευ
935 3638 1062 3704 μεγάλων
1082 3633 1215 3706 ἐνγίνεται
1234 3638 1347 3702 μισθῶν

94 3760 95 3764 ,
191 3712 230 3773 aqi
254 3705 410 3778 ἀνθρώπω·
436 3707 619 3775 τεθηριῶσθαι
642 3707 697 3776 γὰρ
724 3709 805 3771 εἰκός,
837 3707 893 3762 ἐκεῖ
911 3708 964 3777 μὲν
985 3714 1068 3780 σῶμα
1093 3713 1230 3770 τοιοῦτον,
1251 3706 1346 3772 (forte

190 3780 328 3843 τοιούτου)
348 3773 466 3830 ἐνταῦθα
486 3777 517 3830 δὲ
535 3776 637 3846 ψυχήν.
673 3778 714 3830 Et
731 3780 830 3849 paullo
849 3787 928 3832 ante:
955 3776 994 3832 Οὐ
1011 3783 1066 3850 γὰρ
1091 3778 1177 3847 ἔγωγε
1203 3777 1362 3850 eumolpo-1

191 3866 244 3915 μαι
262 3855 318 3911 τοῖς
336 3851 386 3915 τὴν
403 3846 638 3919 ἄγριονῦμνοῦσι
655 3851 702 3901 καὶ
720 3851 840 3920 σκληρὰν
855 3848 1002 3914 ἀπάθειαν,
1021 3849 1072 3908 ἔξω
1091 3855 1137 3903 καὶ
1155 3852 1205 3904 τοῦ
1224 3849 1347 3903 δυνατοῦ
1394 3886 1397 3891 -

156 3948 157 3951 ¹
191 3919 237 3973 nal
255 3921 305 3975 τοῦ
323 3919 513 3994 συμφέροντος
531 3918 629 3977 οὖσαν.
666 3922 743 3973 Haec
761 3939 826 3975 sane
850 3920 996 3990 prioribus
1022 3921 1118 3973 verbis
1136 3920 1283 3992 aptissime
1302 3936 1348 3972 re·

191 3992 342 4061 spondent,
362 3989 507 4060 ipsiusque
526 3991 674 4047 Crantoris
693 4009 752 4045 esse
769 3989 844 4044 mihi
855 3991 1028 4060 persuadeo,
1041 3992 1112 4044 lieet
1125 3991 1212 4043 illum
1231 3991 1273 4043 ibi
1290 4006 1348 4043 non

191 4062 317 4115 laudarit
338 4061 526 4133 philosophus
545 4063 766 4127 Chaeronensis3
795 4062 871 4131 quod
895 4063 982 4115 etiam
1000 4064 1059 4117 Pet.
1079 4061 1209 4114 Victoria
1228 4062 1263 4114 iit
1286 4078 1348 4115 cre·
1408 4123 1411 4127 .

190 4133 289 4186 dibile.
327 4133 464 4186 Ceterum
481 4135 661 4188 doctissimus
679 4134 731 4186 ille
749 4133 798 4186 vir
814 4134 920 4199 locum,
946 4151 1033 4203 quem
1049 4151 1118 4205 prae
1141 4133 1272 4186 manibus
1297 4132 1347 4186 ha·

193 4205 299 4269 bemus,
319 4205 360 4257 ita
377 4204 460 4281 legit,
481 4222 515 4259 ne
533 4203 737 4275 aegrotaaeime
761 4205 806 4257 ain
831 4205 1012 4272 patrifamil,
1037 4219 1135 4258 aeneae
1152 4203 1235 4259 adsit.
1274 4205 1347 4258 Sane

191 4277 260 4351 Reg.
281 4274 426 4330 Pithoean.
446 4278 518 4330 Med.
539 4278 648 4346 aliique
666 4275 752 4327 multi
772 4275 889 4329 Codices
908 4275 1055 4342 exhibent,
1074 4291 1123 4329 nea
1141 4281 1345 4343 aegrotarunt,

191 4346 228 4412 ei,
248 4345 349 4418 inquit,
367 4348 416 4402 ecl
434 4347 542 4419 inquid,
562 4351 666 4414 fuerat,
685 4346 893 4409 aeneaeadai13
911 4356 940 4402 et
960 4347 983 4399 ii
998 4348 1195 4400 coniecturam
1204 4345 1347 4400 Victoria·

190 4434 271 4484 nam,
300 4437 385 4490 quam
412 4421 520 4490 recepi,
550 4419 701 4473 manifeste
723 4417 905 4472 confirmant.
950 4418 1099 4473 Similiter
1120 4415 1219 4478 παῖδες
1243 4418 1346 4495 tarpeia
