<?xml version="1.0" encoding="UTF-8"?>
<!DOCTYPE html PUBLIC "-//W3C//DTD XHTML 1.0 Transitional//EN"
    "http://www.w3.org/TR/xhtml1/DTD/xhtml1-transitional.dtd">
<html xmlns="http://www.w3.org/1999/xhtml" xml:lang="en" lang="en">
 <head>
  <title>
</title>
<meta http-equiv="Content-Type" content="text/html;charset=utf-8" />
  <meta name='ocr-system' content='tesseract 3.04.00' />
  <meta name='ocr-capabilities' content='ocr_page ocr_carea ocr_par ocr_line ocrx_word'/>
</head>
<body>
  <div class='ocr_page' id='page_1' title='image "./mtulliiciceroni00davigoog_0037.png"; bbox 0 0 2842 5070; ppageno 0'>
   <div class='ocr_carea' id='block_1_1' title="bbox 138 290 1095 388">
    <p class='ocr_par' dir='ltr' id='par_1_1' title="bbox 138 290 1095 388">
     <span class='ocr_line' id='line_1_1' title="bbox 138 290 1095 388; baseline -0.009 -9"><span class='ocrx_word' id='word_1_1' title='bbox 138 311 181 379; x_wconf 82' lang='grc'><strong>11</strong></span> <span class='ocrx_word' id='word_1_2' title='bbox 339 303 570 388; x_wconf 76' lang='grc'>1111101111</span> <span class='ocrx_word' id='word_1_3' title='bbox 592 290 839 376; x_wconf 77' lang='grc'>11101111.</span> <span class='ocrx_word' id='word_1_4' title='bbox 863 308 1095 375; x_wconf 74' lang='lat' dir='ltr'><strong>nuruum.</strong></span> 
     </span>
    </p>
   </div>
   <div class='ocr_carea' id='block_1_2' title="bbox 40 476 1293 1056">
    <p class='ocr_par' dir='ltr' id='par_1_2' title="bbox 89 476 1293 806">
     <span class='ocr_line' id='line_1_2' title="bbox 89 476 1293 560; baseline -0.002 -18"><span class='ocrx_word' id='word_1_5' title='bbox 89 489 116 542; x_wconf 88' lang='grc'><strong>9.</strong></span> <span class='ocrx_word' id='word_1_6' title='bbox 141 497 241 560; x_wconf 78' lang='lat' dir='ltr'><strong>qnam</strong></span> <span class='ocrx_word' id='word_1_7' title='bbox 277 477 487 560; x_wconf 87' lang='lat' dir='ltr'><strong>appellarunt</strong></span> <span class='ocrx_word' id='word_1_8' title='bbox 517 478 689 540; x_wconf 86' lang='lat' dir='ltr'><strong>insaniam.</strong></span> <span class='ocrx_word' id='word_1_9' title='bbox 733 479 859 540; x_wconf 80' lang='lat' dir='ltr'><strong>Omnes</strong></span> <span class='ocrx_word' id='word_1_10' title='bbox 882 486 993 539; x_wconf 91' lang='lat' dir='ltr'><strong>autem</strong></span> <span class='ocrx_word' id='word_1_11' title='bbox 1019 476 1293 559; x_wconf 75' lang='lat' dir='ltr'><strong>perturbationes</strong></span> 
     </span>
     <span class='ocr_line' id='line_1_3' title="bbox 136 560 1292 646; baseline -0.001 -24"><span class='ocrx_word' id='word_1_12' title='bbox 136 562 240 622; x_wconf 90' lang='lat' dir='ltr'><strong>animi</strong></span> <span class='ocrx_word' id='word_1_13' title='bbox 261 561 395 621; x_wconf 90' lang='lat' dir='ltr'><strong>morbos</strong></span> <span class='ocrx_word' id='word_1_14' title='bbox 418 561 606 641; x_wconf 83' lang='lat' dir='ltr'><strong>philosophi</strong></span> <span class='ocrx_word' id='word_1_15' title='bbox 626 560 804 642; x_wconf 87' lang='lat' dir='ltr'><strong>appellant,</strong></span> <span class='ocrx_word' id='word_1_16' title='bbox 825 568 1012 646; x_wconf 73' lang='lat' dir='ltr'><strong>negantque</strong></span> <span class='ocrx_word' id='word_1_17' title='bbox 1024 561 1162 622; x_wconf 90' lang='lat' dir='ltr'><strong>stultum</strong></span> <span class='ocrx_word' id='word_1_18' title='bbox 1177 579 1292 642; x_wconf 88' lang='lat' dir='ltr'><strong>quem-</strong></span> 
     </span>
     <span class='ocr_line' id='line_1_4' title="bbox 137 641 1290 724; baseline -0.001 -20"><span class='ocrx_word' id='word_1_19' title='bbox 137 661 236 724; x_wconf 78' lang='lat' dir='ltr'><strong>qnam</strong></span> <span class='ocrx_word' id='word_1_20' title='bbox 256 644 299 703; x_wconf 89' lang='lat' dir='ltr'><strong>iis</strong></span> <span class='ocrx_word' id='word_1_21' title='bbox 321 643 447 704; x_wconf 83' lang='lat' dir='ltr'>morbis</span> <span class='ocrx_word' id='word_1_22' title='bbox 479 661 610 704; x_wconf 79' lang='lat' dir='ltr'><strong>vacare.</strong></span> <span class='ocrx_word' id='word_1_23' title='bbox 656 641 722 722; x_wconf 71' lang='lat' dir='ltr'><strong>Qui</strong></span> <span class='ocrx_word' id='word_1_24' title='bbox 747 650 858 704; x_wconf 89' lang='lat' dir='ltr'><strong>autem</strong></span> <span class='ocrx_word' id='word_1_25' title='bbox 889 643 925 703; x_wconf 91' lang='lat' dir='ltr'><strong>in</strong></span> <span class='ocrx_word' id='word_1_26' title='bbox 953 643 1071 703; x_wconf 89' lang='lat' dir='ltr'><strong>morbo</strong></span> <span class='ocrx_word' id='word_1_27' title='bbox 1098 649 1187 720; x_wconf 89' lang='lat' dir='ltr'><strong>sunt,</strong></span> <span class='ocrx_word' id='word_1_28' title='bbox 1216 645 1290 705; x_wconf 85' lang='lat' dir='ltr'><strong>sani</strong></span> 
     </span>
     <span class='ocr_line' id='line_1_5' title="bbox 136 725 1291 806; baseline 0.003 -22"><span class='ocrx_word' id='word_1_29' title='bbox 136 745 203 786; x_wconf 92' lang='lat' dir='ltr'><strong>non</strong></span> <span class='ocrx_word' id='word_1_30' title='bbox 229 733 321 790; x_wconf 79' lang='lat' dir='ltr'><strong>sunt:</strong></span> <span class='ocrx_word' id='word_1_31' title='bbox 351 733 385 787; x_wconf 89' lang='lat' dir='ltr'><strong>et</strong></span> <span class='ocrx_word' id='word_1_32' title='bbox 411 726 560 788; x_wconf 89' lang='lat' dir='ltr'><strong>omnium</strong></span> <span class='ocrx_word' id='word_1_33' title='bbox 587 726 816 806; x_wconf 88' lang='lat' dir='ltr'><strong>insipientium</strong></span> <span class='ocrx_word' id='word_1_34' title='bbox 845 726 948 786; x_wconf 88' lang='lat' dir='ltr'><strong>animi</strong></span> <span class='ocrx_word' id='word_1_35' title='bbox 980 727 1017 785; x_wconf 92' lang='lat' dir='ltr'><strong>in</strong></span> <span class='ocrx_word' id='word_1_36' title='bbox 1049 725 1166 786; x_wconf 92' lang='lat' dir='ltr'><strong>morbo</strong></span> <span class='ocrx_word' id='word_1_37' title='bbox 1195 735 1291 787; x_wconf 79' lang='lat' dir='ltr'><strong>sunt:</strong></span> 
     </span>
    </p>

    <p class='ocr_par' dir='ltr' id='par_1_3' title="bbox 40 806 1293 1056">
     <span class='ocr_line' id='line_1_6' title="bbox 55 806 1289 892; baseline 0.003 -28"><span class='ocrx_word' id='word_1_38' title='bbox 55 822 248 873; x_wconf 67' lang='lat' dir='ltr'><strong>nnaomnes</strong></span> <span class='ocrx_word' id='word_1_39' title='bbox 270 809 464 888; x_wconf 78' lang='lat' dir='ltr'><strong>insipientes</strong></span> <span class='ocrx_word' id='word_1_40' title='bbox 487 808 594 892; x_wconf 80' lang='lat' dir='ltr'><strong>igitur</strong></span> <span class='ocrx_word' id='word_1_41' title='bbox 614 807 795 870; x_wconf 88' lang='lat' dir='ltr'><strong>insaniunt.</strong></span> <span class='ocrx_word' id='word_1_42' title='bbox 839 806 1021 868; x_wconf 82' lang='lat' dir='ltr'><strong>Sanitatem</strong></span> <span class='ocrx_word' id='word_1_43' title='bbox 1042 811 1131 868; x_wconf 89' lang='lat' dir='ltr'><strong>enim</strong></span> <span class='ocrx_word' id='word_1_44' title='bbox 1159 811 1289 868; x_wconf 88' lang='lat' dir='ltr'><strong>animo-</strong></span> 
     </span>
     <span class='ocr_line' id='line_1_7' title="bbox 40 880 1290 972; baseline 0.002 -22"><span class='ocrx_word' id='word_1_45' title='bbox 40 880 46 895; x_wconf 76' lang='grc'><em>’</em></span> <span class='ocrx_word' id='word_1_46' title='bbox 80 895 104 928; x_wconf 75' lang='lat'><strong>³·</strong></span> <span class='ocrx_word' id='word_1_47' title='bbox 137 909 215 950; x_wconf 90' lang='lat' dir='ltr'><strong>rum</strong></span> <span class='ocrx_word' id='word_1_48' title='bbox 236 892 377 972; x_wconf 82' lang='lat' dir='ltr'><strong>positam</strong></span> <span class='ocrx_word' id='word_1_49' title='bbox 398 891 434 949; x_wconf 92' lang='lat' dir='ltr'><strong>in</strong></span> <span class='ocrx_word' id='word_1_50' title='bbox 464 888 869 970; x_wconf 86' lang='lat' dir='ltr'><strong>tranquillitatequadam</strong></span> <span class='ocrx_word' id='word_1_51' title='bbox 897 891 1149 971; x_wconf 82' lang='lat' dir='ltr'><strong>constantiaque</strong></span> <span class='ocrx_word' id='word_1_52' title='bbox 1176 911 1290 953; x_wconf 90' lang='lat' dir='ltr'><strong>cense-</strong></span> 
     </span>
     <span class='ocr_line' id='line_1_8' title="bbox 138 973 1293 1056; baseline 0.002 -23"><span class='ocrx_word' id='word_1_53' title='bbox 138 973 239 1033; x_wconf 87' lang='lat' dir='ltr'><strong>bant:</strong></span> <span class='ocrx_word' id='word_1_54' title='bbox 262 973 314 1033; x_wconf 87' lang='lat' dir='ltr'><strong>his</strong></span> <span class='ocrx_word' id='word_1_55' title='bbox 335 973 437 1033; x_wconf 88' lang='lat' dir='ltr'><strong>rebus</strong></span> <span class='ocrx_word' id='word_1_56' title='bbox 450 980 596 1032; x_wconf 88' lang='lat' dir='ltr'><strong>mentem</strong></span> <span class='ocrx_word' id='word_1_57' title='bbox 613 990 752 1034; x_wconf 89' lang='lat' dir='ltr'><strong>vacuam</strong></span> <span class='ocrx_word' id='word_1_58' title='bbox 765 973 977 1054; x_wconf 88' lang='lat' dir='ltr'><strong>appellarunt</strong></span> <span class='ocrx_word' id='word_1_59' title='bbox 1002 974 1180 1056; x_wconf 80' lang='lat' dir='ltr'><strong>insaniam:</strong></span> <span class='ocrx_word' id='word_1_60' title='bbox 1209 993 1293 1054; x_wconf 87' lang='lat' dir='ltr'><strong>pro-</strong></span> 
     </span>
    </p>
   </div>
   <div class='ocr_carea' id='block_1_3' title="bbox 56 1158 1290 2652">
    <p class='ocr_par' dir='ltr' id='par_1_4' title="bbox 56 1158 1290 2652">
     <span class='ocr_line' id='line_1_9' title="bbox 136 1158 1290 1241; baseline 0.006 -31"><span class='ocrx_word' id='word_1_61' title='bbox 136 1159 266 1225; x_wconf 83' lang='lat' dir='ltr'><strong>fortasse,</strong></span> <span class='ocrx_word' id='word_1_62' title='bbox 290 1159 332 1212; x_wconf 87' lang='lat' dir='ltr'><strong>ait</strong></span> <span class='ocrx_word' id='word_1_63' title='bbox 350 1159 408 1224; x_wconf 92' lang='lat' dir='ltr'><strong>Or.,</strong></span> <span class='ocrx_word' id='word_1_64' title='bbox 435 1158 552 1212; x_wconf 76' lang='lat' dir='ltr'><strong>dixisset</strong></span> <span class='ocrx_word' id='word_1_65' title='bbox 570 1160 658 1212; x_wconf 77' lang='lat' dir='ltr'><strong>Nisa:</strong></span> <span class='ocrx_word' id='word_1_66' title='bbox 696 1169 760 1226; x_wconf 93' lang='lat' dir='ltr'><strong>„ut,</strong></span> <span class='ocrx_word' id='word_1_67' title='bbox 789 1177 841 1212; x_wconf 91' lang='lat' dir='ltr'><strong>cur</strong></span> <span class='ocrx_word' id='word_1_68' title='bbox 864 1161 922 1213; x_wconf 90' lang='lat' dir='ltr'><strong>iam</strong></span> <span class='ocrx_word' id='word_1_69' title='bbox 946 1159 1067 1214; x_wconf 85' lang='lat' dir='ltr'><strong>Romani</strong></span> <span class='ocrx_word' id='word_1_70' title='bbox 1096 1162 1210 1241; x_wconf 68' lang='lat' dir='ltr'><strong>antiqui</strong></span> <span class='ocrx_word' id='word_1_71' title='bbox 1239 1163 1290 1219; x_wconf 90' lang='lat' dir='ltr'><strong>diu</strong></span> 
     </span>
     <span class='ocr_line' id='line_1_10' title="bbox 138 1229 1290 1299; baseline 0.006 -18"><span class='ocrx_word' id='word_1_72' title='bbox 138 1237 204 1283; x_wconf 88' lang='lat' dir='ltr'><strong>ante</strong></span> <span class='ocrx_word' id='word_1_73' title='bbox 224 1229 371 1284; x_wconf 84' lang='lat' dir='ltr'><strong>Socratem</strong></span> <span class='ocrx_word' id='word_1_74' title='bbox 389 1239 502 1285; x_wconf 90' lang='lat' dir='ltr'><strong>rectum</strong></span> <span class='ocrx_word' id='word_1_75' title='bbox 519 1247 624 1283; x_wconf 91' lang='lat' dir='ltr'><strong>nomen</strong></span> <span class='ocrx_word' id='word_1_76' title='bbox 642 1230 690 1283; x_wconf 92' lang='grc'>1111</span> <span class='ocrx_word' id='word_1_77' title='bbox 708 1231 798 1284; x_wconf 87' lang='lat' dir='ltr'><strong>animi</strong></span> <span class='ocrx_word' id='word_1_78' title='bbox 816 1232 1004 1285; x_wconf 89' lang='lat' dir='ltr'><strong>commotioni</strong></span> <span class='ocrx_word' id='word_1_79' title='bbox 1021 1230 1200 1299; x_wconf 82' lang='lat' dir='ltr'><strong>indidissent,</strong></span> <span class='ocrx_word' id='word_1_80' title='bbox 1229 1253 1290 1288; x_wconf 78' lang='lat' dir='ltr'><strong>rna·</strong></span> 
     </span>
     <span class='ocr_line' id='line_1_11' title="bbox 107 1300 1288 1374; baseline 0.007 -23"><span class='ocrx_word' id='word_1_81' title='bbox 107 1330 111 1338; x_wconf 85' lang='lat'><strong>.</strong></span> <span class='ocrx_word' id='word_1_82' title='bbox 137 1301 270 1353; x_wconf 83' lang='lat' dir='ltr'><strong>nifastius</strong></span> <span class='ocrx_word' id='word_1_83' title='bbox 295 1300 477 1372; x_wconf 83' lang='lat' dir='ltr'><strong>appareret.“</strong></span> <span class='ocrx_word' id='word_1_84' title='bbox 517 1302 638 1354; x_wconf 88' lang='lat' dir='ltr'><strong>Uneinis</strong></span> <span class='ocrx_word' id='word_1_85' title='bbox 662 1303 844 1354; x_wconf 88' lang='lat' dir='ltr'><strong>incluserunt</strong></span> <span class='ocrx_word' id='word_1_86' title='bbox 867 1311 931 1374; x_wconf 91' lang='lat' dir='ltr'><strong>post</strong></span> <span class='ocrx_word' id='word_1_87' title='bbox 957 1302 1025 1354; x_wconf 90' lang='lat' dir='ltr'><strong>Dav.</strong></span> <span class='ocrx_word' id='word_1_88' title='bbox 1050 1320 1082 1354; x_wconf 86' lang='lat' dir='ltr'><strong>ea</strong></span> <span class='ocrx_word' id='word_1_89' title='bbox 1104 1304 1192 1357; x_wconf 82' lang='lat' dir='ltr'><strong>verba</strong></span> <span class='ocrx_word' id='word_1_90' title='bbox 1212 1305 1288 1360; x_wconf 83' lang='lat' dir='ltr'><strong>Ern.</strong></span> 
     </span>
     <span class='ocr_line' id='line_1_12' title="bbox 136 1371 1290 1442; baseline 0.007 -20"><span class='ocrx_word' id='word_1_91' title='bbox 136 1371 199 1442; x_wconf 88' lang='lat' dir='ltr'><strong>Bip.</strong></span> <span class='ocrx_word' id='word_1_92' title='bbox 219 1371 363 1428; x_wconf 86' lang='lat' dir='ltr'><strong>FAWolf.</strong></span> <span class='ocrx_word' id='word_1_93' title='bbox 382 1373 471 1425; x_wconf 92' lang='lat' dir='ltr'><strong>Nobb.</strong></span> <span class='ocrx_word' id='word_1_94' title='bbox 510 1373 596 1426; x_wconf 91' lang='lat' dir='ltr'><strong>Plane</strong></span> <span class='ocrx_word' id='word_1_95' title='bbox 615 1372 761 1426; x_wconf 88' lang='lat' dir='ltr'><strong>eiecerunt</strong></span> <span class='ocrx_word' id='word_1_96' title='bbox 781 1371 864 1425; x_wconf 89' lang='lat' dir='ltr'><strong>Scbz.</strong></span> <span class='ocrx_word' id='word_1_97' title='bbox 886 1382 915 1426; x_wconf 90' lang='lat' dir='ltr'><strong>et</strong></span> <span class='ocrx_word' id='word_1_98' title='bbox 932 1373 999 1426; x_wconf 90' lang='lat' dir='ltr'><strong>Bill.</strong></span> <span class='ocrx_word' id='word_1_99' title='bbox 1012 1373 1139 1428; x_wconf 87' lang='lat' dir='ltr'><strong>Wolfius</strong></span> <span class='ocrx_word' id='word_1_100' title='bbox 1157 1376 1188 1437; x_wconf 87' lang='lat' dir='ltr'><strong>in</strong></span> <span class='ocrx_word' id='word_1_101' title='bbox 1206 1375 1290 1430; x_wconf 89' lang='lat' dir='ltr'><strong>schc-</strong></span> 
     </span>
     <span class='ocr_line' id='line_1_13' title="bbox 136 1440 1290 1519; baseline 0.006 -26"><span class='ocrx_word' id='word_1_102' title='bbox 136 1441 173 1494; x_wconf 87' lang='lat' dir='ltr'><strong>lis</strong></span> <span class='ocrx_word' id='word_1_103' title='bbox 192 1440 314 1516; x_wconf 80' lang='lat' dir='ltr'><strong>glossam</strong></span> <span class='ocrx_word' id='word_1_104' title='bbox 332 1443 404 1496; x_wconf 87' lang='lat' dir='ltr'><strong>haec</strong></span> <span class='ocrx_word' id='word_1_105' title='bbox 421 1443 507 1497; x_wconf 86' lang='lat' dir='ltr'><strong>verba</strong></span> <span class='ocrx_word' id='word_1_106' title='bbox 526 1461 584 1496; x_wconf 87' lang='lat' dir='ltr'><strong>esse</strong></span> <span class='ocrx_word' id='word_1_107' title='bbox 609 1443 752 1519; x_wconf 78' lang='lat' dir='ltr'><strong>ingratam</strong></span> <span class='ocrx_word' id='word_1_108' title='bbox 769 1443 818 1495; x_wconf 90' lang='lat' dir='ltr'><strong>ait.</strong></span> <span class='ocrx_word' id='word_1_109' title='bbox 839 1446 886 1498; x_wconf 93' lang='lat' dir='ltr'><strong>Or.</strong></span> <span class='ocrx_word' id='word_1_110' title='bbox 906 1454 1015 1510; x_wconf 89' lang='lat' dir='ltr'><strong>contra,</strong></span> <span class='ocrx_word' id='word_1_111' title='bbox 1040 1447 1168 1513; x_wconf 83' lang='lat' dir='ltr'><strong>quamvis</strong></span> <span class='ocrx_word' id='word_1_112' title='bbox 1186 1442 1290 1502; x_wconf 86' lang='lat' dir='ltr'><strong>lectio-</strong></span> 
     </span>
     <span class='ocr_line' id='line_1_14' title="bbox 137 1512 1289 1586; baseline 0.006 -21"><span class='ocrx_word' id='word_1_113' title='bbox 137 1513 182 1565; x_wconf 93' lang='lat' dir='ltr'><strong>nis</strong></span> <span class='ocrx_word' id='word_1_114' title='bbox 199 1513 321 1567; x_wconf 84' lang='lat' dir='ltr'><strong>varietas</strong></span> <span class='ocrx_word' id='word_1_115' title='bbox 345 1515 442 1567; x_wconf 90' lang='lat' dir='ltr'><strong>locum</strong></span> <span class='ocrx_word' id='word_1_116' title='bbox 466 1512 587 1568; x_wconf 89' lang='lat' dir='ltr'><strong>reddere</strong></span> <span class='ocrx_word' id='word_1_117' title='bbox 605 1523 767 1585; x_wconf 88' lang='lat' dir='ltr'><strong>suspectum</strong></span> <span class='ocrx_word' id='word_1_118' title='bbox 792 1515 888 1584; x_wconf 90' lang='lat' dir='ltr'><strong>possit,</strong></span> <span class='ocrx_word' id='word_1_119' title='bbox 913 1517 1003 1586; x_wconf 81' lang='lat' dir='ltr'><strong>ipsam</strong></span> <span class='ocrx_word' id='word_1_120' title='bbox 1025 1515 1101 1569; x_wconf 85' lang='lat' dir='ltr'><strong>hanc</strong></span> <span class='ocrx_word' id='word_1_121' title='bbox 1117 1517 1289 1572; x_wconf 85' lang='lat' dir='ltr'><strong>varietatem</strong></span> 
     </span>
     <span class='ocr_line' id='line_1_15' title="bbox 113 1583 1289 1655; baseline 0.007 -20"><span class='ocrx_word' id='word_1_122' title='bbox 113 1639 119 1647; x_wconf 58' lang='grc'>,</span> <span class='ocrx_word' id='word_1_123' title='bbox 135 1583 262 1637; x_wconf 87' lang='lat' dir='ltr'><strong>librariis</strong></span> <span class='ocrx_word' id='word_1_124' title='bbox 280 1585 383 1638; x_wconf 89' lang='lat' dir='ltr'><strong>tribuit</strong></span> <span class='ocrx_word' id='word_1_125' title='bbox 402 1594 432 1638; x_wconf 91' lang='lat' dir='ltr'><strong>et</strong></span> <span class='ocrx_word' id='word_1_126' title='bbox 449 1585 669 1652; x_wconf 85' lang='lat' dir='ltr'><strong>correctoribus,</strong></span> <span class='ocrx_word' id='word_1_127' title='bbox 688 1586 739 1655; x_wconf 86' lang='lat' dir='ltr'><strong>qni</strong></span> <span class='ocrx_word' id='word_1_128' title='bbox 756 1586 932 1638; x_wconf 88' lang='lat' dir='ltr'><strong>substantivo</strong></span> <span class='ocrx_word' id='word_1_129' title='bbox 951 1585 1136 1640; x_wconf 81' lang='lat' dir='ltr'><strong>insanitatem</strong></span> <span class='ocrx_word' id='word_1_130' title='bbox 1161 1586 1289 1643; x_wconf 83' lang='lat' dir='ltr'><strong>offende-</strong></span> 
     </span>
     <span class='ocr_line' id='line_1_16' title="bbox 136 1656 1289 1726; baseline 0.004 -19"><span class='ocrx_word' id='word_1_131' title='bbox 136 1664 247 1708; x_wconf 87' lang='lat' dir='ltr'><strong>rentur.</strong></span> <span class='ocrx_word' id='word_1_132' title='bbox 284 1657 319 1709; x_wconf 92' lang='lat' dir='ltr'><strong>ln</strong></span> <span class='ocrx_word' id='word_1_133' title='bbox 338 1673 394 1726; x_wconf 88' lang='lat' dir='ltr'><strong>quo</strong></span> <span class='ocrx_word' id='word_1_134' title='bbox 423 1673 488 1708; x_wconf 90' lang='lat' dir='ltr'><strong>cum</strong></span> <span class='ocrx_word' id='word_1_135' title='bbox 511 1656 748 1725; x_wconf 82' lang='lat' dir='ltr'><strong>acquiescendum</strong></span> <span class='ocrx_word' id='word_1_136' title='bbox 765 1656 924 1723; x_wconf 81' lang='lat' dir='ltr'><strong>videretur,</strong></span> <span class='ocrx_word' id='word_1_137' title='bbox 953 1675 983 1710; x_wconf 88' lang='lat' dir='ltr'><strong>ea</strong></span> <span class='ocrx_word' id='word_1_138' title='bbox 1001 1658 1088 1710; x_wconf 86' lang='lat' dir='ltr'><strong>verba</strong></span> <span class='ocrx_word' id='word_1_139' title='bbox 1105 1677 1171 1711; x_wconf 89' lang='lat' dir='ltr'><strong>cnm</strong></span> <span class='ocrx_word' id='word_1_140' title='bbox 1190 1659 1237 1712; x_wconf 85' lang='lat' dir='ltr'><strong>Or.</strong></span> <span class='ocrx_word' id='word_1_141' title='bbox 1258 1669 1289 1714; x_wconf 87' lang='lat' dir='ltr'><strong>et</strong></span> 
     </span>
     <span class='ocr_line' id='line_1_17' title="bbox 107 1724 1288 1794; baseline 0.005 -16"><span class='ocrx_word' id='word_1_142' title='bbox 107 1735 109 1738; x_wconf 85' lang='grc'><strong>’</strong></span> <span class='ocrx_word' id='word_1_143' title='bbox 134 1724 208 1778; x_wconf 85' lang='lat' dir='ltr'><strong>Tbn.</strong></span> <span class='ocrx_word' id='word_1_144' title='bbox 228 1727 342 1778; x_wconf 88' lang='lat' dir='ltr'><strong>uncinis</strong></span> <span class='ocrx_word' id='word_1_145' title='bbox 365 1727 495 1779; x_wconf 86' lang='lat' dir='ltr'><strong>liberavi.</strong></span> <span class='ocrx_word' id='word_1_146' title='bbox 531 1728 619 1781; x_wconf 84' lang='lat' dir='ltr'><strong>Recte</strong></span> <span class='ocrx_word' id='word_1_147' title='bbox 638 1726 685 1779; x_wconf 91' lang='lat' dir='ltr'><strong>Or.</strong></span> <span class='ocrx_word' id='word_1_148' title='bbox 705 1728 736 1780; x_wconf 90' lang='lat' dir='ltr'><strong>in</strong></span> <span class='ocrx_word' id='word_1_149' title='bbox 760 1725 871 1780; x_wconf 86' lang='lat' dir='ltr'><strong>schedis</strong></span> <span class='ocrx_word' id='word_1_150' title='bbox 893 1727 1085 1794; x_wconf 63' lang='lat' dir='ltr'><strong>„Admodum</strong></span> <span class='ocrx_word' id='word_1_151' title='bbox 1114 1730 1164 1793; x_wconf 89' lang='lat' dir='ltr'><strong>ait,</strong></span> <span class='ocrx_word' id='word_1_152' title='bbox 1188 1728 1288 1784; x_wconf 82' lang='lat' dir='ltr'><strong>differt</strong></span> 
     </span>
     <span class='ocr_line' id='line_1_18' title="bbox 136 1795 1287 1864; baseline 0.004 -15"><span class='ocrx_word' id='word_1_153' title='bbox 136 1795 289 1863; x_wconf 83' lang='lat' dir='ltr'><strong>insanitas,</strong></span> <span class='ocrx_word' id='word_1_154' title='bbox 316 1798 498 1863; x_wconf 86' lang='lat' dir='ltr'><strong>vocabulum,</strong></span> <span class='ocrx_word' id='word_1_155' title='bbox 524 1798 555 1849; x_wconf 91' lang='lat' dir='ltr'><strong>ni</strong></span> <span class='ocrx_word' id='word_1_156' title='bbox 577 1798 675 1863; x_wconf 83' lang='lat' dir='ltr'><strong>fallor,</strong></span> <span class='ocrx_word' id='word_1_157' title='bbox 703 1815 822 1864; x_wconf 86' lang='lat' dir='ltr'><strong>novum,</strong></span> <span class='ocrx_word' id='word_1_158' title='bbox 853 1799 885 1851; x_wconf 87' lang='lat' dir='ltr'><strong>ab</strong></span> <span class='ocrx_word' id='word_1_159' title='bbox 909 1797 1056 1852; x_wconf 86' lang='lat' dir='ltr'><strong>insania.“</strong></span> <span class='ocrx_word' id='word_1_160' title='bbox 1095 1799 1179 1853; x_wconf 90' lang='lat' dir='ltr'><strong>Redit</strong></span> <span class='ocrx_word' id='word_1_161' title='bbox 1209 1801 1287 1854; x_wconf 79' lang='lat' dir='ltr'><strong>idern</strong></span> 
     </span>
     <span class='ocr_line' id='line_1_19' title="bbox 134 1866 1289 1936; baseline 0.006 -17"><span class='ocrx_word' id='word_1_162' title='bbox 134 1867 342 1920; x_wconf 85' lang='lat' dir='ltr'><strong>substantivum</strong></span> <span class='ocrx_word' id='word_1_163' title='bbox 360 1886 384 1920; x_wconf 89' lang='lat' dir='ltr'><strong>c.</strong></span> <span class='ocrx_word' id='word_1_164' title='bbox 404 1871 429 1924; x_wconf 76' lang='lat'><strong>5.</strong></span> <span class='ocrx_word' id='word_1_165' title='bbox 449 1866 470 1933; x_wconf 72' lang='grc'><strong>1.</strong></span> <span class='ocrx_word' id='word_1_166' title='bbox 493 1871 534 1924; x_wconf 87' lang='grc'><strong>10.</strong></span> <span class='ocrx_word' id='word_1_167' title='bbox 559 1868 616 1922; x_wconf 52' lang='grc' dir='ltr'><strong>»Αᾱ</strong></span> <span class='ocrx_word' id='word_1_168' title='bbox 632 1868 719 1921; x_wconf 87' lang='lat' dir='ltr'><strong>verba</strong></span> <span class='ocrx_word' id='word_1_169' title='bbox 744 1874 887 1936; x_wconf 80' lang='lat' dir='ltr'><strong>aegrotum</strong></span> <span class='ocrx_word' id='word_1_170' title='bbox 905 1867 1027 1923; x_wconf 86' lang='lat' dir='ltr'><strong>animam</strong></span> <span class='ocrx_word' id='word_1_171' title='bbox 1053 1871 1084 1922; x_wconf 90' lang='grc'><strong>111</strong></span> <span class='ocrx_word' id='word_1_172' title='bbox 1102 1870 1289 1925; x_wconf 86' lang='lat' dir='ltr'><strong>Additamen-</strong></span> 
     </span>
     <span class='ocr_line' id='line_1_20' title="bbox 133 1938 1287 2015; baseline 0.006 -25"><span class='ocrx_word' id='word_1_173' title='bbox 133 1938 171 1990; x_wconf 89' lang='lat' dir='ltr'><strong>tis</strong></span> <span class='ocrx_word' id='word_1_174' title='bbox 188 1939 243 1992; x_wconf 83' lang='lat' dir='ltr'><strong>Ed.</strong></span> <span class='ocrx_word' id='word_1_175' title='bbox 262 1938 360 1992; x_wconf 87' lang='lat' dir='ltr'><strong>Germ.</strong></span> <span class='ocrx_word' id='word_1_176' title='bbox 380 1939 541 1992; x_wconf 78' lang='lat' dir='ltr'><strong>Forcellini</strong></span> <span class='ocrx_word' id='word_1_177' title='bbox 559 1958 579 1991; x_wconf 86' lang='lat' dir='ltr'><strong>s.</strong></span> <span class='ocrx_word' id='word_1_178' title='bbox 592 1958 620 1991; x_wconf 88' lang='grc'><strong>1.</strong></span> <span class='ocrx_word' id='word_1_179' title='bbox 640 1946 775 2006; x_wconf 83' lang='lat' dir='ltr'><strong>aegrotas</strong></span> <span class='ocrx_word' id='word_1_180' title='bbox 792 1940 864 1993; x_wconf 87' lang='lat' dir='ltr'><strong>haec</strong></span> <span class='ocrx_word' id='word_1_181' title='bbox 882 1940 1036 2015; x_wconf 77' lang='lat' dir='ltr'><strong>leguntur:</strong></span> <span class='ocrx_word' id='word_1_182' title='bbox 1056 1943 1184 2006; x_wconf 89' lang='lat' dir='ltr'><strong>„Noster</strong></span> <span class='ocrx_word' id='word_1_183' title='bbox 1203 1941 1287 2008; x_wconf 80' lang='lat' dir='ltr'><strong>[For-</strong></span> 
     </span>
     <span class='ocr_line' id='line_1_21' title="bbox 134 2009 1286 2081; baseline 0.005 -19"><span class='ocrx_word' id='word_1_184' title='bbox 134 2009 266 2074; x_wconf 86' lang='lat' dir='ltr'><strong>cellinus,</strong></span> <span class='ocrx_word' id='word_1_185' title='bbox 286 2009 400 2081; x_wconf 88' lang='lat' dir='ltr'><strong>opinor]</strong></span> <span class='ocrx_word' id='word_1_186' title='bbox 419 2010 529 2079; x_wconf 84' lang='lat' dir='ltr'><strong>saepius</strong></span> <span class='ocrx_word' id='word_1_187' title='bbox 548 2011 693 2080; x_wconf 82' lang='lat' dir='ltr'><strong>tutiusque</strong></span> <span class='ocrx_word' id='word_1_188' title='bbox 721 2011 776 2063; x_wconf 90' lang='lat' dir='ltr'><strong>dici</strong></span> <span class='ocrx_word' id='word_1_189' title='bbox 797 2011 942 2064; x_wconf 84' lang='lat' dir='ltr'><strong>existimat</strong></span> <span class='ocrx_word' id='word_1_190' title='bbox 964 2027 1076 2080; x_wconf 78' lang='lat' dir='ltr'><strong>aeger</strong></span> <span class='ocrx_word' id='word_1_191' title='bbox 1100 2016 1221 2080; x_wconf 85' lang='lat' dir='ltr'><strong>animas,</strong></span> <span class='ocrx_word' id='word_1_192' title='bbox 1253 2015 1286 2068; x_wconf 90' lang='lat' dir='ltr'><strong>in</strong></span> 
     </span>
     <span class='ocr_line' id='line_1_22' title="bbox 133 2079 1286 2149; baseline 0.003 -15"><span class='ocrx_word' id='word_1_193' title='bbox 133 2079 192 2134; x_wconf 83' lang='lat' dir='ltr'><strong>cic.</strong></span> <span class='ocrx_word' id='word_1_194' title='bbox 218 2081 297 2134; x_wconf 90' lang='lat' dir='ltr'><strong>enim</strong></span> <span class='ocrx_word' id='word_1_195' title='bbox 318 2081 382 2134; x_wconf 92' lang='lat' dir='ltr'><strong>loco</strong></span> <span class='ocrx_word' id='word_1_196' title='bbox 409 2081 583 2149; x_wconf 89' lang='lat' dir='ltr'><strong>scripturam</strong></span> <span class='ocrx_word' id='word_1_197' title='bbox 609 2082 752 2134; x_wconf 87' lang='lat' dir='ltr'><strong>nonsatis</strong></span> <span class='ocrx_word' id='word_1_198' title='bbox 770 2099 828 2136; x_wconf 92' lang='lat' dir='ltr'><strong>esse</strong></span> <span class='ocrx_word' id='word_1_199' title='bbox 852 2091 969 2134; x_wconf 86' lang='lat' dir='ltr'><strong>certam.</strong></span> <span class='ocrx_word' id='word_1_200' title='bbox 1007 2083 1052 2136; x_wconf 88' lang='lat' dir='ltr'><strong>Ita</strong></span> <span class='ocrx_word' id='word_1_201' title='bbox 1069 2091 1165 2136; x_wconf 86' lang='lat' dir='ltr'><strong>tamen</strong></span> <span class='ocrx_word' id='word_1_202' title='bbox 1184 2084 1224 2136; x_wconf 89' lang='lat' dir='ltr'><strong>ibi</strong></span> <span class='ocrx_word' id='word_1_203' title='bbox 1243 2093 1286 2138; x_wconf 90' lang='lat' dir='ltr'><strong>est</strong></span> 
     </span>
     <span class='ocr_line' id='line_1_23' title="bbox 132 2151 1285 2222; baseline 0.007 -19"><span class='ocrx_word' id='word_1_204' title='bbox 132 2151 165 2203; x_wconf 91' lang='lat' dir='ltr'><strong>in</strong></span> <span class='ocrx_word' id='word_1_205' title='bbox 183 2152 299 2222; x_wconf 90' lang='lat' dir='ltr'><strong>optimis</strong></span> <span class='ocrx_word' id='word_1_206' title='bbox 317 2152 388 2204; x_wconf 83' lang='lat' dir='ltr'><strong>Edd.</strong></span> <span class='ocrx_word' id='word_1_207' title='bbox 427 2151 490 2220; x_wconf 92' lang='lat' dir='ltr'><strong>lpse</strong></span> <span class='ocrx_word' id='word_1_208' title='bbox 510 2160 605 2204; x_wconf 86' lang='lat' dir='ltr'><strong>autem</strong></span> <span class='ocrx_word' id='word_1_209' title='bbox 632 2153 664 2204; x_wconf 92' lang='lat' dir='ltr'><strong>in</strong></span> <span class='ocrx_word' id='word_1_210' title='bbox 690 2170 769 2222; x_wconf 82' lang='lat' dir='ltr'><strong>seqq.</strong></span> <span class='ocrx_word' id='word_1_211' title='bbox 795 2152 880 2206; x_wconf 81' lang='lat' dir='ltr'><strong>affert</strong></span> <span class='ocrx_word' id='word_1_212' title='bbox 898 2153 965 2206; x_wconf 85' lang='lat' dir='ltr'><strong>Ter.</strong></span> <span class='ocrx_word' id='word_1_213' title='bbox 984 2151 1073 2205; x_wconf 86' lang='lat' dir='ltr'><strong>Andr.</strong></span> <span class='ocrx_word' id='word_1_214' title='bbox 1094 2159 1119 2218; x_wconf 90' lang='lat'><strong>1,</strong></span> <span class='ocrx_word' id='word_1_215' title='bbox 1138 2157 1165 2219; x_wconf 81' lang='lat'><strong>2,</strong></span> <span class='ocrx_word' id='word_1_216' title='bbox 1191 2157 1235 2211; x_wconf 79' lang='lat'><strong>22.</strong></span> <span class='ocrx_word' id='word_1_217' title='bbox 1256 2165 1285 2210; x_wconf 92' lang='lat' dir='ltr'><strong>et</strong></span> 
     </span>
     <span class='ocr_line' id='line_1_24' title="bbox 56 2218 1283 2290; baseline 0.005 -12"><span class='ocrx_word' id='word_1_218' title='bbox 56 2218 60 2223; x_wconf 77' lang='grc'>’</span> <span class='ocrx_word' id='word_1_219' title='bbox 131 2224 204 2288; x_wconf 79' lang='lat'><strong>³‚3,</strong></span> <span class='ocrx_word' id='word_1_220' title='bbox 224 2222 456 2277; x_wconf 63' lang='lat' dir='ltr'><strong>inobientem</strong></span> <span class='ocrx_word' id='word_1_221' title='bbox 479 2221 507 2273; x_wconf 91' lang='lat' dir='ltr'><strong>le</strong></span> <span class='ocrx_word' id='word_1_222' title='bbox 528 2230 594 2274; x_wconf 85' lang='lat' dir='ltr'><strong>atur</strong></span> <span class='ocrx_word' id='word_1_223' title='bbox 621 2229 754 2290; x_wconf 79' lang='lat' dir='ltr'><strong>aegrotae</strong></span> <span class='ocrx_word' id='word_1_224' title='bbox 767 2223 892 2277; x_wconf 33' lang='lat' dir='ltr'><strong>suasimus.</strong></span> <span class='ocrx_word' id='word_1_225' title='bbox 930 2223 1283 2285; x_wconf 64' lang='lat' dir='ltr'><strong>ascenaentem.</strong></span> 
     </span>
     <span class='ocr_line' id='line_1_25' title="bbox 132 2239 832 2364; baseline 0.007 -23"><span class='ocrx_word' id='word_1_226' title='bbox 132 2292 206 2347; x_wconf 88' lang='lat' dir='ltr'><strong>unde</strong></span> <span class='ocrx_word' id='word_1_227' title='bbox 225 2309 284 2345; x_wconf 90' lang='lat' dir='ltr'><strong>non</strong></span> <span class='ocrx_word' id='word_1_228' title='bbox 299 2292 438 2358; x_wconf 83' lang='lat' dir='ltr'><strong>videmus,</strong></span> <span class='ocrx_word' id='word_1_229' title='bbox 459 2239 559 2361; x_wconf 73' lang='lat' dir='ltr'><strong>quidni</strong></span> <span class='ocrx_word' id='word_1_230' title='bbox 577 2294 618 2347; x_wconf 89' lang='lat' dir='ltr'><strong>sic</strong></span> <span class='ocrx_word' id='word_1_231' title='bbox 636 2295 695 2347; x_wconf 91' lang='lat' dir='ltr'><strong>dici</strong></span> <span class='ocrx_word' id='word_1_232' title='bbox 712 2293 832 2364; x_wconf 87' lang='lat' dir='ltr'><strong>possit.“</strong></span> 
     </span>
     <span class='ocr_line' id='line_1_26' title="bbox 204 2362 1284 2436; baseline 0.005 -19"><span class='ocrx_word' id='word_1_233' title='bbox 204 2362 307 2417; x_wconf 86' lang='lat' dir='ltr'><strong>Omnes</strong></span> <span class='ocrx_word' id='word_1_234' title='bbox 329 2368 420 2416; x_wconf 87' lang='lat' dir='ltr'><strong>antem</strong></span> <span class='ocrx_word' id='word_1_235' title='bbox 442 2363 665 2431; x_wconf 82' lang='lat' dir='ltr'><strong>perturbationes</strong></span> <span class='ocrx_word' id='word_1_236' title='bbox 692 2365 784 2419; x_wconf 84' lang='lat' dir='ltr'><strong>animi</strong></span> <span class='ocrx_word' id='word_1_237' title='bbox 810 2365 922 2420; x_wconf 83' lang='lat' dir='ltr'><strong>morbos</strong></span> <span class='ocrx_word' id='word_1_238' title='bbox 943 2363 1103 2433; x_wconf 71' lang='lat' dir='ltr'><strong>philosophi</strong></span> <span class='ocrx_word' id='word_1_239' title='bbox 1127 2368 1284 2436; x_wconf 82' lang='lat' dir='ltr'><strong>appellant]</strong></span> 
     </span>
     <span class='ocr_line' id='line_1_27' title="bbox 131 2433 1283 2510; baseline 0.007 -25"><span class='ocrx_word' id='word_1_240' title='bbox 131 2434 197 2504; x_wconf 87' lang='lat' dir='ltr'><strong>Post</strong></span> <span class='ocrx_word' id='word_1_241' title='bbox 214 2433 307 2487; x_wconf 76' lang='lat' dir='ltr'><strong>animi</strong></span> <span class='ocrx_word' id='word_1_242' title='bbox 323 2434 506 2510; x_wconf 75' lang='lat' dir='ltr'><strong>distinguunt</strong></span> <span class='ocrx_word' id='word_1_243' title='bbox 523 2436 620 2508; x_wconf 77' lang='lat' dir='ltr'><strong>multi,</strong></span> <span class='ocrx_word' id='word_1_244' title='bbox 640 2436 731 2491; x_wconf 87' lang='lat' dir='ltr'><strong>Gebh.</strong></span> <span class='ocrx_word' id='word_1_245' title='bbox 751 2438 828 2506; x_wconf 71' lang='lat' dir='ltr'><strong>Ern.</strong></span> <span class='ocrx_word' id='word_1_246' title='bbox 841 2436 903 2506; x_wconf 86' lang='lat' dir='ltr'><strong>Rip.</strong></span> <span class='ocrx_word' id='word_1_247' title='bbox 923 2435 1068 2493; x_wconf 80' lang='lat' dir='ltr'><strong>FAWolf.</strong></span> <span class='ocrx_word' id='word_1_248' title='bbox 1090 2436 1172 2490; x_wconf 86' lang='lat' dir='ltr'><strong>Schz.</strong></span> <span class='ocrx_word' id='word_1_249' title='bbox 1193 2439 1283 2493; x_wconf 88' lang='lat' dir='ltr'><strong>Nobb.</strong></span> 
     </span>
     <span class='ocr_line' id='line_1_28' title="bbox 133 2505 1285 2582; baseline 0.006 -24"><span class='ocrx_word' id='word_1_250' title='bbox 133 2505 181 2558; x_wconf 86' lang='lat' dir='ltr'><strong>Or.</strong></span> <span class='ocrx_word' id='word_1_251' title='bbox 208 2505 293 2571; x_wconf 90' lang='lat' dir='ltr'><strong>male,</strong></span> <span class='ocrx_word' id='word_1_252' title='bbox 321 2505 397 2574; x_wconf 91' lang='lat' dir='ltr'><strong>quod</strong></span> <span class='ocrx_word' id='word_1_253' title='bbox 420 2505 454 2559; x_wconf 89' lang='lat' dir='ltr'><strong>ad</strong></span> <span class='ocrx_word' id='word_1_254' title='bbox 478 2506 537 2558; x_wconf 91' lang='lat' dir='ltr'><strong>loci</strong></span> <span class='ocrx_word' id='word_1_255' title='bbox 560 2516 736 2561; x_wconf 88' lang='lat' dir='ltr'><strong>structuram</strong></span> <span class='ocrx_word' id='word_1_256' title='bbox 760 2518 790 2561; x_wconf 90' lang='lat' dir='ltr'><strong>et</strong></span> <span class='ocrx_word' id='word_1_257' title='bbox 812 2507 953 2560; x_wconf 89' lang='lat' dir='ltr'><strong>rationem</strong></span> <span class='ocrx_word' id='word_1_258' title='bbox 975 2509 1206 2582; x_wconf 82' lang='lat' dir='ltr'><strong>grammaticam:</strong></span> <span class='ocrx_word' id='word_1_259' title='bbox 1236 2511 1285 2565; x_wconf 90' lang='lat' dir='ltr'><strong>scd</strong></span> 
     </span>
     <span class='ocr_line' id='line_1_29' title="bbox 133 2575 1286 2652; baseline 0.006 -23"><span class='ocrx_word' id='word_1_260' title='bbox 133 2575 208 2646; x_wconf 88' lang='lat' dir='ltr'><strong>quod</strong></span> <span class='ocrx_word' id='word_1_261' title='bbox 233 2592 265 2629; x_wconf 89' lang='lat' dir='ltr'><strong>eo</strong></span> <span class='ocrx_word' id='word_1_262' title='bbox 288 2576 445 2642; x_wconf 83' lang='lat' dir='ltr'><strong>voluerunt</strong></span> <span class='ocrx_word' id='word_1_263' title='bbox 470 2577 595 2643; x_wconf 88' lang='lat' dir='ltr'><strong>efficere,</strong></span> <span class='ocrx_word' id='word_1_264' title='bbox 626 2579 774 2644; x_wconf 79' lang='lat' dir='ltr'><strong>videlicet,</strong></span> <span class='ocrx_word' id='word_1_265' title='bbox 799 2597 834 2632; x_wconf 85' lang='lat' dir='ltr'><strong>ne</strong></span> <span class='ocrx_word' id='word_1_266' title='bbox 853 2578 1037 2652; x_wconf 80' lang='lat' dir='ltr'><strong>iungeremus</strong></span> <span class='ocrx_word' id='word_1_267' title='bbox 1062 2578 1152 2633; x_wconf 85' lang='lat' dir='ltr'><strong>animi</strong></span> <span class='ocrx_word' id='word_1_268' title='bbox 1171 2582 1286 2635; x_wconf 78' lang='lat' dir='ltr'><strong>naorbos</strong></span> 
     </span>
    </p>
   </div>
   <div class='ocr_carea' id='block_1_4' title="bbox 132 2641 1286 2797">
    <p class='ocr_par' dir='ltr' id='par_1_5' title="bbox 132 2641 1286 2797">
     <span class='ocr_line' id='line_1_30' title="bbox 132 2641 1286 2718; baseline 0.007 -19"><span class='ocrx_word' id='word_1_269' title='bbox 132 2647 181 2700; x_wconf 88' lang='lat' dir='ltr'><strong>sed</strong></span> <span class='ocrx_word' id='word_1_270' title='bbox 201 2647 429 2716; x_wconf 81' lang='lat' dir='ltr'><strong>perturbationes</strong></span> <span class='ocrx_word' id='word_1_271' title='bbox 452 2641 551 2714; x_wconf 84' lang='lat' dir='ltr'><strong>animi,</strong></span> <span class='ocrx_word' id='word_1_272' title='bbox 584 2649 614 2700; x_wconf 88' lang='lat' dir='ltr'><strong>id</strong></span> <span class='ocrx_word' id='word_1_273' title='bbox 632 2667 690 2702; x_wconf 90' lang='lat' dir='ltr'><strong>non</strong></span> <span class='ocrx_word' id='word_1_274' title='bbox 708 2649 823 2702; x_wconf 89' lang='lat' dir='ltr'><strong>videtur</strong></span> <span class='ocrx_word' id='word_1_275' title='bbox 847 2648 1064 2718; x_wconf 89' lang='lat' dir='ltr'><strong>reprobandmn.</strong></span> <span class='ocrx_word' id='word_1_276' title='bbox 1101 2649 1154 2702; x_wconf 87' lang='lat' dir='ltr'><strong>Pro</strong></span> <span class='ocrx_word' id='word_1_277' title='bbox 1172 2653 1286 2706; x_wconf 84' lang='lat' dir='ltr'><strong>morbos</strong></span> 
     </span>
     <span class='ocr_line' id='line_1_31' title="bbox 132 2716 688 2797; baseline -0.004 -25"><span class='ocrx_word' id='word_1_278' title='bbox 132 2716 200 2772; x_wconf 85' lang='lat' dir='ltr'><strong>cod.</strong></span> <span class='ocrx_word' id='word_1_279' title='bbox 220 2719 293 2793; x_wconf 79' lang='lat' dir='ltr'><strong>Aug.</strong></span> <span class='ocrx_word' id='word_1_280' title='bbox 313 2719 399 2772; x_wconf 85' lang='lat' dir='ltr'><strong>habet</strong></span> <span class='ocrx_word' id='word_1_281' title='bbox 421 2719 525 2797; x_wconf 78' lang='lat' dir='ltr'><strong>morbo.</strong></span> <span class='ocrx_word' id='word_1_282' title='bbox 562 2719 637 2772; x_wconf 58' lang='grc' dir='ltr'><strong>ΜνΡ</strong></span> <span class='ocrx_word' id='word_1_283' title='bbox 675 2769 688 2778; x_wconf 79' lang='grc'>,</span> 
     </span>
    </p>
   </div>
   <div class='ocr_carea' id='block_1_5' title="bbox 61 2807 1341 4514">
    <p class='ocr_par' dir='ltr' id='par_1_6' title="bbox 129 2807 1341 3802">
     <span class='ocr_line' id='line_1_32' title="bbox 195 2807 1283 2881; baseline 0.006 -20"><span class='ocrx_word' id='word_1_284' title='bbox 195 2814 411 2878; x_wconf 60' lang='grc'>,1113011111-</span> <span class='ocrx_word' id='word_1_285' title='bbox 429 2807 547 2873; x_wconf 84' lang='lat' dir='ltr'><strong>vacare]</strong></span> <span class='ocrx_word' id='word_1_286' title='bbox 583 2807 649 2860; x_wconf 86' lang='lat' dir='ltr'><strong>Cod.</strong></span> <span class='ocrx_word' id='word_1_287' title='bbox 676 2826 749 2861; x_wconf 88' lang='lat' dir='ltr'><strong>nnus</strong></span> <span class='ocrx_word' id='word_1_288' title='bbox 773 2809 822 2862; x_wconf 79' lang='lat' dir='ltr'><strong>Ox.</strong></span> <span class='ocrx_word' id='word_1_289' title='bbox 855 2809 1003 2880; x_wconf 79' lang='lat' dir='ltr'><strong>quicquam</strong></span> <span class='ocrx_word' id='word_1_290' title='bbox 1028 2827 1082 2881; x_wconf 90' lang='lat' dir='ltr'><strong>pro</strong></span> <span class='ocrx_word' id='word_1_291' title='bbox 1107 2825 1283 2880; x_wconf 68' lang='lat' dir='ltr'><strong>quemquami</strong></span> 
     </span>
     <span class='ocr_line' id='line_1_33' title="bbox 132 2877 1281 2950; baseline 0.005 -20"><span class='ocrx_word' id='word_1_292' title='bbox 132 2877 210 2930; x_wconf 88' lang='lat' dir='ltr'><strong>idem</strong></span> <span class='ocrx_word' id='word_1_293' title='bbox 226 2878 397 2931; x_wconf 87' lang='lat' dir='ltr'><strong>vocabulum</strong></span> <span class='ocrx_word' id='word_1_294' title='bbox 416 2880 447 2930; x_wconf 91' lang='lat' dir='ltr'><strong>in</strong></span> <span class='ocrx_word' id='word_1_295' title='bbox 466 2879 532 2932; x_wconf 84' lang='lat' dir='ltr'><strong>Cod.</strong></span> <span class='ocrx_word' id='word_1_296' title='bbox 552 2878 648 2931; x_wconf 88' lang='lat' dir='ltr'><strong>Duisb.</strong></span> <span class='ocrx_word' id='word_1_297' title='bbox 669 2880 821 2948; x_wconf 83' lang='lat' dir='ltr'><strong>reponitur</strong></span> <span class='ocrx_word' id='word_1_298' title='bbox 838 2890 902 2950; x_wconf 89' lang='lat' dir='ltr'><strong>post</strong></span> <span class='ocrx_word' id='word_1_299' title='bbox 919 2897 1031 2934; x_wconf 83' lang='lat' dir='ltr'><strong>occare.</strong></span> <span class='ocrx_word' id='word_1_300' title='bbox 1061 2884 1136 2934; x_wconf 87' lang='lat' dir='ltr'><strong>Mon.</strong></span> <span class='ocrx_word' id='word_1_301' title='bbox 1156 2885 1181 2936; x_wconf 78' lang='lat'><strong>2.</strong></span> <span class='ocrx_word' id='word_1_302' title='bbox 1207 2884 1281 2936; x_wconf 85' lang='lat' dir='ltr'><strong>Gud.</strong></span> 
     </span>
     <span class='ocr_line' id='line_1_34' title="bbox 131 2947 1283 3018; baseline 0.005 -17"><span class='ocrx_word' id='word_1_303' title='bbox 131 2947 238 3002; x_wconf 84' lang='lat' dir='ltr'><strong>habent</strong></span> <span class='ocrx_word' id='word_1_304' title='bbox 255 2948 294 3003; x_wconf 86' lang='lat' dir='ltr'><strong>iis</strong></span> <span class='ocrx_word' id='word_1_305' title='bbox 312 2966 378 3001; x_wconf 87' lang='lat' dir='ltr'><strong>cum</strong></span> <span class='ocrx_word' id='word_1_306' title='bbox 395 2950 466 3002; x_wconf 83' lang='lat' dir='ltr'><strong>Edd.</strong></span> <span class='ocrx_word' id='word_1_307' title='bbox 486 2949 514 3004; x_wconf 88' lang='lat' dir='ltr'><strong>S.</strong></span> <span class='ocrx_word' id='word_1_308' title='bbox 534 2950 568 3001; x_wconf 87' lang='grc' dir='ltr'>Ε.</span> <span class='ocrx_word' id='word_1_309' title='bbox 589 2950 747 3018; x_wconf 88' lang='lat' dir='ltr'><strong>quodvult</strong></span> <span class='ocrx_word' id='word_1_310' title='bbox 767 2951 854 3003; x_wconf 88' lang='lat' dir='ltr'><strong>etiam</strong></span> <span class='ocrx_word' id='word_1_311' title='bbox 871 2952 968 3004; x_wconf 92' lang='lat' dir='ltr'><strong>Duisb.</strong></span> <span class='ocrx_word' id='word_1_312' title='bbox 990 2951 1126 3006; x_wconf 80' lang='lat' dir='ltr'><strong>exbibens</strong></span> <span class='ocrx_word' id='word_1_313' title='bbox 1145 2951 1218 3005; x_wconf 79' lang='lat' dir='ltr'><strong>biis.-</strong></span> <span class='ocrx_word' id='word_1_314' title='bbox 1241 2954 1283 3007; x_wconf 91' lang='lat' dir='ltr'><strong>id-</strong></span> 
     </span>
     <span class='ocr_line' id='line_1_35' title="bbox 131 3021 1284 3090; baseline 0.002 -15"><span class='ocrx_word' id='word_1_315' title='bbox 131 3035 187 3086; x_wconf 80' lang='lat' dir='ltr'><strong>que</strong></span> <span class='ocrx_word' id='word_1_316' title='bbox 206 3036 256 3072; x_wconf 91' lang='lat' dir='ltr'><strong>nos</strong></span> <span class='ocrx_word' id='word_1_317' title='bbox 273 3021 462 3090; x_wconf 87' lang='lat' dir='ltr'><strong>praetulimus</strong></span> <span class='ocrx_word' id='word_1_318' title='bbox 482 3038 548 3072; x_wconf 91' lang='lat' dir='ltr'><strong>cum</strong></span> <span class='ocrx_word' id='word_1_319' title='bbox 564 3021 661 3074; x_wconf 84' lang='lat' dir='ltr'><strong>Kiihn.</strong></span> <span class='ocrx_word' id='word_1_320' title='bbox 680 3021 807 3090; x_wconf 84' lang='lat' dir='ltr'><strong>Reliqui,</strong></span> <span class='ocrx_word' id='word_1_321' title='bbox 833 3022 857 3073; x_wconf 89' lang='lat' dir='ltr'><strong>si</strong></span> <span class='ocrx_word' id='word_1_322' title='bbox 875 3022 945 3075; x_wconf 86' lang='lat' dir='ltr'><strong>fides</strong></span> <span class='ocrx_word' id='word_1_323' title='bbox 970 3023 1099 3076; x_wconf 88' lang='lat' dir='ltr'><strong>omnibus</strong></span> <span class='ocrx_word' id='word_1_324' title='bbox 1118 3024 1284 3077; x_wconf 89' lang='lat' dir='ltr'><strong>collationi·</strong></span> 
     </span>
     <span class='ocr_line' id='line_1_36' title="bbox 131 3085 1339 3172; baseline 0.006 -30"><span class='ocrx_word' id='word_1_325' title='bbox 131 3090 192 3156; x_wconf 91' lang='lat' dir='ltr'><strong>bus,</strong></span> <span class='ocrx_word' id='word_1_326' title='bbox 211 3089 267 3145; x_wconf 67' lang='lat' dir='ltr'><strong>itis.</strong></span> <span class='ocrx_word' id='word_1_327' title='bbox 292 3091 356 3143; x_wconf 85' lang='lat' dir='ltr'><strong>Vid.</strong></span> <span class='ocrx_word' id='word_1_328' title='bbox 378 3108 450 3161; x_wconf 87' lang='lat' dir='ltr'><strong>quae</strong></span> <span class='ocrx_word' id='word_1_329' title='bbox 468 3108 561 3162; x_wconf 88' lang='lat' dir='ltr'><strong>nuper</strong></span> <span class='ocrx_word' id='word_1_330' title='bbox 579 3091 735 3161; x_wconf 85' lang='lat' dir='ltr'><strong>disputavit</strong></span> <span class='ocrx_word' id='word_1_331' title='bbox 753 3092 802 3144; x_wconf 85' lang='lat' dir='ltr'><strong>vir</strong></span> <span class='ocrx_word' id='word_1_332' title='bbox 816 3093 914 3146; x_wconf 89' lang='lat' dir='ltr'><strong>doctus</strong></span> <span class='ocrx_word' id='word_1_333' title='bbox 933 3094 964 3145; x_wconf 93' lang='grc'><strong>11</strong></span> <span class='ocrx_word' id='word_1_334' title='bbox 982 3085 1078 3168; x_wconf 79' lang='lat' dir='ltr'><strong>Allg&#39;.</strong></span> <span class='ocrx_word' id='word_1_335' title='bbox 1096 3095 1280 3172; x_wconf 69' lang='lat' dir='ltr'><strong>Scjhulztg.</strong></span> <span class='ocrx_word' id='word_1_336' title='bbox 1331 3144 1339 3149; x_wconf 77' lang='grc'>,</span> 
     </span>
     <span class='ocr_line' id='line_1_37' title="bbox 133 3161 1282 3288; baseline 0.003 -71"><span class='ocrx_word' id='word_1_337' title='bbox 133 3164 210 3218; x_wconf 83' lang='grc'>1831.</span> <span class='ocrx_word' id='word_1_338' title='bbox 230 3164 267 3216; x_wconf 90' lang='lat'><strong>11.</strong></span> <span class='ocrx_word' id='word_1_339' title='bbox 299 3166 342 3218; x_wconf 81' lang='lat'><strong>76.</strong></span> <span class='ocrx_word' id='word_1_340' title='bbox 369 3165 478 3232; x_wconf 69' lang='grc'>116114.</span> <span class='ocrx_word' id='word_1_341' title='bbox 507 3161 680 3227; x_wconf 84' lang='lat' dir='ltr'><strong>(Daebnius,</strong></span> <span class='ocrx_word' id='word_1_342' title='bbox 707 3163 841 3288; x_wconf 51' lang='lat' dir='ltr'><strong>egregius</strong></span> <span class='ocrx_word' id='word_1_343' title='bbox 864 3165 994 3218; x_wconf 82' lang='lat' dir='ltr'><strong>Cornelii</strong></span> <span class='ocrx_word' id='word_1_344' title='bbox 1023 3166 1144 3235; x_wconf 89' lang='lat' dir='ltr'><strong>Nepotis</strong></span> <span class='ocrx_word' id='word_1_345' title='bbox 1171 3165 1282 3231; x_wconf 84' lang='lat' dir='ltr'><strong>editor)</strong></span> 
     </span>
     <span class='ocr_line' id='line_1_38' title="bbox 131 3233 1341 3308; baseline 0.006 -24"><span class='ocrx_word' id='word_1_346' title='bbox 131 3233 202 3303; x_wconf 85' lang='lat' dir='ltr'><strong>ibiq.</strong></span> <span class='ocrx_word' id='word_1_347' title='bbox 222 3234 316 3287; x_wconf 89' lang='lat' dir='ltr'><strong>laudd.</strong></span> <span class='ocrx_word' id='word_1_348' title='bbox 346 3233 398 3287; x_wconf 74' lang='lat' dir='ltr'><strong>Ad</strong></span> <span class='ocrx_word' id='word_1_349' title='bbox 416 3234 587 3287; x_wconf 86' lang='lat' dir='ltr'><strong>sententiam</strong></span> <span class='ocrx_word' id='word_1_350' title='bbox 604 3235 730 3287; x_wconf 75' lang='lat' dir='ltr'><strong>Nissen:</strong></span> <span class='ocrx_word' id='word_1_351' title='bbox 750 3272 768 3299; x_wconf 95' lang='lat'><em>„</em></span> <span class='ocrx_word' id='word_1_352' title='bbox 791 3235 952 3308; x_wconf 78' lang='lat' dir='ltr'><strong>yllcgismi,</strong></span> <span class='ocrx_word' id='word_1_353' title='bbox 971 3236 1021 3300; x_wconf 89' lang='lat' dir='ltr'><strong>ait,</strong></span> <span class='ocrx_word' id='word_1_354' title='bbox 1040 3235 1112 3288; x_wconf 85' lang='lat' dir='ltr'><strong>haec</strong></span> <span class='ocrx_word' id='word_1_355' title='bbox 1131 3245 1173 3289; x_wconf 89' lang='lat' dir='ltr'><strong>est</strong></span> <span class='ocrx_word' id='word_1_356' title='bbox 1190 3237 1280 3290; x_wconf 87' lang='lat' dir='ltr'><strong>ratio:</strong></span> <span class='ocrx_word' id='word_1_357' title='bbox 1339 3280 1341 3291; x_wconf 81' lang='lat'><strong>.</strong></span> 
     </span>
     <span class='ocr_line' id='line_1_39' title="bbox 131 3304 1283 3380; baseline 0.005 -26"><span class='ocrx_word' id='word_1_358' title='bbox 131 3305 233 3373; x_wconf 87' lang='lat' dir='ltr'><strong>quiin</strong></span> <span class='ocrx_word' id='word_1_359' title='bbox 252 3305 350 3359; x_wconf 91' lang='lat' dir='ltr'><strong>morbo</strong></span> <span class='ocrx_word' id='word_1_360' title='bbox 369 3314 444 3371; x_wconf 92' lang='lat' dir='ltr'><strong>sunt,</strong></span> <span class='ocrx_word' id='word_1_361' title='bbox 464 3304 524 3358; x_wconf 89' lang='lat' dir='ltr'><strong>sani</strong></span> <span class='ocrx_word' id='word_1_362' title='bbox 542 3320 601 3356; x_wconf 92' lang='lat' dir='ltr'><strong>non</strong></span> <span class='ocrx_word' id='word_1_363' title='bbox 619 3314 697 3369; x_wconf 79' lang='lat' dir='ltr'><strong>sunt3</strong></span> <span class='ocrx_word' id='word_1_364' title='bbox 723 3321 820 3358; x_wconf 81' lang='lat' dir='ltr'><strong>ornnes</strong></span> <span class='ocrx_word' id='word_1_365' title='bbox 838 3307 921 3358; x_wconf 89' lang='lat' dir='ltr'><strong>stulti</strong></span> <span class='ocrx_word' id='word_1_366' title='bbox 944 3307 976 3358; x_wconf 90' lang='grc'><strong>11</strong></span> <span class='ocrx_word' id='word_1_367' title='bbox 994 3306 1093 3359; x_wconf 90' lang='lat' dir='ltr'><strong>morbo</strong></span> <span class='ocrx_word' id='word_1_368' title='bbox 1111 3316 1186 3372; x_wconf 89' lang='lat' dir='ltr'><strong>sunt,</strong></span> <span class='ocrx_word' id='word_1_369' title='bbox 1212 3324 1283 3380; x_wconf 81' lang='lat' dir='ltr'><strong>ergo</strong></span> 
     </span>
     <span class='ocr_line' id='line_1_40' title="bbox 131 3375 1282 3448; baseline 0.003 -23"><span class='ocrx_word' id='word_1_370' title='bbox 131 3390 227 3429; x_wconf 88' lang='lat' dir='ltr'><strong>omnes</strong></span> <span class='ocrx_word' id='word_1_371' title='bbox 245 3377 327 3428; x_wconf 84' lang='lat' dir='ltr'><strong>stulti</strong></span> <span class='ocrx_word' id='word_1_372' title='bbox 345 3376 501 3428; x_wconf 83' lang='lat' dir='ltr'><strong>insaniunt.</strong></span> <span class='ocrx_word' id='word_1_373' title='bbox 530 3375 585 3428; x_wconf 90' lang='lat' dir='ltr'><strong>Sed</strong></span> <span class='ocrx_word' id='word_1_374' title='bbox 596 3393 645 3429; x_wconf 88' lang='lat' dir='ltr'><strong>suo</strong></span> <span class='ocrx_word' id='word_1_375' title='bbox 664 3376 788 3430; x_wconf 90' lang='lat' dir='ltr'><strong>modoet</strong></span> <span class='ocrx_word' id='word_1_376' title='bbox 806 3377 898 3431; x_wconf 91' lang='lat' dir='ltr'><strong>libere</strong></span> <span class='ocrx_word' id='word_1_377' title='bbox 910 3377 982 3431; x_wconf 86' lang='lat' dir='ltr'><strong>baec</strong></span> <span class='ocrx_word' id='word_1_378' title='bbox 993 3387 1094 3431; x_wconf 86' lang='lat' dir='ltr'><strong>auctor</strong></span> <span class='ocrx_word' id='word_1_379' title='bbox 1111 3377 1282 3448; x_wconf 87' lang='lat' dir='ltr'><strong>disposuit.“</strong></span> 
     </span>
     <span class='ocr_line' id='line_1_41' title="bbox 131 3444 1282 3519; baseline 0.003 -21"><span class='ocrx_word' id='word_1_380' title='bbox 131 3445 212 3498; x_wconf 90' lang='lat' dir='ltr'><strong>Unus</strong></span> <span class='ocrx_word' id='word_1_381' title='bbox 231 3444 280 3497; x_wconf 85' lang='lat' dir='ltr'><strong>Ox.</strong></span> <span class='ocrx_word' id='word_1_382' title='bbox 301 3447 413 3499; x_wconf 87' lang='lat' dir='ltr'><strong>omittit</strong></span> <span class='ocrx_word' id='word_1_383' title='bbox 436 3446 523 3498; x_wconf 87' lang='lat' dir='ltr'><strong>verba</strong></span> <span class='ocrx_word' id='word_1_384' title='bbox 548 3445 615 3499; x_wconf 88' lang='lat' dir='ltr'><strong>sani</strong></span> <span class='ocrx_word' id='word_1_385' title='bbox 633 3463 686 3500; x_wconf 90' lang='lat' dir='ltr'><strong>non</strong></span> <span class='ocrx_word' id='word_1_386' title='bbox 705 3455 775 3500; x_wconf 81' lang='lat' dir='ltr'><strong>sunt.</strong></span> <span class='ocrx_word' id='word_1_387' title='bbox 812 3449 893 3502; x_wconf 90' lang='lat' dir='ltr'><strong>Unus</strong></span> <span class='ocrx_word' id='word_1_388' title='bbox 917 3449 988 3502; x_wconf 91' lang='lat' dir='ltr'><strong>item</strong></span> <span class='ocrx_word' id='word_1_389' title='bbox 1013 3459 1077 3519; x_wconf 89' lang='lat' dir='ltr'><strong>post</strong></span> <span class='ocrx_word' id='word_1_390' title='bbox 1094 3448 1165 3502; x_wconf 82' lang='lat' dir='ltr'><strong>haec</strong></span> <span class='ocrx_word' id='word_1_391' title='bbox 1182 3466 1236 3518; x_wconf 90' lang='lat' dir='ltr'><strong>per</strong></span> <span class='ocrx_word' id='word_1_392' title='bbox 1254 3450 1282 3502; x_wconf 90' lang='lat' dir='ltr'><strong>it</strong></span> 
     </span>
     <span class='ocr_line' id='line_1_42' title="bbox 132 3512 1283 3590; baseline 0.005 -23"><span class='ocrx_word' id='word_1_393' title='bbox 132 3512 254 3583; x_wconf 84' lang='lat' dir='ltr'><strong>igitar</strong></span> <span class='ocrx_word' id='word_1_394' title='bbox 277 3524 310 3568; x_wconf 87' lang='lat' dir='ltr'><strong>et.</strong></span> <span class='ocrx_word' id='word_1_395' title='bbox 340 3518 414 3569; x_wconf 86' lang='lat' dir='ltr'><strong>Mon.</strong></span> <span class='ocrx_word' id='word_1_396' title='bbox 435 3522 458 3573; x_wconf 96' lang='lat'><strong>1.</strong></span> <span class='ocrx_word' id='word_1_397' title='bbox 487 3533 606 3571; x_wconf 87' lang='lat' dir='ltr'><strong>omnes</strong></span> <span class='ocrx_word' id='word_1_398' title='bbox 630 3517 749 3585; x_wconf 80' lang='lat' dir='ltr'><strong>igitar</strong></span> <span class='ocrx_word' id='word_1_399' title='bbox 777 3524 804 3572; x_wconf 84' lang='lat' dir='ltr'><strong>et</strong></span> <span class='ocrx_word' id='word_1_400' title='bbox 822 3519 952 3574; x_wconf 80' lang='lat' dir='ltr'><strong>omnium.</strong></span> <span class='ocrx_word' id='word_1_401' title='bbox 990 3520 1174 3590; x_wconf 88' lang='lat' dir='ltr'><strong>„Assumptio</strong></span> <span class='ocrx_word' id='word_1_402' title='bbox 1192 3539 1226 3590; x_wconf 85' lang='lat' dir='ltr'><strong>sy</strong></span> <span class='ocrx_word' id='word_1_403' title='bbox 1252 3536 1283 3573; x_wconf 94' lang='lat' dir='ltr'><strong>o-</strong></span> 
     </span>
     <span class='ocr_line' id='line_1_43' title="bbox 129 3587 1283 3663; baseline 0.005 -26"><span class='ocrx_word' id='word_1_404' title='bbox 129 3587 217 3660; x_wconf 74' lang='lat' dir='ltr'><strong>gismi</strong></span> <span class='ocrx_word' id='word_1_405' title='bbox 235 3587 303 3640; x_wconf 88' lang='lat' dir='ltr'><strong>alias</strong></span> <span class='ocrx_word' id='word_1_406' title='bbox 321 3604 379 3641; x_wconf 92' lang='lat' dir='ltr'><strong>non</strong></span> <span class='ocrx_word' id='word_1_407' title='bbox 397 3605 450 3658; x_wconf 87' lang='lat' dir='ltr'><strong>per</strong></span> <span class='ocrx_word' id='word_1_408' title='bbox 467 3594 494 3640; x_wconf 83' lang='lat' dir='ltr'><strong>et</strong></span> <span class='ocrx_word' id='word_1_409' title='bbox 512 3587 689 3663; x_wconf 82' lang='lat' dir='ltr'><strong>adiungitur,</strong></span> <span class='ocrx_word' id='word_1_410' title='bbox 708 3591 759 3642; x_wconf 87' lang='lat' dir='ltr'><strong>sed·</strong></span> <span class='ocrx_word' id='word_1_411' title='bbox 770 3607 824 3660; x_wconf 88' lang='lat' dir='ltr'><strong>per</strong></span> <span class='ocrx_word' id='word_1_412' title='bbox 842 3597 880 3656; x_wconf 85' lang='lat' dir='ltr'><strong>at,</strong></span> <span class='ocrx_word' id='word_1_413' title='bbox 899 3592 964 3645; x_wconf 84' lang='lat' dir='ltr'><strong>sed.-</strong></span> <span class='ocrx_word' id='word_1_414' title='bbox 984 3600 1012 3644; x_wconf 88' lang='lat' dir='ltr'><strong>et</strong></span> <span class='ocrx_word' id='word_1_415' title='bbox 1023 3591 1165 3643; x_wconf 87' lang='lat' dir='ltr'><strong>alterutra</strong></span> <span class='ocrx_word' id='word_1_416' title='bbox 1177 3591 1283 3644; x_wconf 87' lang='lat' dir='ltr'><strong>harum</strong></span> 
     </span>
     <span class='ocr_line' id='line_1_44' title="bbox 131 3657 1282 3733; baseline 0.004 -23"><span class='ocrx_word' id='word_1_417' title='bbox 131 3658 340 3727; x_wconf 87' lang='lat' dir='ltr'><strong>particularum</strong></span> <span class='ocrx_word' id='word_1_418' title='bbox 359 3660 436 3712; x_wconf 90' lang='lat' dir='ltr'><strong>forte</strong></span> <span class='ocrx_word' id='word_1_419' title='bbox 455 3657 486 3723; x_wconf 91' lang='lat' dir='ltr'><strong>[i.</strong></span> <span class='ocrx_word' id='word_1_420' title='bbox 507 3675 531 3712; x_wconf 91' lang='lat' dir='ltr'><strong>e.</strong></span> <span class='ocrx_word' id='word_1_421' title='bbox 552 3660 680 3726; x_wconf 85' lang='lat' dir='ltr'><strong>fortasse]</strong></span> <span class='ocrx_word' id='word_1_422' title='bbox 701 3661 864 3730; x_wconf 85' lang='lat' dir='ltr'><strong>reponenda</strong></span> <span class='ocrx_word' id='word_1_423' title='bbox 883 3670 932 3714; x_wconf 89' lang='lat' dir='ltr'><strong>est.</strong></span> <span class='ocrx_word' id='word_1_424' title='bbox 971 3664 1051 3714; x_wconf 86' lang='lat' dir='ltr'><strong>Infra</strong></span> <span class='ocrx_word' id='word_1_425' title='bbox 1069 3679 1092 3713; x_wconf 90' lang='lat' dir='ltr'><strong>c.</strong></span> <span class='ocrx_word' id='word_1_426' title='bbox 1113 3667 1138 3717; x_wconf 82' lang='lat'><strong>7.</strong></span> <span class='ocrx_word' id='word_1_427' title='bbox 1166 3680 1211 3733; x_wconf 85' lang='lat' dir='ltr'><strong>pr.</strong></span> <span class='ocrx_word' id='word_1_428' title='bbox 1239 3671 1282 3716; x_wconf 88' lang='lat' dir='ltr'><strong>est</strong></span> 
     </span>
     <span class='ocr_line' id='line_1_45' title="bbox 131 3729 1283 3802; baseline 0.005 -23"><span class='ocrx_word' id='word_1_429' title='bbox 131 3736 213 3796; x_wconf 81' lang='lat' dir='ltr'><strong>atque</strong></span> <span class='ocrx_word' id='word_1_430' title='bbox 231 3729 263 3780; x_wconf 91' lang='lat' dir='ltr'><strong>in</strong></span> <span class='ocrx_word' id='word_1_431' title='bbox 281 3729 483 3799; x_wconf 87' lang='lat' dir='ltr'><strong>assumptione,</strong></span> <span class='ocrx_word' id='word_1_432' title='bbox 501 3730 552 3780; x_wconf 92' lang='lat' dir='ltr'><strong>nbi</strong></span> <span class='ocrx_word' id='word_1_433' title='bbox 569 3731 637 3783; x_wconf 87' lang='lat' dir='ltr'><strong>Dav.</strong></span> <span class='ocrx_word' id='word_1_434' title='bbox 658 3732 786 3784; x_wconf 83' lang='lat' dir='ltr'><strong>correxit</strong></span> <span class='ocrx_word' id='word_1_435' title='bbox 804 3731 914 3802; x_wconf 84' lang='lat' dir='ltr'><strong>atqui.“</strong></span> <span class='ocrx_word' id='word_1_436' title='bbox 933 3734 1003 3788; x_wconf 85' lang='lat' dir='ltr'><strong>Ern.</strong></span> <span class='ocrx_word' id='word_1_437' title='bbox 1040 3734 1106 3785; x_wconf 91' lang='lat' dir='ltr'><strong>Non</strong></span> <span class='ocrx_word' id='word_1_438' title='bbox 1123 3734 1283 3786; x_wconf 84' lang='lat' dir='ltr'><strong>necessaria</strong></span> 
     </span>
    </p>

    <p class='ocr_par' dir='ltr' id='par_1_7' title="bbox 61 3799 1282 4136">
     <span class='ocr_line' id='line_1_46' title="bbox 61 3799 1281 3869; baseline 0.002 -17"><span class='ocrx_word' id='word_1_439' title='bbox 61 3865 64 3869; x_wconf 12' lang='grc' dir='ltr'><em>γ</em></span> <span class='ocrx_word' id='word_1_440' title='bbox 131 3807 174 3852; x_wconf 86' lang='lat' dir='ltr'><strong>est</strong></span> <span class='ocrx_word' id='word_1_441' title='bbox 197 3799 328 3854; x_wconf 88' lang='lat' dir='ltr'><strong>mutatio.</strong></span> <span class='ocrx_word' id='word_1_442' title='bbox 350 3827 383 3836; x_wconf 95' lang='lat'><em>—</em></span> <span class='ocrx_word' id='word_1_443' title='bbox 422 3801 515 3854; x_wconf 87' lang='lat' dir='ltr'><strong>Verba</strong></span> <span class='ocrx_word' id='word_1_444' title='bbox 541 3807 568 3854; x_wconf 88' lang='lat' dir='ltr'><strong>et</strong></span> <span class='ocrx_word' id='word_1_445' title='bbox 592 3801 714 3855; x_wconf 87' lang='lat' dir='ltr'><strong>omnium</strong></span> <span class='ocrx_word' id='word_1_446' title='bbox 732 3833 766 3844; x_wconf 93' lang='lat'><strong>-—</strong></span> <span class='ocrx_word' id='word_1_447' title='bbox 789 3802 820 3854; x_wconf 87' lang='lat' dir='ltr'><strong>in</strong></span> <span class='ocrx_word' id='word_1_448' title='bbox 844 3804 939 3856; x_wconf 86' lang='lat' dir='ltr'><strong>morbo</strong></span> <span class='ocrx_word' id='word_1_449' title='bbox 962 3809 1025 3856; x_wconf 85' lang='lat' dir='ltr'><strong>sant</strong></span> <span class='ocrx_word' id='word_1_450' title='bbox 1048 3803 1225 3856; x_wconf 87' lang='lat' dir='ltr'><strong>omittuntur</strong></span> <span class='ocrx_word' id='word_1_451' title='bbox 1249 3805 1281 3855; x_wconf 91' lang='lat' dir='ltr'><strong>in</strong></span> 
     </span>
     <span class='ocr_line' id='line_1_47' title="bbox 130 3869 1280 3934; baseline 0.004 -14"><span class='ocrx_word' id='word_1_452' title='bbox 130 3869 236 3922; x_wconf 88' lang='lat' dir='ltr'><strong>duobus</strong></span> <span class='ocrx_word' id='word_1_453' title='bbox 264 3869 344 3934; x_wconf 67' lang='lat' dir='ltr'><strong>Oxx„</strong></span> <span class='ocrx_word' id='word_1_454' title='bbox 377 3887 449 3929; x_wconf 84' lang='lat' dir='ltr'><strong>unus</strong></span> <span class='ocrx_word' id='word_1_455' title='bbox 477 3872 586 3925; x_wconf 90' lang='lat' dir='ltr'><strong>omittit</strong></span> <span class='ocrx_word' id='word_1_456' title='bbox 613 3873 711 3926; x_wconf 87' lang='lat' dir='ltr'><strong>animi.</strong></span> <span class='ocrx_word' id='word_1_457' title='bbox 739 3873 824 3925; x_wconf 88' lang='lat' dir='ltr'><strong>Vind.</strong></span> <span class='ocrx_word' id='word_1_458' title='bbox 846 3878 868 3928; x_wconf 92' lang='lat'><strong>1.</strong></span> <span class='ocrx_word' id='word_1_459' title='bbox 900 3873 986 3927; x_wconf 84' lang='lat' dir='ltr'><strong>habet</strong></span> <span class='ocrx_word' id='word_1_460' title='bbox 1012 3873 1042 3926; x_wconf 90' lang='lat' dir='ltr'><strong>in</strong></span> <span class='ocrx_word' id='word_1_461' title='bbox 1067 3877 1162 3928; x_wconf 81' lang='lat' dir='ltr'><strong>morbo</strong></span> <span class='ocrx_word' id='word_1_462' title='bbox 1181 3875 1280 3929; x_wconf 88' lang='lat' dir='ltr'><strong>animi.</strong></span> 
     </span>
     <span class='ocr_line' id='line_1_48' title="bbox 130 3940 1282 4015; baseline 0.003 -22"><span class='ocrx_word' id='word_1_463' title='bbox 130 3940 210 3993; x_wconf 89' lang='lat' dir='ltr'><strong>ldem</strong></span> <span class='ocrx_word' id='word_1_464' title='bbox 228 3957 293 3993; x_wconf 90' lang='lat' dir='ltr'><strong>cum</strong></span> <span class='ocrx_word' id='word_1_465' title='bbox 312 3940 394 3995; x_wconf 87' lang='lat' dir='ltr'><strong>Vind.</strong></span> <span class='ocrx_word' id='word_1_466' title='bbox 415 3944 440 3996; x_wconf 77' lang='lat'><em>2</em></span> <span class='ocrx_word' id='word_1_467' title='bbox 460 3942 547 3996; x_wconf 87' lang='lat' dir='ltr'><strong>Rehd.</strong></span> <span class='ocrx_word' id='word_1_468' title='bbox 569 3943 643 3996; x_wconf 89' lang='lat' dir='ltr'><strong>Gud.</strong></span> <span class='ocrx_word' id='word_1_469' title='bbox 661 3944 758 3997; x_wconf 89' lang='lat' dir='ltr'><strong>Duisb.</strong></span> <span class='ocrx_word' id='word_1_470' title='bbox 779 3959 872 3996; x_wconf 86' lang='lat' dir='ltr'><strong>omnes</strong></span> <span class='ocrx_word' id='word_1_471' title='bbox 890 3943 984 4011; x_wconf 78' lang='lat' dir='ltr'><strong>igitar</strong></span> <span class='ocrx_word' id='word_1_472' title='bbox 1002 3944 1175 4015; x_wconf 71' lang='lat' dir='ltr'><strong>insipienter.</strong></span> <span class='ocrx_word' id='word_1_473' title='bbox 1201 3949 1282 4000; x_wconf 89' lang='lat' dir='ltr'><strong>Unus</strong></span> 
     </span>
     <span class='ocr_line' id='line_1_49' title="bbox 131 4010 1280 4134; baseline 0.006 -72"><span class='ocrx_word' id='word_1_474' title='bbox 131 4010 287 4134; x_wconf 51' lang='lat' dir='ltr'><strong>Omnlplabpt</strong></span> <span class='ocrx_word' id='word_1_475' title='bbox 305 4010 437 4078; x_wconf 85' lang='lat' dir='ltr'><strong>sanitate,</strong></span> <span class='ocrx_word' id='word_1_476' title='bbox 457 4013 560 4067; x_wconf 88' lang='lat' dir='ltr'><strong>omisso</strong></span> <span class='ocrx_word' id='word_1_477' title='bbox 578 4015 665 4068; x_wconf 87' lang='lat' dir='ltr'><strong>enim:</strong></span> <span class='ocrx_word' id='word_1_478' title='bbox 700 4032 786 4085; x_wconf 83' lang='lat' dir='ltr'><strong>quam</strong></span> <span class='ocrx_word' id='word_1_479' title='bbox 803 4031 904 4070; x_wconf 87' lang='lat' dir='ltr'><strong>vocem</strong></span> <span class='ocrx_word' id='word_1_480' title='bbox 922 4017 1062 4070; x_wconf 89' lang='lat' dir='ltr'><strong>omittunt</strong></span> <span class='ocrx_word' id='word_1_481' title='bbox 1079 4019 1172 4082; x_wconf 28' lang='lat' dir='ltr'><strong>,etiam</strong></span> <span class='ocrx_word' id='word_1_482' title='bbox 1190 4016 1280 4072; x_wconf 85' lang='lat' dir='ltr'><strong>Rehd.</strong></span> 
     </span>
     <span class='ocr_line' id='line_1_50' title="bbox 130 4082 1052 4136; baseline 0.003 -2"><span class='ocrx_word' id='word_1_483' title='bbox 130 4090 160 4134; x_wconf 91' lang='lat' dir='ltr'><strong>et</strong></span> <span class='ocrx_word' id='word_1_484' title='bbox 231 4082 280 4133; x_wconf 87' lang='lat' dir='ltr'><strong>&#39;s.</strong></span> <span class='ocrx_word' id='word_1_485' title='bbox 317 4084 377 4136; x_wconf 86' lang='lat' dir='ltr'><strong>Mr.</strong></span> <span class='ocrx_word' id='word_1_486' title='bbox 1049 4107 1052 4111; x_wconf 60' lang='grc'>’</span> 
     </span>
    </p>

    <p class='ocr_par' dir='ltr' id='par_1_8' title="bbox 128 4149 1281 4514">
     <span class='ocr_line' id='line_1_51' title="bbox 200 4149 1281 4225; baseline 0.007 -21"><span class='ocrx_word' id='word_1_487' title='bbox 200 4149 246 4205; x_wconf 82' lang='lat' dir='ltr'><strong>bis</strong></span> <span class='ocrx_word' id='word_1_488' title='bbox 269 4155 352 4207; x_wconf 81' lang='lat' dir='ltr'><strong>redas</strong></span> <span class='ocrx_word' id='word_1_489' title='bbox 374 4162 490 4209; x_wconf 86' lang='lat' dir='ltr'><strong>mentem</strong></span> <span class='ocrx_word' id='word_1_490' title='bbox 514 4173 630 4210; x_wconf 81' lang='lat' dir='ltr'><strong>caenam</strong></span> <span class='ocrx_word' id='word_1_491' title='bbox 653 4157 831 4225; x_wconf 82' lang='lat' dir='ltr'><strong>appellarant</strong></span> <span class='ocrx_word' id='word_1_492' title='bbox 855 4157 1048 4223; x_wconf 86' lang='lat' dir='ltr'><strong>insaniam]</strong></span> <span class='ocrx_word' id='word_1_493' title='bbox 1084 4159 1155 4224; x_wconf 89' lang='lat' dir='ltr'><strong>„Sic</strong></span> <span class='ocrx_word' id='word_1_494' title='bbox 1174 4159 1281 4212; x_wconf 84' lang='lat' dir='ltr'><strong>habent</strong></span> 
     </span>
     <span class='ocr_line' id='line_1_52' title="bbox 129 4225 1279 4299; baseline 0.008 -25"><span class='ocrx_word' id='word_1_495' title='bbox 129 4238 226 4277; x_wconf 88' lang='lat' dir='ltr'><strong>omnes</strong></span> <span class='ocrx_word' id='word_1_496' title='bbox 245 4225 336 4276; x_wconf 89' lang='lat' dir='ltr'><strong>nostri</strong></span> <span class='ocrx_word' id='word_1_497' title='bbox 354 4225 424 4280; x_wconf 90' lang='lat' dir='ltr'><strong>libri</strong></span> <span class='ocrx_word' id='word_1_498' title='bbox 442 4236 567 4281; x_wconf 85' lang='lat' dir='ltr'><strong>veteres:</strong></span> <span class='ocrx_word' id='word_1_499' title='bbox 587 4245 682 4298; x_wconf 86' lang='lat' dir='ltr'><strong>neque</strong></span> <span class='ocrx_word' id='word_1_500' title='bbox 700 4228 794 4293; x_wconf 86' lang='lat' dir='ltr'><strong>video,</strong></span> <span class='ocrx_word' id='word_1_501' title='bbox 814 4247 900 4298; x_wconf 90' lang='lat' dir='ltr'><strong>quam</strong></span> <span class='ocrx_word' id='word_1_502' title='bbox 921 4232 1037 4284; x_wconf 90' lang='lat' dir='ltr'><strong>obrem</strong></span> <span class='ocrx_word' id='word_1_503' title='bbox 1056 4230 1207 4299; x_wconf 87' lang='lat' dir='ltr'><strong>quisquam</strong></span> <span class='ocrx_word' id='word_1_504' title='bbox 1225 4230 1279 4283; x_wconf 84' lang='lat' dir='ltr'><strong>hac</strong></span> 
     </span>
     <span class='ocr_line' id='line_1_53' title="bbox 129 4294 1279 4374; baseline 0.009 -28"><span class='ocrx_word' id='word_1_505' title='bbox 129 4294 272 4364; x_wconf 88' lang='lat' dir='ltr'><strong>scriptura</strong></span> <span class='ocrx_word' id='word_1_506' title='bbox 298 4294 406 4350; x_wconf 84' lang='lat' dir='ltr'><strong>offendi</strong></span> <span class='ocrx_word' id='word_1_507' title='bbox 424 4307 543 4368; x_wconf 69' lang='lat' dir='ltr'><strong>posset.⁴</strong></span> <span class='ocrx_word' id='word_1_508' title='bbox 564 4300 604 4350; x_wconf 86' lang='lat' dir='ltr'><strong>Et</strong></span> <span class='ocrx_word' id='word_1_509' title='bbox 630 4306 727 4352; x_wconf 90' lang='lat' dir='ltr'><strong>tamen</strong></span> <span class='ocrx_word' id='word_1_510' title='bbox 752 4300 903 4354; x_wconf 83' lang='lat' dir='ltr'><strong>Turnebus</strong></span> <span class='ocrx_word' id='word_1_511' title='bbox 926 4300 992 4354; x_wconf 86' lang='lat' dir='ltr'><strong>vult</strong></span> <span class='ocrx_word' id='word_1_512' title='bbox 1014 4300 1075 4374; x_wconf 84' lang='lat' dir='ltr'><strong>legi</strong></span> <span class='ocrx_word' id='word_1_513' title='bbox 1100 4302 1279 4370; x_wconf 78' lang='lat' dir='ltr'><strong>appellarant</strong></span> 
     </span>
     <span class='ocr_line' id='line_1_54' title="bbox 129 4363 1279 4446; baseline 0.009 -30"><span class='ocrx_word' id='word_1_514' title='bbox 129 4363 308 4419; x_wconf 83' lang='lat' dir='ltr'><strong>insanam:</strong></span> <span class='ocrx_word' id='word_1_515' title='bbox 334 4384 425 4439; x_wconf 87' lang='lat' dir='ltr'><strong>aqna</strong></span> <span class='ocrx_word' id='word_1_516' title='bbox 444 4369 588 4424; x_wconf 81' lang='grc'>(1111111110.</span> <span class='ocrx_word' id='word_1_517' title='bbox 625 4370 725 4423; x_wconf 88' lang='lat' dir='ltr'><strong>Multis</strong></span> <span class='ocrx_word' id='word_1_518' title='bbox 743 4380 839 4427; x_wconf 86' lang='lat' dir='ltr'><strong>antem</strong></span> <span class='ocrx_word' id='word_1_519' title='bbox 861 4373 928 4425; x_wconf 90' lang='lat' dir='ltr'><strong>aliis</strong></span> <span class='ocrx_word' id='word_1_520' title='bbox 946 4372 1123 4446; x_wconf 75' lang='lat' dir='ltr'><strong>argumentis</strong></span> <span class='ocrx_word' id='word_1_521' title='bbox 1141 4373 1279 4434; x_wconf 75' lang='lat' dir='ltr'><strong>refellere</strong></span> 
     </span>
     <span class='ocr_line' id='line_1_55' title="bbox 128 4436 1279 4514; baseline 0.008 -25"><span class='ocrx_word' id='word_1_522' title='bbox 128 4443 196 4491; x_wconf 82' lang='lat' dir='ltr'><strong>cum</strong></span> <span class='ocrx_word' id='word_1_523' title='bbox 214 4436 295 4494; x_wconf 88' lang='lat' dir='ltr'><strong>illius</strong></span> <span class='ocrx_word' id='word_1_524' title='bbox 312 4439 479 4511; x_wconf 87' lang='lat' dir='ltr'><strong>opinionem</strong></span> <span class='ocrx_word' id='word_1_525' title='bbox 496 4440 610 4511; x_wconf 84' lang='lat' dir='ltr'><strong>possim,</strong></span> <span class='ocrx_word' id='word_1_526' title='bbox 628 4438 674 4495; x_wconf 86' lang='lat' dir='ltr'><strong>his</strong></span> <span class='ocrx_word' id='word_1_527' title='bbox 697 4441 804 4498; x_wconf 80' lang='lat' dir='ltr'><strong>duobus</strong></span> <span class='ocrx_word' id='word_1_528' title='bbox 821 4452 975 4499; x_wconf 86' lang='lat' dir='ltr'><strong>contentus</strong></span> <span class='ocrx_word' id='word_1_529' title='bbox 997 4459 1059 4498; x_wconf 88' lang='lat' dir='ltr'><strong>ero:</strong></span> <span class='ocrx_word' id='word_1_530' title='bbox 1078 4444 1208 4514; x_wconf 85' lang='lat' dir='ltr'><strong>primum</strong></span> <span class='ocrx_word' id='word_1_531' title='bbox 1227 4451 1279 4511; x_wconf 85' lang='lat' dir='ltr'><strong>est,</strong></span> 
     </span>
    </p>
   </div>
   <div class='ocr_carea' id='block_1_6' title="bbox 0 0 1426 5070">
    <p class='ocr_par' dir='ltr' id='par_1_9' title="bbox 0 0 1426 5070">
     <span class='ocr_line' id='line_1_56' title="bbox 0 0 1426 5070; baseline 0 3"><span class='ocrx_word' id='word_1_532' title='bbox 0 0 1426 5070; x_wconf 95' lang='lat' dir='ltr'><strong> </strong></span> 
     </span>
    </p>
   </div>
  </div>
 </body>
</html>
