2842 5070
68 356 73 361 ,
147 285 210 352 sse
339 283 568 350 crcnaoms
589 271 847 351 rasennam·
860 265 1089 350 uisrurnr.

88 449 131 502 44·
152 447 228 511 dem
255 458 334 511 sunt
364 449 486 512 vitiosa
515 452 692 514 nascentia.
742 448 928 537 Aegritndo
958 460 1069 513 autem
1097 459 1302 536 ceteraeque
1328 476 1332 482 ·

69 601 72 611 Ι
148 532 430 613 perturbationes,
466 533 690 614 amplificatae
720 541 822 611 certe,
858 534 1035 613 pestiferae
1063 543 1159 596 suut:
1192 537 1302 622 igitur

150 616 250 675 etiam
282 622 453 696 susceptae
479 618 640 677 contiuuo
668 618 704 676 in
725 635 843 702 magna
865 618 966 695 pestis
988 624 1084 696 parte
1104 629 1300 681 versantur.

148 696 190 757 Et
210 697 299 758 enim
320 699 412 779 ipsae
432 717 467 760 se
488 699 675 778 impellunt,
701 698 760 760 ubi
782 700 882 761 semel
909 717 928 758 a
960 700 1092 760 ratione
1120 698 1301 764 discessum

147 788 217 841 est:
238 781 372 860 ipsaque
393 779 458 842 sibi
479 781 687 846 imbecillitas
708 778 872 864 indulget,
894 781 930 840 iu
950 780 1127 862 altumque.
1140 785 1300 862 provehi·

147 872 206 925 tur
222 860 441 942 imprudens,
473 881 534 924 uec
565 865 696 944 reperit
726 863 838 924 locum
867 861 1080 925 consistendi.
1126 865 1235 928 Quam
1256 868 1298 928 ob

63 944 321 1024 p,210‚rem»uihil
341 946 493 1020 interest,
522 954 637 1005 utrum
665 944 850 1006 moderatas
878 945 1148 1025 perturbationes
1176 967 1299 1031 appro-

90 1043 120 1077 2·
149 1028 240 1104 bent,
262 1045 304 1086 an
325 1024 529 1088 moderatam
553 1028 765 1105 iniustitiam,
797 1025 1001 1097 moderatam
1023 1029 1204 1114 ignaviam,
1231 1051 1300 1092 rno-

149 1108 298 1171 deratam
320 1110 620 1188 intemperantiam.
670 1110 735 1172 Qui
756 1111 844 1170 euim
864 1111 960 1170 vitiis
991 1108 1128 1172 modum
1148 1116 1301 1194 apponit,

99 1234 101 1239 ,
148 1191 176 1252 is
197 1200 326 1274 partem
348 1193 487 1271 suscipit
508 1189 679 1269 vitiorum.
702 1191 797 1272 Quod
819 1212 920 1274 quum
943 1193 1051 1274 ipsum
1074 1213 1135 1274 per
1156 1215 1191 1257 se
1208 1195 1302 1258 odio-

149 1293 221 1336 sum
243 1282 305 1352 est,
338 1281 410 1334 tum
440 1291 479 1341 eo
501 1273 692 1364 molestius3
723 1275 801 1355 quia
821 1283 901 1336 sunt
920 1275 956 1333 in
978 1274 1123 1355 lubrico,
1145 1278 1300 1341 incitatass

219 1439 377 1508 Aegritado
400 1447 492 1495 autem
520 1447 677 1511 ceteraeque
700 1440 939 1508 perturbationes]
985 1443 1065 1496 Unus
1092 1443 1142 1495 Ox.
1175 1452 1205 1495 et
1232 1444 1299 1497 Cod.

54 1513 57 1519 '
150 1512 224 1566 Gud.
244 1512 473 1580 aegritudines,
502 1512 575 1565 Gud.
594 1517 620 1570 2.
650 1513 836 1581 emittitque
874 1521 917 1564 ost
941 1518 1058 1565 ceterae.
1094 1513 1159 1566 Duo
1179 1514 1248 1567 Oxx.
1269 1516 1301 1566 in

72 1626 77 1635 ,
148 1601 226 1653 seqq.
253 1584 499 1647 omittentem,
525 1603 598 1636 unus
624 1583 710 1636 habet
735 1590 819 1636 certo.
846 1530 921 1636 dud.
944 1583 1032 1637 habet
1056 1591 1119 1637 sant
1134 1583 1298 1653 pestiferae.

146 1655 231 1708 Viud.
253 1658 277 1708 1.
296 1653 391 1720 igitar
410 1659 457 1720 et,
475 1654 570 1706 minus
588 1655 623 1707 ad
637 1671 747 1723 morem
766 1654 921 1707 Ciceronis.
959 1654 1114 1708 Commode
1131 1654 1248 1707 adhibet
1266 1657 1301 1708 ad

146 1726 318 1779 sententiam
336 1722 496 1779 Ochsnerus
515 1726 598 1789 (Eclo
642 1765 648 1776 .
668 1717 727 1778 Cic.
747 1743 775 1794 p.
798 1727 848 1780 1113
866 1725 920 1794 sq.)
934 1769 937 1784 .
949 1725 1010 1778 Cic.
1029 1726 1064 1779 de
1083 1726 1178 1778 Finib.
1199 1726 1253 1778 111.
1266 1729 1298 1781 9.

146 1799 189 1853 32.
226 1795 269 1848 Ad
286 1814 314 1847 v.
333 1795 462 1849 continno
481 1743 712 1849 confengluscc:
731 1797 769 1848 ll.
790 1799 832 1850 19.
853 1795 898 1851 45.
919 1827 952 1838 -
979 1796 1048 1849 Cod.
1076 1797 1161 1849 Vind.
1180 1799 1207 1851 2.
1234 1814 1301 1849 cum

147 1864 268 1941 August.
288 1866 373 1919 habet
388 1873 471 1937 parte
486 1863 582 1935 perlis.
603 1867 676 1921 Gud.
696 1868 721 1920 2.
741 1866 853 1919 omittit
868 1867 969 1934 pestis.
1006 1868 1142 1921 Ceterum
1159 1869 1222 1919 fere
1241 1868 1301 1920 sin-

145 1938 255 2066 lum
283 1945 326 1990 est
347 1938 456 1991 locutio
482 1937 595 1991 versari
623 1936 654 1991 in
677 1953 782 2005 magna
809 1936 899 2004 pestis
914 1943 1011 2006 parte.
1058 1937 1223 1991 Consimilis
1258 1947 1301 1991 est

171 2025 247 2062 uscc.
269 2009 321 2063 111.
341 2009 367 2063 2.
386 2012 418 2064 3:
449 2008 481 2063 in
503 2025 608 2061 sumam
626 2007 766 2061 inanitate
783 2009 910 2076 versari3
941 2010 973 2059 in
991 2009 1075 2062 Catil.
1096 2010 1142 2062 IV.
1162 2010 1189 2063 4.
1214 2012 1245 2063 7:
1269 2009 1316 2061 in-

50 2103 62 2124 ‘=
143 2095 251 2136 summa
268 2079 418 2133 severitate
435 2080 555 2133 versari.
576 2112 609 2122 -
628 2080 728 2150 Pergit
744 2080 887 2131 unus'Ox.
908 2080 945 2132 Et
965 2079 1038 2132 enim
1061 2078 1132 2147 ipse
1150 2093 1182 2131 se
1200 2079 1299 2145 impel-

146 2152 202 2207 lit.
221 2151 317 2203 Duisb.
339 2152 441 2205 etenim
459 2167 489 2203 se
506 2152 586 2220 ipsae
604 2150 761 2218 impellant.
780 2149 872 2203 Habet
890 2151 978 2202 etiam
996 2149 1067 2203 (lud.
1088 2153 1111 2213 l.
1130 2148 1199 2216 ipse,
1218 2150 1296 2202 unde

145 2222 178 2275 in
196 2222 249 2275 illo
268 2221 336 2276 cod.
356 2223 405 2276 Ox.
426 2222 517 2274 altera
535 2223 692 2291 corruptio,
711 2220 840 2290 impellit,
854 2239 948 2291 prava
966 2219 1141 2274 correctione
1160 2227 1225 2271 orta
1242 2227 1297 2272 est.

42 2328 48 2338 ι
144 2293 190 2346 Ad
207 2293 384 2345 locutionem
402 2301 550 2360 comparat
568 2291 670 2347 Ochsn.
690 2292 711 2342 l.
732 2308 757 2352 c.
776 2291 914 2344 Senecam
931 2290 1027 2362 Epist.
1044 2289 1144 2344 CXVI:
1164 2289 1300 2342 Imbecil-

146 2363 185 2417 iis
204 2368 244 2415 est
259 2364 352 2430 primo
370 2364 603 2429 omnisaffeetase
623 2361 725 2416 deinde
743 2362 819 2431 ipse
837 2378 872 2414 se
890 2361 1065 2426 concitat,
1084 2365 1112 2414 et
1128 2361 1215 2425 eires,
1235 2361 1302 2414 dum

143 2431 319 2558 111ῗὲἒὲὲέ
318 2438 451 2556 libas
457 2433 529 2557 <tt
532 2470 539 2484 '
550 2434 585 2560 ἓ
586 2433 895 2562 “letttt‘ttt
908 2432 1250 2557 bttttttdttt
1251 2449 1301 2554 t?

89 2586 92 2595 '
143 2574 327 2628 Doederlein.
347 2576 441 2626 Lectt.
461 2545 572 2627 Horatt.
593 2573 724 2649 [Erlang.
746 2578 823 2632 1828.
842 2575 882 2642 4.]
896 2522 936 2643 ξι
949 2576 997 2629 14:
1017 2573 1068 2642 qui
1080 2573 1178 2627 laudat
1198 2573 1234 2625 de
1252 2573 1298 2626 Or.

113 2680 114 2683 =
143 2645 197 2701 ΙΙΙ.
217 2650 265 2701 36:
286 2644 408 2713 Repente
426 2651 452 2697 te
470 2677 503 2688 -
522 2651 617 2698 aestas
636 2643 750 2710 ingenii
774 2677 806 2688 -
833 2648 864 2700 in
892 2646 982 2697 altam
1005 2643 1086 2710 quasi
1108 2661 1126 2697 a
1151 2650 1299 2712 conspecta

143 2747 179 2761 -
198 2718 320 2780 emnium
337 2717 486 2770 abstraxit.
508 2747 541 2758 -
560 2718 626 2768 ltlox
644 2715 710 2768 Cod.
729 2715 826 2768 Duisb.
847 2714 992 2785 repperit
1009 2714 1118 2781 locum,
1142 2715 1232 2785 Marb.
1254 2731 1298 2768 re-

144 2787 214 2857 cipit
231 2790 327 2841 torem.
353 2786 438 2837 Vind.
460 2785 747 2841 1.a.satststenai.
784 2788 859 2840 Mr..
1034 2783 1039 2793 '
1108 2832 1110 2837 .

214 2848 654 2923 moderataminia‘stitiam]
696 2858 776 2911 Unus
807 2859 863 2911 Ox.¹
887 2856 1061 2909 moderatam
1093 2852 1297 2920 iustitiam,

142 2927 285 2991 facillimo
300 2929 392 2997 lapsu.
430 2927 512 2979 Alius
529 2928 629 3000 pergit
645 2927 821 2981 moderatam
838 2928 851 2981 i
855 2925 977 2996 gnomi
982 2926 1020 2979 ni
1026 2941 1094 2991 am,
1113 2934 1178 2978 tum
1190 2925 1297 2981 (tuta.

144 3006 173 3051 et
191 2997 265 3074 Aug.
291 3000 465 3052 moderatam
489 2999 773 3066 temperantiam.
816 2999 922 3052 Contra
948 2997 1122 3050 sententiam
1145 2996 1298 3050 Beroaldus

142 3067 231 3123 haec:
250 3070 387 3136 „Verum
404 3069 483 3122 aliud
500 3078 542 3121 est
559 3067 718 3121 moderatas
742 3086 801 3122 esse
825 3067 1071 3139 perturbationes:
1100 3066 1181 3120 aliud
1205 3067 1299 3120 mode-

144 3150 236 3194 ratam
254 3140 428 3194 iniustitiam
447 3149 476 3193 et
494 3140 647 3214 ignaviam.
684 3140 914 3193 Perturbationes
934 3139 1012 3191 enim
1029 3139 1090 3191 sive
1118 3135 1239 3191 affectus
1257 3138 1300 3190 in·

165 3219 287 3265 eruntur
309 3229 325 3264 a
350 3210 462 3277 natura,
482 3242 515 3254 -
540 3210 686 3263 iniustitia
710 3220 739 3263 et
761 3212 772 3262 i
794 3211 877 3263 navia
903 3218 970 3262 sunt
991 3208 1207 3263 voluntariae.“
1236 3211 1298 3262 Mox

184 3283 210 3346 d,
229 3281 318 3337 Rehd.
338 3283 448 3336 modam
464 3283 578 3350 ponit,
598 3280 695 3334 Duisb.
715 3299 758 3334 mo
780 3297 825 3333 arn
842 3278 1005 3350 imponit3
1024 3275 1183 3349 utrumque
1199 3288 1243 3332 est
1252 3278 1298 3332 vel
1336 3300 1343 3309 ·

143 3354 309 3428 glossatoris
326 3354 374 3406 vel
393 3352 580 3419 correctoris,
600 3352 668 3406 illae
687 3352 765 3405 euim
782 3353 944 3405 locutiones
962 3360 1028 3404 sunt
1046 3351 1179 3416 usitatae,
1204 3358 1299 3402 nostra

143 3424 308 3499 singularis.
328 3424 411 3477 Vind.
432 3428 457 3478 1.
476 3422 562 3496 babet
579 3421 699 3490 suscipit
715 3421 750 3475 oi
756 3421 786 3476 ti
792 3422 814 3474 i.
852 3424 952 3506 Pergit
972 3422 1041 3476 Cod.
1061 3423 1137 3474 Mon.
1159 3426 1185 3476 l.
1212 3419 1300 3490 qaod

142 3490 1299 3633 141441141414111ἰὲἳὸ111111Ἲᾷ111311
1335 3536 1338 3544 ·

142 3637 306 3707 Etymol.=
325 3638 346 3690 1.
367 3655 394 3706 p.
416 3639 478 3702 133,
502 3627 577 3690 'Mn
855 3653 859 3658 ·
1296 3678 1299 3683 ,

212 3700 388 3776 incitataque
405 3708 491 3760 semet
507 3707 545 3760 in
560 3706 699 3774 proclive
717 3705 862 3773 labuntur]
901 3705 1030 3772 „Malim
1047 3705 1109 3780 legi
1123 3701 1307 3774 proclive.

140 3777 278 3901 irrigantur,
306 3778 434 3900 ᾶὲτηςῐα
456 3778 670 3849 Praepositione
688 3776 735 3843 in,
760 3777 999 3848 quemadmodum
1029 3776 1106 3848 apud
1128 3775 1300 3829 liuor-etium

184 3864 217 3900 ro
235 3865 323 3902 secun
343 3864 377 3902 o:

306 3919 344 3972 Et
359 3934 515 3988 procursus
533 3916 599 3973 item
615 3919 741 3988 proclive
758 3917 892 3974 rotabilis
910 3923 1013 3972 exstet.

142 3988 191 4042 Sic
209 3989 287 4043 enim
305 3989 446 4061 scriptum
465 3999 507 4042 est
525 3991 557 4042 in
577 3989 663 4046 Codd.
684 3989 762 4045 MSS.
782 3999 865 4044 notae
884 3990 1025 4052 melioris,
1052 3995 1085 4040 ut
1109 3985 1248 4041 admonui
1270 3987 1300 4040 in

141 4060 361 4114 Commentariis
379 4062 560 4115 Lucretianis
581 4060 618 4127 [ν.
639 4065 701 4118 454.
720 4081 749 4134 p.
769 4063 854 4128 206.].
892 4058 1037 4116 Nonnulli
1054 4060 1126 4111 libri
1144 4059 1255 4113 habeut
1270 4057 1301 4110 ia

27 4199 30 4203 ,
137 4132 314 4202 proclivi,
333 4131 469 4193 vitiose.“
486 4132 648 4188 Lambinus.
679 4150 719 4200 „e
739 4133 863 4203 procliui
879 4133 992 4208 legitur
1017 4131 1049 4183 in
1067 4129 1183 4202 Gryph.
1211 4130 1299 4184 libro:

99 4218 110 4232 ·
142 4203 251 4274 optimo
271 4203 388 4273 quidem
407 4222 499 4258 sensu.
537 4205 604 4272 Quis
623 4213 719 4258 autem
737 4221 796 4258 non
813 4204 895 4258 videt
913 4222 927 4257 e
942 4201 1064 4272 proclivi
1081 4202 1142 4254 labi
1160 4203 1218 4256 hoc
1238 4203 1301 4254 loco

140 4275 249 4329 rectius
275 4275 343 4341 dici,
368 4293 453 4346 quam
477 4275 507 4329 in'
527 4275 653 4345 praelior
672 4275 753 4330 -?“
784 4277 902 4331 Brutus.
948 4312 967 4341 „
977 4272 1118 4327 Proetiae
1153 4275 1301 4327 labantur:

140 4348 303 4409 coniecerat
319 4346 375 4399 hoc
393 4347 465 4399 olim
482 4348 645 4413 Lambinus,
666 4356 814 4416 exstatque
839 4348 870 4399 in
888 4345 958 4400 Pall.
979 4363 1024 4416 pr.
1051 4347 1144 4412 quint.
1183 4342 1302 4413 Reliqui

141 4434 208 4482 erun
225 4420 288 4473 Vat.
309 4425 339 4473 et
356 4416 423 4473 sab.
437 4417 575 4487 proclivi.
607 4418 702 4494 Vulgo
719 4417 756 4489 in
771 4417 936 4488 praelior.“
956 4413 1040 4472 Gebb.
1078 4417 1152 4486 „Ex
1169 4415 1219 4471 bis
1233 4413 1303 4487 q'uid
