2842 5070
201 300 250 366 8⁰.
395 298 624 366 CICERONIS
646 301 893 369 TUSCULAN.
915 305 1145 372 DISPUTAT.

230 492 233 497 ·
327 460 464 526 Tdatalo
482 464 817 547 prognataraope
838 469 944 544 aritae,
966 475 1022 551 qai
1042 472 1197 551 qaoadam
1219 470 1238 532 α’
1257 492 1353 535 soora
1412 489 1415 499 ·

326 545 484 649 Oe'momao
507 567 583 629 rege
602 547 851 628 Hippodameam
875 551 979 632 ra'pte's
1000 565 1098 615 macra
1116 563 1160 616 ’st
1180 553 1326 633 adpetis?

153 722 158 731 ’
199 734 304 787 Nostro
322 733 387 785 loco
415 731 630 801 aliquantulum
657 737 835 788 conveniunt
859 753 961 790 versus
979 736 1131 808 Euripidis
1155 739 1187 800 iu
1207 740 1307 794 Oreste
1325 743 1350 796 5.

157 805 248 860 ¹¹²111:
286 806 351 865 Διὸς
368 804 507 871 πεφυκὼς,
527 799 562 864 ὡς
579 803 698 871 λέγουσι,
720 809 866 872 Τάνταλος,
888 839 921 848 -

289 864 372 944 piros
388 880 496 944 φυτεύει
513 875 624 927 Πέλοπα
640 881 691 928 τοῦ
709 875 737 947 d‘
758 878 862 947 Ἀτρεὺς
880 877 943 945 ἔφυ.
995 936 996 941 ,

199 938 365 1006 Eruest'ir's,'·
381 946 462 1014 quasi
486 962 578 1014 neque
596 939 748 999 Davisium
773 966 865 1017 neque
883 946 1047 1002 Bentleium
1062 947 1182 1015 nosset,
1206 949 1279 1019 haec
1297 950 1352 1015 sibi

199 1014 296 1071 videri
319 1016 360 1069 ait
384 1032 399 1067 e
426 1018 510 1085 po'c'ta
534 1023 655 1084 sumpta.
694 1016 750 1070 Sed
773 1019 870 1072 omnia
888 1027 986 1072 tamen
1010 1027 1043 1071 ut
1067 1020 1237 1090 prosariam‚
1265 1026 1352 1093 qu'am

150 1087 313 1210 accigunt,
337 1085 499 1139 orationem
528 1086 653 1140 describi
677 1087 771 1152 iussit,
800 1088 1028 1158 necquicquam
1052 1091 1139 1145 avul
1161 1099 1207 1144 ata
1224 1091 1352 1145 lectione

170 1160 216 1208 '‘2r
253 1156 322 1209 essit
346 1154 500 1209 exhibens:
532 1154 633 1211 Qualis
660 1156 733 1209 e'aim
760 1157 813 1212 tibi
838 1159 888 1212 iae
911 1157 1023 1214 videtur
1044 1159 1160 1214 Tantae
1184 1169 1351 1232 prognatae,

199 1225 412 1299 Pelopematas‚
441 1224 491 1294 qui
518 1226 655 1294 quondam
681 1243 699 1278 a
727 1244 847 1282 socero
878 1227 928 1282 Oa.
953 1248 977 1282 r.
1004 1228 1220 1298 Hippodamiam
1247 1239 1352 1301 rapta

200 1304 328 1352 mactae
347 1296 463 1365 nuptiis.
489 1293 553 1348 Duo
572 1296 641 1348 Oxx.
661 1299 803 1352 rideretur
821 1315 875 1369 pro
893 1300 1010 1353 videtur.
1047 1302 1107 1354 Mr.

215 1403 218 1407 -
272 1360 339 1438 Ca'p'.
360 1370 401 1423 12.
423 1365 477 1421 aas·
495 1366 629 1436 quomdam
647 1382 665 1418 a
683 1369 779 1434 socru]
816 1370 910 1445 Vulgo
930 1387 1034 1433 socero.
1063 1369 1119 1426 Sed
1138 1371 1182 1424 cl.
1201 1372 1351 1426 Bentleius

199 1439 253 1493 hos
273 1456 332 1492 esse
356 1455 455 1491 versus
479 1437 592 1518 primus
619 1436 834 1503 animadvertit,
862 1449 891 1494 et
910 1437 993 1494 s'ocra
1017 1440 1088 1496 bene
1109 1445 1254 1515 reposuit:
1285 1461 1352 1495 nam

199 1526 296 1577 roceas
311 1514 348 1632 52
371 1508 525 1562 masculino
548 1524 651 1576 genere
675 1515 783 1562 veteres
807 1510 865 1567 dici
884 1527 966 1579 posse
990 1514 1145 1587 coluerant,
1177 1514 1275 1584 utait
1292 1513 1352 1566 No-

200 1600 274 1641 urus.
310 1630 312 1635 .
343 1618 349 1629 .
824 1610 827 1615 Α
1218 1613 1222 1620 -

224 1698 227 1703 .
270 1646 318 1721 qai
335 1649 470 1720 quondam
493 1665 511 1701 a
536 1647 627 1714 socru]
667 1648 720 1706 oue
738 1651 757 1702 i.
778 1667 802 1703 e.
831 1651 944 1722 Pelops,
975 1668 1033 1705 non
1058 1648 1171 1723 Pelopis
1193 1653 1285 1720 filius,
1316 1661 1350 1706 ut

198 1730 298 1775 monet
315 1719 484 1773 Kiihnerus:
503 1719 554 1789 qui
571 1719 670 1793 laudat
689 1720 776 1772 etiam
795 1721 908 1775 Pindar.
929 1722 1043 1793 Olymp.
1065 1723 1086 1776 1.
1108 1727 1151 1778 70.
1170 1723 1347 1789 ed.Boeckb.

198 1792 286 1851 Same
310 1792 408 1860 recepi
432 1807 468 1842 ex
492 1790 653 1844 necessaria
679 1789 803 1845 Bentleii
828 1791 1036 1847 emendatione.
1080 1794 1161 1851 Idem
1190 1803 1256 1864 post
1277 1794 1347 1850 Dav.

197 1865 331 1918 iecerunt
348 1860 491 1916 FAWolf.
512 1867 541 1912 et
559 1877 637 1929 seqq.
674 1859 735 1912 Mr.
1136 1866 1138 1870 ’

139 1982 148 1998 ,
269 1931 407 1986 Oenomao
425 1947 493 1999 rege
511 1929 740 1997 Hippodamiam]
771 1930 851 1985 Unus
871 1932 922 1984 Ox.
947 1931 1033 1987 habet
1052 1934 1248 2001 nonnisi'Oli,
1271 1936 1348 1991 elius

197 2003 356 2069 Eanmao,
375 1999 629 2055 cannamomum
667 2001 824 2066 „Historia
846 2001 961 2071 Pelopis
987 2005 1151 2059 notissima:
1178 2007 1229 2082 qui
1248 2006 1346 2059 curuli

199 2075 357 2141 certamine
381 2073 532 2142 superavit
558 2071 743 2137 Oenomaum,
768 2073 886 2140 eiusque
915 2073 1026 2145 liliam,
1058 2077 1177 2143 nornine
1201 2074 1349 2149 Hippoda-

198 2146 297 2210 miam,
313 2139 594 2209 ¹atbdurit'uxorem:
627 2160 682 2211 qua
707 2160 742 2196 ex
765 2158 798 2195 re
823 2142 923 2194 dolore
950 2143 1069 2199 affectus
1100 2145 1260 2201 Oenomaus
1293 2146 1348 2199 sibi

198 2210 324 2271 mortem
353 2211 529 2267 conscivit.“
551 2212 684 2264 Beroald.
723 2212 960 2280 Hippodameam
987 2213 1101 2285 scrips'i'
1120 2210 1175 2287 pro'
1203 2217 1347 2289 Hippoda-

197 2288 304 2344 miam,
316 2302 352 2336 ex
370 2281 580 2352 antiquissimis
600 2282 688 2340 Codd.
707 2282 778 2358 Reg.
799 2289 828 2335 et
846 2282 921 2336 Gud.
943 2287 966 2338 1.
993 2301 1060 2341 cum
1077 2286 1165 2352 Dae,¹
1180 2288 1284 2358 quibus
1303 2286 1355 2341 ac·‘

199 2353 382 2427 ceditbiehd.
421 2354 480 2406 Mr.
553 2414 556 2420 ι
728 2412 729 2416 Ἰ
1162 2357 1187 2425 '¹
1238 2418 1241 2425 ,

208 2474 211 2479 ,
235 2424 368 2498 „Raptis
386 2422 477 2477 nacta'
495 2428 520 2476 st
537 2423 655 2491 nuptiis]
671 2485 673 2490 ,
692 2421 739 2476 Sic
757 2423 848 2479 'etiam
867 2425 1032 2481 Lambinus.
1069 2427 1125 2479 Vul
1187 2435 1270 2495 rapta
1298 2444 1348 2480 aa·

199 2492 395 2621 ctaeaaptip'p.
423 2491 489 2621 ⁰Stled
502 2495 598 2618 Baptae
618 2503 661 2548 est
680 2495 711 2548 in
729 2494 797 2571 Reg.
818 2495 940 2568 aliisque
958 2497 1063 2563 bisstis.
1084 2498 1119 2550 Vi
1141 2493 1347 2554 escholiasten

195 2568 233 2625 ad
251 2569 308 2624 Ilia
328 2606 334 2620 ι
376 2602 386 2632 5
406 2571 421 2621 l
461 2602 467 2616 ·
533 2604 539 2618 ·
1019 2573 1023 2580 Ι
1054 2568 1057 2575 Ι

204 2692 227 2708 -.
268 2657 363 2725 raptis
386 2659 470 2709 nacta
496 2650 535 2704 'et'
553 2652 678 2722 nuptiis]
717 2653 807 2709 Gebh.
836 2658 887 2726 qui
913 2656 944 2709 in
962 2657 1196 2711 antecedentibus
1223 2675 1259 2711 ex
1277 2657 1346 2712 God.

197 2728 272 2783 Pitb.
293 2727 423 2784 enotavit
436 2731 575 2794 pronatae
591 2741 644 2794 pro
661 2732 825 2794 prognatus,
843 2727 873 2779 h.
894 2727 916 2779 l.
943 2743 981 2779 ex
998 2726 1097 2781 eodem
1121 2736 1150 2787 et
1167 2728 1225 2781 Pal.
1252 2731 1346 2797 quint.

196 2801 310 2870 recepit
327 2804 418 2865 rapta.
438 2794 481 2848 Ad
498 2812 526 2847 v.
547 2798 640 2861 raptis
656 2825 671 2837 -
689 2798 795 2862 nuptiis
817 2796 910 2850 Bouh.
935 2799 1050 2850 confert
1073 2798 1149 2851 alius
1176 2801 1278 2867 poiitee
1304 2800 1348 2852 lo·

196 2888 262 2926 eum
287 2869 322 2926 de
349 2868 397 2920 Or.
418 2865 469 2919 111.
490 2868 533 2922 te.
559 2865 667 2935 iri'apte's
690 2867 803 2933 nuptiis.
840 2868 1021 2938 Receperunt
1044 2876 1141 2923 tamen
1165 2870 1242 2922 illud
1264 2877 1349 2937 rapta

196 2940 281 2995 Verb.
301 2938 376 2990 Lall.
396 2936 467 2988 Ern.
487 2936 550 3006 Bip.
570 2940 667 3004 Rapas
684 2936 770 2991 habet
787 2936 841 2991 Ed.
862 2939 920 3000 P.;·
938 2944 1038 3004 raptas
1064 2958 1139 2994 unus
1158 2939 1208 2996 Ox.
1225 2938 1349 3008 Aliquot

198 3013 268 3067 Oxx.
288 3009 360 3062 Edd.
380 3008 412 3060 A.
432 3008 467 3059 Β.
486 3005 514 3060 S.
533 3009 568 3061 E.
590 3009 620 3063 G·
641 3009 726 3063 Vile.
751 3009 822 3067 Ven.
848 3016 939 3065 nostr.
961 3006 1069 3061 Sturm.
1094 3011 1159 3064 Asc.
1177 3015 1204 3072 l.
1224 3013 1251 3064 2.
1275 3010 1345 3066 Rob.

197 3091 227 3138 et
246 3081 341 3135 carol.
370 3077 467 3148 Steph.
493 3077 542 3134 rr.
562 3079 645 3133 Febr.
670 3077 781 3132 habent
810 3086 909 3133 nactas
936 3086 986 3142 est,
1011 3080 1068 3133 nisi
1094 3083 1171 3149 quod
1195 3081 1227 3133 in
1254 3099 1346 3154 marg.

195 3152 311 3210 Lambb.
331 3149 469 3204 scribitur
485 3148 800 3211 Lambinumxedidisse
818 3156 901 3203 macta
920 3149 964 3201 ’sa
984 3149 1052 3203 sola
1069 3151 1125 3211 Ed.
1138 3150 1277 3213 vHWolfii
1295 3150 1347 3204 ha·

196 3225 246 3278 bet
265 3218 374 3275 matus
399 3224 450 3284 est,
482 3235 634 3288 operarum
666 3235 779 3273 errore:
816 3220 926 3288 reliqui
949 3220 1020 3272 libri
1046 3229 1146 3274 mactas.
1177 3222 1245 3276 God.
1275 3239 1358 3292 vero,

195 3294 286 3349 Rehd.
306 3297 403 3359 raptas
427 3292 517 3344 nactis
542 3299 570 3344 et
589 3307 676 3359 supra
700 3289 753 3345 lin.
781 3291 872 3358 raptis
891 3296 997 3355 metas.
1034 3291 1119 3344 Solus
1139 3292 1213 3346 Gud.
1232 3297 1258 3348 i.
1276 3308 1347 3346 aaa·

195 3373 261 3418 ctas.
282 3364 317 3415 In
335 3362 431 3431 prima
448 3360 513 3423 Ed,
533 3378 619 3429 quam
637 3359 720 3412 Koel.
740 3369 853 3414 secutus
873 3367 925 3426 est,
945 3361 1122 3416 FAWolfius
1143 3364 1346 3415 tantummodo
1407 3415 1412 3431 ,

195 3435 283 3488 verba
311 3432 405 3499 raptis
432 3437 532 3483 mactas
547 3437 598 3484 est
619 3430 683 3496 [sic]
710 3430 816 3497 nuptiis
840 3438 873 3482 ut
899 3433 1074 3500 particulam
1092 3450 1193 3486 versus
1218 3434 1346 3501 exprimi

196 3505 317 3568 curavit,
337 3503 449 3571 reliqua
467 3509 500 3553 ut
518 3503 679 3558 orationem
698 3500 829 3554 solutam.
865 3501 1006 3555 Davisius.
1018 3503 1282 3568 ve1·o‚·Bentleium
1302 3521 1347 3557 se-

196 3593 295 3647 quens,
314 3573 401 3627 verba
420 3588 534 3642 quoque
554 3571 712 3640 sequentia,
732 3572 807 3626 lovis
825 3572 878 3624 iste
899 3573 1011 3640 quidem
1027 3588 1173 3640 pronepes,
1192 3580 1224 3622 ut
1243 3590 1345 3626 versus

195 3647 314 3703 initium
332 3644 491 3713 descripsit.
523 3641 609 3707 Quod
626 3643 700 3695 fecit
717 3643 804 3696 etiam
823 3644 857 3695 H.
880 3642 1035 3699 Plauckius
1056 3645 1093 3699 ad
1103 3642 1200 3704 Ennii
1218 3643 1346 3699 Medeam

194 3735 223 3787 p·
245 3721 305 3776 120.
325 3716 374 3769 ubi
393 3716 433 3767 ita
453 3711 644 3766 exhihentur:
1115 3756 1118 3761 ,
1258 3727 1262 3746 ν

364 3786 483 3839 Tdataio
499 3783 661 3850 prognata,
681 3781 783 3850 Pelope
801 3780 885 3847 adid,
906 3782 955 3851 qai
973 3783 1112 3853 quondam
1129 3799 1147 3835 a
1165 3799 1248 3836 soora

362 3855 496 3908 Oiaomao
513 3865 591 3920 rega
608 3853 832 3919 Hippodameam
850 3855 944 3922 ra'ptis
962 3859 1045 3907 nacta
1063 3855 1097 3907 'st
1113 3855 1240 3921 reaptiis:

265 3985 267 3988 ,
359 3927 438 3988 ldoa's
455 3926 508 3978 iste
527 3924 639 3992 qaide'm
655 3940 794 3990 pronepos
811 3957 842 3967 -
926 3979 928 3983 ,
1100 3969 1103 3972 ,

195 3997 269 4056 Mihi
286 4014 355 4051 vero
374 4004 498 4066 quatuor
523 3993 628 4046 ultima
645 3995 732 4047 verba
749 3995 839 4048 Marci
859 4014 920 4050 esse
938 3996 1085 4062 videntur,
1104 3995 1243 4049 dicentis:
1269 3994 1345 4048 Licet

196 4068 361 4138 (Thyestes)
380 4066 469 4131 faerit
487 4065 564 4119 louis
581 4081 725 4132 pronepos,
753 4071 843 4133 tamea
863 4075 920 4119 tam
938 4066 1061 4121 abiectae
1080 4094 1124 4133 -2
1142 4075 1176 4117 ut
1194 4074 1272 4120 recte
1295 4084 1345 4120 ex-

194 4140 288 4210 plicat·
304 4137 434 4204 Kiihner.
472 4138 525 4189 Pro
552 4137 606 4188 iste
631 4136 686 4188 duo
712 4135 782 4188 Oxx.
808 4145 856 4191 est.
885 4138 960 4194 Gud.
981 4141 1005 4192 2.
1032 4137 1118 4190 habet
1145 4138 1255 4206 quidem
1281 4138 1343 4189 iste.

195 4211 296 4284 Pergit
313 4212 383 4263 Ven.
402 4207 460 4261 Alt.
482 4213 551 4259 tam
571 4206 717 4274 negocio
737 4209 866 4263 abiectas.
896 4208 970 4261 Tum
990 4207 1058 4260 Cod.
1078 4209 1152 4281 Aug.
1181 4214 1346 4274 taaqaam

196 4289 251 4334 est
269 4283 384 4346 fractas.
405 4280 479 4340 Mon.
499 4281 678 4346 2.·taaqaam
695 4279 813 4343 fractas.
847 4281 881 4332 ln
900 4279 968 4334 Cod.
989 4279 1075 4331 Marb.
1106 4279 1174 4331 inde
1193 4297 1208 4330 a
1230 4297 1256 4330 v·
1277 4295 1345 4345 rege

196 4355 236 4405 ita
254 4351 352 4422 pergit
370 4348 480 4403 scriba:
495 4350 726 4417 pppoaamam
752 4351 867 4404 raetis
891 4355 1017 4404 uastas
1040 4348 1171 4417 aapcs'e's
1190 4383 1221 4394 -
1242 4358 1342 4402 tarsae

195 4424 311 4487 fractas.
349 4421 408 4473 Mr.
