2842 5070
569 308 848 403 tuantur.
1037 313 1040 320 ·
1082 346 1086 355 ·
1134 357 1139 363 -
1232 266 1314 384 aaa
1352 266 1366 282 ’

140 514 145 535 .
222 476 288 539 Sed
310 475 467 539 defendat
488 458 736 559 quod-quisque
757 472 875 540 sentit:
898 478 1084 561 sunt-enim
1106 478 1231 543 iudicia
1251 481 1293 543 li·
1313 480 1335 546 4

138 559 235 621 bera:
259 580 319 622 nos
340 562 534 628 institutum
555 560 754 638 tenebimus,
776 562 966 642 nulliusque
987 563 1087 622 unius
1100 561 1293 644 disciplinae

136 734 300 794 Kiihnero.'
321 743 401 794 Unus
426 744 475 795 Ox.
504 743 590 796 habet
615 745 848 809 aedificantur.
887 745 1014 815 Sequens
1042 751 1070 797 et
1095 745 1205 799 omittit
1223 745 1290 800 eod.

136 812 226 863 Rehd.
258 814 293 864 ln
321 812 397 865 Cod.·
417 816 491 864 Illon.
512 817 538 868 2.
568 823 609 872 est
637 815 794 867 discantur.
832 818 867 868 ln
883 819 960 867 lllon.
983 819 1006 869 1.
1031 815 1201 884 disciplinae
1219 831 1289 870 esse.

138 881 265 934 Verbum
284 898 345 934 ease
364 901 379 933 a
397 883 471 942 eod..
485 885 580 936 nescio
600 902 656 952 quo
675 885 770 937 abesse
789 886 831 937 ait
849 886 934 937 Verb.
973 886 1032 937 Mr.

210 969 235 1003 c.
254 955 280 1006 4.
320 953 377 1004 Sed
399 954 529 1018 defendat
553 955 693 1020 quidem
717 956 789 1024 quod
812 955 927 1023 quisque
953 955 1051 1020 sentit]
1088 957 1159 1021 „lta
1194 957 1292 1008 excusi

82 1060 88 1066 .
136 1036 235 1073 omncs
262 1021 377 1087 habent,
407 1032 524 1090 praeter
547 1025 656 1077 Victor.
682 1026 714 1075 in
738 1027 818 1076 cuius
845 1026 898 1076 Ed.
924 1024 1000 1076 abest
1023 1027 1230 1095 vox-quidem,
1257 1035 1292 1078 ut
1319 1058 1322 1064 -

138 1091 226 1142 etiam
244 1093 275 1142 in
294 1092 407 1160 Gryph.
427 1093 534 1146 libro.“
551 1095 637 1147 Brut.
674 1095 847 1160 „Tenentur
865 1096 989 1147 Victorii
1014 1096 1112 1159 lectio,
1138 1114 1223 1164 quam
1239 1096 1292 1148 ba·
1400 1151 1402 1157 ,

136 1159 204 1212 bont
223 1162 312 1214 etiam
329 1164 405 1214 Pan.
420 1180 473 1215 sec.
494 1166 676 1233 tert.,·quibt.
696 1165 785 1234 Vatia.
806 1166 889 1216 Febr.
901 1164 985 1216 ‘pitu
1005 1196 1039 1207 -
1062 1166 1235 1234 Pal.‹quart.
1257 1165 1291 1219 ai

138 1231 269 1299 defendat
286 1233 753 1302 unusquisque,quadsentitf‘
789 1233 872 1294 Gelli.
1028 1258 1030 1262 >
1139 1269 1141 1273 ν
1216 1268 1220 1273 -

137 1308 179 1426 Ηὲ
208 1303 323 1426 ξιερίΕιίί
352 1304 414 1425 ISed
433 1305 571 1369 defendat,
601 1307 672 1374 quod
690 1306 812 1374 quisque
831 1305 926 1372 sentit]
963 1305 1012 1360 Sic
1037 1306 1173 1358 Horatius
1191 1304 1288 1361 serm.
1362 1346 1368 1354 -

151 1373 188 1426 i,
242 1412 248 1424 ,
294 1390 331 1424 c,
367 1376 439 1437 550,
1208 1394 1216 1415 i
1274 1409 1276 1412 .

180 1458 181 1462 ¹
305 1443 350 1506 Ut,
370 1460 423 1512 qua
443 1444 653 1514 quisqueualel,
673 1451 814 1512 suspectas
833 1450 939 1498 terreat
958 1475 991 1487 -

136 1513 176 1566 At
193 1514 250 1566 Pal.
271 1523 398 1583 quartus,
417 1515 467 1566 aad
485 1515 614 1578 defendat
633 1516 838 1584 uuusquisque,
867 1517 940 1584 quod
957 1515 1052 1568 tentil-
1089 1516 1236 1569 Librarius
1254 1516 1290 1575 ad

136 1585 274 1637 usitatum
292 1585 448 1636 verborum
466 1585 597 1638 ordinem
615 1586 733 1656 propius
752 1587 846 1638 voluit
869 1587 1013 1638 accedere.
1048 1585 1086 1636 D.
1125 1583 1129 1588 ’
1215 1613 1219 1617 ,

208 1656 266 1707 Sed
291 1656 423 1719 defendat
447 1656 519 1723 quad
545 1656 658 1724 quisque
685 1657 780 1722 sentit]
819 1656 1003 1721 „Verborum
1022 1656 1162 1721 ordinem,
1191 1673 1290 1723 quain·

137 1742 223 1794 quam
247 1725 374 1779 librariis
400 1725 621 1793 improbabatur,
655 1728 761 1794 optimo
789 1727 854 1780 iure
885 1727 1015 1778 defendit
1046 1725 1186 1777 Davisius.
1221 1730 1225 1784 ’,
1233 1726 1290 1780 Sed

136 1796 201 1858 loco
220 1795 333 1848 Horatii
345 1795 385 1846 ab
404 1811 435 1847 eo
454 1796 540 1846 allato
560 1797 629 1848 adde
647 1814 731 1864 supra
749 1799 771 1849 l.
792 1814 817 1848 c.
837 1800 870 1851 4:
890 1797 996 1850 Ponere
1014 1794 1147 1859 iubebant,
1175 1796 1210 1851 de
1236 1813 1290 1866 qao

115 1868 201 1933 quie
218 1867 318 1918 audire
336 1865 425 1917 uellet.
437 1862 457 1915 i.
478 1882 501 1916 e.
528 1868 637 1918 Ponere
662 1884 749 1934 quem
773 1867 911 1928 iubebant,
937 1868 971 1919 de
996 1882 1053 1933 quo
1067 1869 1171 1924 ,audire
1184 1867 1287 1919 vellet.

137 1938 172 1988 In
189 1935 244 1988 hac
262 1954 303 1988 re.
314 1935 436 1988 Graecos
455 1934 563 1987 imitati
582 1946 649 1988 sunt
667 1937 795 1988 Romani.
835 1935 883 1988 sio
896 1933 1019 2006 Dionys.
1040 1936 1131 1988 Halia.
1151 1937 1249 2006 Antiq.
1264 1939 1291 2002 1,

136 2007 186 2060 48:
215 2008 325 2077 aperito>
350 2006 417 2066 d'oie
441 2004 552 2067 ἕκαστος
575 2013 631 2058 τῶν
656 2006 814 2059 ἀκουόντων
836 2006 969 2074 βούλεται.
1002 2006 1142 2074 Joscphus
1161 2005 1228 2065 Ant.
1248 2007 1299 2067 11...

138 2080 189 2141 16,Ι
200 2079 231 2131 5:
251 2080 314 2145 aspi
331 2075 385 2146 μὲν
403 2073 456 2129 oda
472 2077 576 2128 τούτων
594 2077 629 2138 ὥς
648 2075 746 2143 ἕκάςιῳ
765 2078 843 2128 δοκεῖ
867 2075 1114 2143 deutausluriewf‘·
1126 2105 1128 2108 >
1139 2077 1287 2143 Wopkens.
1319 2118 1325 2124 ,

135 2146 156 2197 l.
185 2164 209 2199 c.
233 2165 261 2216 p.
288 2149 331 2202 88.
360 2147 428 2211 [121
453 2164 494 2214 sq.
520 2148 638 2212 Hand}
669 2149 848 2215 „Perperam
872 2148 984 2216 Wopk.
1015 2146 1131 2213 scripsit
1163 2146 1287 2199 sentiat.

136 2217 287 2286 Exemplis
306 2218 402 2269 allatis
419 2217 488 2269 adde
508 2217 570 2270 niv.
590 2220 635 2282 21,
654 2219 698 2281 58,
719 2221 750 2272 9:
778 2224 914 2285 tantaque,
929 2218 974 2269 oie
999 2216 1124 2283 frigoris
1145 2214 1290 2285 insequuta

136 2293 186 2352 est,
211 2294 241 2338 ut
267 2304 300 2339 ea
326 2287 380 2340 illa
406 2287 566 2340 miserabili
592 2287 734 2340 bominum
757 2287 941 2339 iumentorum
961 2287 1032 2350 [sen
1053 2286 1293 2354 iumentorumque-

136 2358 244 2424 strage]
280 2374 360 2426 quum
383 2358 554 2425 aequisque
580 2358 713 2413 attollere
736 2373 770 2410 ac
794 2359 887 2410 leuare
922 2358 1014 2421 uellet,
1047 2357 1096 2410 diu
1127 2353 1289 2424 nequiret.“

135 2426 273 2484 Hand.'l.
293 2432 318 2478 c'.
354 2427 473 2479 Probam
489 2428 646 2480 lectionem
663 2427 768 2479 habent
787 2428 871 2479 Oodd.
892 2429 962 2479 Reor.
987 2427 1061 2499 Aug.
1081 2426 1170 2479 R'ehd.
1190 2427 1286 2480 Duisb.

135 2496 220 2550 vind.
241 2501 266 2551 1.
286 2499 312 2551 2.
327 2506 442 2567 septem
461 2497 529 2548 Oxx.
568 2497 700 2550 Proxime
720 2497 859 2549 accedunt
878 2470 950 2549 (tud
972 2502 996 2551 l.
1017 2497 1155 2550 abab.
1174 2499 1206 2549 in
1224 2498 1288 2567 qui·
1378 2508 1381 2521 '
1412 2502 1415 2509 '

135 2569 187 2619 bus
206 2577 248 2620 est
266 2584 320 2636 quq
338 2584 392 2637 pro
412 2567 491 2634 quod.
503 2566 576 2618 Gud.
595 2566 682 2619 habet
695 2567 814 2637 vquiaque
832 2569 914 2637 quad.
934 2570 1008 2619 Mon.
1029 2565 1170 2629 defendit
1189 2569 1288 2636 quod·

136 2637 488 2761 {uivqudmti'bleltiqi}
506 2637 591 2759 Cloidd.
610 2637 720 2763 haid&
735 2638 811 2759 illflud
830 2636 1024 2759 quidenffisseg
1039 2637 1287 2760 omi2seripnt'Edd.

158 2746 164 2759 .
213 2747 219 2760 .
266 2747 272 2759 .
326 2724 369 2760 o.
432 2725 446 2759 e
491 2744 496 2758 .
554 2726 623 2762 ervv.
721 2724 893 2761 o.1nar.
973 2723 1064 2757 .sc.
1105 2723 1152 2759 .e
1192 2723 1289 2760 omnes

137 2778 204 2832 inde
222 2778 343 2830 aGebh.
360 2776 403 2828 Ad
422 2725 594 2830 seiitentiam
610 2780 698 2830 totius
718 2778 776 2831 loci
787 2778 851 2830 vid..
897 2777 987 2830 eusdii
1007 2778 1040 2827 V.
1053 2775 1097 2828 Cl.
1117 2776 1206 2829 Initia
1222 2778 1290 2830 Phi-

106 2862 108 2866 ’
136 2849 188 2901 los.
203 2849 315 2902 Platon.
336 2849 374 2899 Il'.
394 2850 420 2902 3.
440 2866 469 2915 p.
491 2851 656 2903 175-178.
694 2849 754 2900 Mr.
1085 2879 1115 2886 ·-
1179 2874 1182 2880 .
1285 2879 1287 2882 -

206 2924 269 2985 sunl
289 2918 362 2969 enim
380 2917 490 2970 iudicia
508 2917 610 2982 libera]
625 2966 627 2971 .
649 2916 864 2983 „Proverbialis
883 2917 1025 2970 sententia
1043 2925 1085 2968 est
1109 2917 1162 2970 illa
1179 2918 1289 2972 Teren·

134 2988 223 3052 tiana,
250 2989 325 3042 Quot.
345 2983 448 3054 capita,
476 2993 517 3038 tot
543 2989 696 3041 sententiae
722 2987 857 3052 [Phorm.
878 2989 916 3039 ΙΙ.
935 2990 961 3042 l.
985 2989 1031 3041 14:
1071 2993 1136 3056 quot
1163 2986 1287 3043 homines

134 3067 155 3110 t.
175 3057 210 3121 a]
238 3058 379 3109 Antistius
397 3057 488 3108 Labeo
511 3056 641 3129 Augusto
665 3058 813 3126 respondit
832 3074 911 3110 suurn
936 3073 1064 3125 quemque
1082 3053 1220 3118 iudicium
1237 3058 1287 3112 lta·

135 3129 208 3180 bere.
231 3127 361 3194 [Sueten.
381 3127 477 3178 Octav.
498 3127 554 3191 54]
575 3136 603 3178 et
620 3145 637 3178 a
653 3129 749 3182 Persio
768 3128 877 3178 dictum
897 3135 939 3178 est
959 3126 1002 3190 [V.
1023 3127 1094 3191 53.]:
1117 3128 1287 3183 Vellasuum

81 3196 83 3205 ’
133 3197 236 3266 cuique
255 3203 306 3262 est,
325 3213 374 3250 nec
391 3202 451 3249 uolo
469 3195 572 3249 uiuitur
589 3196 674 3249 uno.“
691 3197 826 3252 Beroald.
842 3246 844 3250 ,
863 3195 947 3247 Plura
970 3195 1004 3246 ad
1022 3195 1097 3247 hano
1114 3198 1286 3260 sententiam

132 3268 192 3320 vid.
213 3270 244 3319 in
262 3267 385 3321 Erasmi.
405 3275 434 3318 et
460 3267 508 3317 all.
528 3265 690 3348 Adagiisp.
711 3270 745 3320 31
764 3284 804 3335 sq.
834 3263 924 3327 [Frcf.
946 3267 1022 3319 1656.
1043 3265 1064 3315 f.
1086 3264 1136 3330 ιη]
1165 3266 1199 3318 In
1217 3267 1285 3323 Cod.

133 3339 209 3392 Gud.
230 3342 256 3393 2.
285 3339 427 3406 scriptum
450 3346 493 3389 est
517 3344 580 3390 sunt
603 3337 713 3390 iudicia
738 3337 858 3397 ubera,
887 3335 989 3386 omisso
1014 3332 1097 3386 enirn.
1141 3332 1287 3388 Scribitur

133 3425 186 3472 aas
210 3408 272 3462 boc
295 3408 512 3473 institutum.in
539 3408 605 3460 Cod.
629 3408 727 3460 llehd.¹
746 3407 817 3459 Edd.
837 3405 866 3458 S.
886 3407 921 3458 E.
947 3405 1069 3459 HWolf.
1108 3406 1143 3457 ln
1162 3404 1235 3460 Gud.
1256 3414 1286 3458 et
1310 3474 1312 3476 Ι

133 3483 209 3532 blon.
229 3482 255 3535 2.
276 3489 318 3531 est
337 3478 488 3532 instituta.
509 3476 553 3529 Ad
571 3478 719 3546 sequentia
737 3478 839 3540 cuivis,
858 3476 971 3546 opinor,
991 3475 1023 3526 in
1041 3483 1169 3528 mentem
1186 3476 1286 3529 veniet

81 3578 88 3585 „
131 3550 210 3609 illud
228 3550 343 3602 Horatii
360 3551 478 3617 Eppcl,
498 3553 522 3603 l.
545 3551 595 3604 14:.
626 3546 629 3550 ’
834 3595 841 3602 .
873 3607 878 3620 ἱ

133 3637 134 3640 ’
246 3627 248 3630 ’
301 3618 418 3672 Nullius
436 3619 566 3672 addictus
585 3618 685 3671 iurare
704 3616 736 3670 ia
753 3618 838 3670 uerba
856 3609 999 3682 magistri.
1225 3660 1227 3665 .
1263 3651 1286 3671 1,

133 3691 188 3742 Pro
213 3688 345 3741 adstricti
370 3690 440 3742 Dav.
469 3692 500 3742 in
523 3691 576 3742 Ed.
597 3695 622 3744 i.
653 3689 781 3756 ediderat
804 3687 960 3755 adscripti:
986 3693 1015 3738 et
1042 3683 1084 3736 sic
1109 3692 1151 3737 est
1178 3684 1211 3736 in
1228 3700 1286 3739 uno

98 3770 108 3783 ⁸
136 3759 406 3813 flod.1.eid..Mr.'
503 3788 505 3792 .

205 3830 380 3898 Nulliusque
407 3826 491 3882 unius
514 3829 683 3898 disciplinae
705 3830 821 3898 legibus,
840 3825 990 3892 adstricti]
1027 3827 1121 3900 Vulgo
1138 3824 1285 3895 nullisque.

133 3899 373 3952 Emendationem
390 3916 460 3952 vero
478 3901 675 3953 Bentleianam
693 3901 863 3971 recepimus,
893 3899 969 3968 qubd
993 3897 1220 3966 commodissima
1242 3897 1287 3948 vi-

133 3971 262 4024 debatur.
300 3969 349 4021 Sic
373 3971 451 4021 nulla
477 3985 509 4020 re
527 3986 582 4022 una
599 3975 692 4037 magis
720 3979 860 4024 oratorem
878 3967 1069 4030 commendari
1096 3967 1171 4019 dixit
1189 3975 1287 4019 noster

133 4042 273 4094 in'Bruto
292 4056 351 4109 cap.
373 4040 444 4091 LIX.
482 4039 518 4091 D.
648 4093 650 4097 ,
1193 4100 1195 4105 Ι

164 4130 168 4133 ·
206 4109 398 4178 nulliusque
417 4107 502 4160 unius
514 4139 554 4174 ,-
574 4110 684 4176 legibus
703 4110 848 4176 adstricti]
886 4111 1052 4175 „Probatur
1074 4106 1149 4159 mihi
1172 4106 1287 4175 Bentle-

133 4184 198 4236 iana
217 4182 386 4235 emendatio.
425 4180 515 4231 Probo
535 4180 615 4244 item,
635 4180 711 4249 quod
728 4190 825 4238 servat,
846 4179 991 4243 adstricti,
1017 4177 1286 4248 quamvis‘habeant

134 4255 268 4307 nonnulli
288 4253 384 4317 codd,
412 4251 443 4301 in
461 4250 507 4301 his
524 4267 598 4316 unus
616 4249 707 4314 Laid,
736 4249 908 4317 adscripti.“
933 4247 1021 4305 Βοιώ.
1059 4247 1286 4313 „Nulliusque
1391 4265 1394 4281 ·

135 4357 169 4367 -
188 4323 375 4391 adscripti:
405 4322 446 4378 ita
465 4319 664 4375 cum'Davisio
683 4326 712 4371 et
729 4320 860 4373 Bentleio
879 4321 964 4375 Codd.
993 4319 1069 4394 regii
1095 4316 1285 4390 provulgata

134 4395 272 4468 nullisque
292 4390 480 4460 e--aaurlcu,
491 4389 602 4466 “ssall·
641 4389 739 4455 „Dedi
758 4389 919 4464 nulliusque·
931 4406 985 4463 pro
999 4387 1160 4455 ,nullisque
1185 4393 1219 4437 ut
1235 4398 1286 4453 νοῇ
