2842 5070
517 292 650 359 nmen
670 292 730 374 tn,
761 295 792 361 7.
1184 297 1228 362 te

71 462 184 526 fidere.
229 461 333 563 Atqui
354 464 389 523 in
421 481 517 542 quem
547 460 636 523 cadit
661 457 851 548 aegritudo,
882 461 918 520 in
947 456 1088 521 eundem
1108 462 1221 522 timor.

72 547 220 610 Quarum
243 566 333 608 annu
353 563 467 610 rerum
498 545 687 626 praesentia
708 563 822 608 eamus
842 543 878 604 in
900 540 1121 626 aegritudine,
1153 561 1224 604 eas·

73 627 149 690 darn
170 625 399 710 impendentes
422 634 454 688 et
475 628 647 690 venientes
668 627 835 689 timemus.
878 622 929 687 lta
950 624 1000 700 fit,
1030 633 1069 686 ut
1089 627 1224 687 fortitu·

55 708 145 771 =dini
178 708 357 793 aegritudo
388 715 562 794 repugnet.
605 709 690 769 Veri
721 709 829 771 simile
861 715 911 770 ast
931 708 1049 789 igitur,
1072 707 1107 766 in
1128 725 1256 787 quam·

70 792 168 863 cadat
189 791 377 878 aegritudo,
399 790 518 852 cadere
538 793 575 851 in
598 788 739 852 eundern
760 791 917 853 timorem
938 797 972 849 et
992 790 1226 850 infractionem

71 872 237 956 quandam
258 876 360 934 animi
392 881 426 959 et
454 871 704 951 demissionem
723 891 820 956 quae
843 873 880 932 in
908 889 1005 961 quem
1025 869 1161 947 cedunt,
1189 872 1225 931 in

68 999 128 1006 ...—

71 1058 147 1126 quod
170 1058 255 1111 facile
280 1057 435 1112 intellectu
459 1059 506 1124 sit,
539 1058 656 1124 referri,
685 1075 783 1112 omnes
808 1057 935 1116 sciunt.“
960 1055 1075 1110 Nissen.
1112 1054 1225 1109 Neutra

70 1130 229 1182 emendatio
247 1129 400 1199 probanda.
437 1131 491 1183 Pro
509 1146 581 1183 voce
600 1137 727 1182 extrema
744 1129 859 1200 periodi
877 1128 933 1183 duo
951 1129 1021 1182 Oxx.
1039 1125 1144 1181 habent
1162 1143 1225 1182 cete·

69 1199 194 1263 fidentia.
232 1203 285 1252 Pro
304 1201 379 1253 enim
397 1201 495 1253 Duisb.
522 1199 607 1254 habet
628 1207 730 1253 autem.
768 1202 829 1255 Mr.
1069 1255 1072 1262 ,

139 1277 249 1338 Atque
267 1270 298 1322 in
317 1286 395 1338 quem
412 1270 506 1336 cadit]
542 1270 664 1341 „Atqur'‚
682 1279 766 1324 vetus
784 1270 909 1325 eodem
930 1269 1060 1326 Ursinus.
1092 1271 1218 1346 „Vulgg

69 1340 170 1408 Atque.
207 1342 384 1408 lectionem,
404 1359 489 1410 quam
508 1341 616 1409 damus,
648 1341 763 1411 [atqui]
783 1342 929 1395 exhibent
950 1343 1016 1394 Urs.
1036 1340 1144 1395 Eliens.
1164 1357 1220 1395 sec.

68 1420 136 1464 tert.
157 1419 186 1465 et
204 1415 329 1468 Petrens.
357 1413 476 1466 Recte.“
501 1412 574 1464 Duo.
599 1416 631 1466 t'n
647 1413 701 1467 lte.
721 1412 747 1466 2.
784 1413 878 1480 „Quia
896 1419 939 1465 est
956 1411 1101 1477 assumtio,
1126 1410 1220 1465 Deris.

68 1499 104 1535 ex
122 1481 200 1537 MSS.
221 1484 345 1558 corrigit
370 1484 456 1552 atqui.
480 1483 582 1536 bene.“
606 1485 674 1537 Ero.
712 1483 775 1536 Nec
792 1492 889 1537 tamen
906 1483 977 1534 Ern.
996 1483 1109 1552 recepit
1132 1481 1223 1552 atqui,

69 1555 147 1622 quod
164 1555 248 1606 unice
265 1572 369 1607 verum
389 1563 440 1620 est,
461 1562 494 1608 et·
506 1553 613 1611 habent
630 1554 718 1609 Codd.
736 1556 807 1630 lieg.
825 1555 911 1624 Bern.
930 1552 1003 1605 Gud.
1022 1557 1046 1611 1.
1066 1553 1127 1619 [sed
1145 1571 1223 1607 corn·

67 1625 173 1693 pendia
193 1623 262 1693 etp]
282 1627 368 1681 Marb.
389 1625 461 1678 Gud.
483 1625 526 1676 Au
549 1664 555 1676 .
575 1629 651 1681 Mon.
671 1628 697 1681 l.
717 1624 790 1679 Edu.
807 1625 841 1680 A.
855 1624 886 1676 Β.
901 1623 929 1678 S.
942 1624 976 1675 E.
991 1623 1022 1676 G.
1040 1625 1112 1676 Van.
1131 1631 1222 1677 nostr.

68 1694 131 1745 Asc.
151 1699 177 1749 2.
197 1698 277 1748 Junt.
297 1696 421 1756 HWolf.
441 1697 509 1747 Dav.
527 1642 714 1764 fqumuquam
737 1695 770 1747 in
786 1696 842 1751 Ed.
860 1693 945 1749 Rath.
964 1694 1102 1747 scribitur
1125 1701 1223 1766 atque:

68 1764 101 1816 in
117 1765 171 1816 Ed.
192 1773 288 1817 autem
305 1783 329 1816 a.
350 1768 428 1820 1805.
451 1767 554 1818 Oxonii
581 1767 655 1818 edita
683 1773 725 1817 est
748 1771 779 1818 at
816 1765 863 1833 t‘e]
886 1764 1053 1823 nawen.
1080 1766 1156 1820 hall.
1175 1767 1223 1821 Or.

68 1834 104 1887 ln
121 1836 242 1904 reliquis
269 1843 311 1887 est
335 1840 426 1905 atque,
454 1836 511 1887 nisi
538 1837 615 1905 quod
631 1835 727 1887 Duisb.
752 1834 790 1886 ha
809 1843 838 1888 et
856 1841 898 1896 at.
926 1836 1008 1889 Conf.
1028 1835 1163 1890 Ochsner.
1187 1837 1224 1892 ad

68 1903 127 1959 cic.
147 1897 210 1957 Ecl.
231 1924 259 1976 p.
281 1909 331 1962 131
351 1924 392 1976 sq.
413 1906 518 1959 Handii
536 1905 693 1960 Tursellin.
714 1907 738 1958 Ι.
756 1923 785 1975 p·
805 1907 867 1961 493.
886 1907 947 1966 52&
979 1907 1033 1958 Pro
1051 1906 1131 1961 cadit
1148 1925 1222 1961 unus

68 1977 117 2030 Ox.
139 1976 232 2030 cadat.
268 1977 344 2028 Tum
361 1978 450 2032 Rehd.
470 1977 501 2031 in
522 1978 634 2032 eundem
653 1975 756 2030 cadit
774 1975 869 2031 timor.
890 1976 957 2040 cod.
978 1976 1052 2029 Gud.
1065 1979 1093 2033 2.
1112 1979 1222 2029 omittit

67 2045 150 2100 euim.
186 2047 250 2100 Duo
276 2048 345 2100 Oxx.
371 2047 478 2101 habent
505 2065 600 2102 rerum
619 2046 870 2119 praestantia.
895 2048 969 2125 Aug.
989 2045 1022 2101 in
1040 2047 1223 2118 aegritudine

66 2133 170 2171 eumue.
210 2120 291 2172 Unus
310 2120 360 2173 Ox.
379 2119 573 2173 invenientes.
610 2121 672 2174 Mr-
1037 2152 1039 2156 ·

130 2208 179 2261 Ita
196 2210 238 2273 fit,
257 2215 287 2261 ut
305 2207 467 2274 fortitudini
483 2209 634 2276 aegritudo
652 2206 808 2277 repugnet]
833 2208 924 2261 Oculo
942 2208 1056 2263 librarii
1074 2208 1222 2265 aberrante

66 2278 168 2330 omissa
185 2287 252 2330 sunt
270 2280 301 2330 in
319 2297 377 2332 uno
395 2281 445 2333 01.
464 2280 552 2334 verba
569 2286 704 2347 repugnet
721 2297 812 2350 usque
831 2279 867 2330 ad
883 2280 1042 2350 repetitum
1060 2277 1223 2349 aegritudo.

64 2350 140 2402 Mon.
162 2354 184 2403 l.
210 2351 320 2402 omittit
338 2357 378 2415 ut,
407 2359 437 2403 et
460 2351 576 2404 exhibet
602 2357 751 2418 repugnat.
789 2351 892 2415 „Ratio
910 2352 951 2403 sic
970 2351 1135 2426 colligitur:
1167 2351 1224 2418 Qui

64 2421 221 2484 tertiaeet,
241 2421 379 2473 idemest
401 2421 506 2474 fidens:
540 2421 591 2490 qui
609 2420 710 2487 fidens,
739 2421 764 2472 is
789 2436 849 2473 non
873 2423 1049 2487 extimescit3
1079 2423 1111 2475 in
1134 2441 1223 2492 quem

65 2491 142 2543 eadit
159 2491 318 2564 aegritudo,
338 2492 370 2543 in
388 2492 510 2545 eundem
529 2493 631 2544 timor:
652 2491 693 2544 ita
710 2490 852 2544 fit·cet.“
870 2490 982 2545 Nissen·
1016 2493 1114 2568 Pergit
1131 2495 1223 2549 Rehd.

64 2561 128 2625 oert'
145 2561 241 2614 simile
260 2561 352 2630 igitur
370 2563 434 2616 erit
472 2565 532 2618 Mr.
1035 2601 1037 2608 ·

65 2632 833 2776 murt‘rueretteretem
851 2633 1222 2760 neironem

143 2746 150 2759 ι
189 2739 196 2754 ·
283 2741 290 2754 ·
328 2741 335 2754 ·
424 2743 430 2758 ι
463 2747 470 2760 ι
555 2744 561 2756 ·
646 2744 653 2757 0
828 2743 845 2770 ⁸5
1030 2745 1036 2757 ·

64 2790 135 2827 vero
161 2792 196 2827 ex
218 2775 276 2826 suis
301 2776 388 2828 Codd.
415 2776 543 2828 correxit
566 2777 660 2842 cadat,
698 2778 800 2846 quibus
831 2776 971 2829 accedunt
994 2777 1103 2847 reliqui
1129 2779 1222 2831 nostri

65 2861 177 2897 omnes:
197 2863 270 2897 unus
290 2847 340 2897 Ox.
360 2846 447 2898 habet
464 2846 553 2902 cadet.
589 2850 643 2900 Per
684 2855 718 2898 nt
743 2848 815 2905 Edd.
834 2848 990 2918 pleraeque
1008 2856 1080 2901 vett.
1103 2847 1136 2902 iu
1153 2865 1221 2904 eun·

65 2915 128 2968 dem
151 2916 253 2968 cadere
280 2918 407 2986 exceptis
434 2917 469 2967 V.
498 2925 527 2970 et
549 2918 616 2970 Rob.
642 2865 741 2988 §depth
780 2919 836 2972 Sed
865 2918 936 2970 libri
964 2917 1042 2973 MSS.
1073 2920 1221 2973 nobiscum

63 2987 187 3048 faciunt,
206 2987 263 3037 nisi
282 2988 359 3054 quod
377 2986 451 3038 Gud.
471 2985 557 3040 habet
581 2990 682 3042 cadere
707 2988 757 3042 eti
763 3005 814 3043 am
836 2987 867 3042 in
893 2991 1015 3053 eundem,
1034 3007 1099 3042 cum
1116 2991 1218 3064 glossa.

64 3057 194 3128 Pergunt
218 3055 306 3108 Codd.
330 3055 403 3130 Aug.
433 3064 462 3108 et
489 3058 576 3108 Marb.
600 3066 627 3111 et
650 3060 875 3125 fractionem.
912 3060 1153 3129 ,‚1nfractt'onem,
1179 3062 1220 3115 ait

63 3126 114 3180 Fr.
139 3125 234 3190 Febr„
263 3126 374 3177 Nonius
406 3134 555 3194 torporem
581 3128 799 3198 interpretatur.
850 3131 992 3197 intractus
1024 3132 1134 3184 animm
1166 3149 1219 3202 pro

64 3198 159 3249 fracto
179 3204 209 3248 et
226 3196 347 3249 demisso
366 3196 475 3248 dicitnr
494 3197 540 3250 Or.
560 3206 625 3266 post
642 3199 709 3252 Red.
730 3199 776 3264 [ad
794 3200 846 3265 Qu.
864 3204 891 3264 8,
911 3199 994 3267 19.]“
1024 3201 1086 3257 Mr.

136 3289 164 3337 et
181 3284 381 3350 infractionem
406 3284 543 3355 quidem
562 3285 652 3341 animi
670 3314 703 3326 -·
722 3303 810 3356 puae
830 3287 872 3341 in
889 3303 983 3355 quem
1001 3288 1119 3356 cadum]
1154 3289 1220 3355 „Ita

10 3372 15 3377 ·
66 3355 214 3408 emendavi
239 3356 273 3409 de
298 3355 375 3409 MSS.
404 3371 494 3426 paene
518 3358 648 3410 omnium
672 3358 755 3424 (nam
779 3358 919 3412 secundus
943 3360 1000 3411 uno
1024 3367 1110 3431 atque
1127 3361 1219 3416 altero

64 3426 144 3496 apice
164 3427 232 3492 abit)
257 3428 408 3493 sententia,
434 3435 463 3480 et
480 3428 572 3480 Vatia.
593 3437 656 3480 tum
673 3430 755 3481 Fabr.
781 3438 811 3482 et
829 3430 925 3481 lamb.
962 3430 1018 3482 Vul
1081 3434 1219 3502 quandam

63 3527 97 3539 -
116 3496 146 3549 t'n
164 3512 356 3566 quemqueen.
377 3498 504 3550 multum
524 3516 638 3568 quoque
656 3516 706 3552 nos
726 3500 801 3551 iuvit
817 3500 891 3553 Viat.
910 3500 986 3553 Ed.“
1004 3447 1088 3555 Ggredl.
1121 3503 1219 3569 „8ch

61 3567 186 3620 bendum
206 3570 346 3637 perandum
372 3577 406 3620 ut
431 3578 473 3622 est
500 3570 531 3621 in
551 3571 637 3623 Codd.
666 3573 706 3624 Re
728 3606 735 3621 .
757 3570 821 3636 [hie
838 3570 926 3623 habet
942 3570 1062 3641 quidem,
1095 3576 1171 3643 quod
1189 3583 1218 3628 et
1246 3612 1249 3617 -

63 3638 147 3691 docet
164 3648 261 3692 nostra
279 3640 396 3693 collatio
422 3649 452 3692 et
476 3641 549 3694 Gud.
571 3645 596 3695 l.
624 3641 672 3692 ubi
699 3587 776 3693 idem
794 3642 822 3694 le
844 3642 922 3707 itur]
941 3643 1048 3695 duobus
1067 3645 1165 3697 Leidd.
1186 3647 1217 3697 in

61 3726 126 3761 mea
143 3710 196 3761 Ed.
216 3714 277 3764 vet.
295 3710 400 3763 duabus
421 3712 601 3775 Manutianis‚
619 3712 687 3765 Rob.
708 3711 807 3781 Steph.
852 3713 924 3764 amb.
945 3721 999 3765 ete'
1029 3715 1110 3768 Idem
1123 3715 1218 3786 place-

61 3779 108 3831 bat
125 3781 205 3850 prius
223 3783 345 3834 Davisio.
375 3783 433 3835 Cur
448 3783 623 3835 sententiam
640 3783 807 3848 mutaverit,
826 3799 884 3836 non
895 3784 1062 3860 intelligo.“
1079 3784 1215 3844 Bouhier.

62 3849 223 3920 Scripserat
242 3854 381 3904 nimirum
398 3854 466 3905 Dav.
488 3854 519 3904 in
537 3854 590 3906 Ed.
610 3855 636 3908 2
658 3853 806 3921 quandam,
830 3854 886 3907 hac
904 3855 998 3907 addita
1016 3859 1214 3911 annotatione:

60 3922 188 3998 „Vulgg
208 3921 406 3994 infractionem
424 3925 486 3992 qui
492 3926 566 3978 dem
584 3923 675 3977 animi
680 3944 689 3975 .·
714 3941 767 3976 nec
785 3924 872 3977 aliter
889 3927 1000 3977 Nonius
1018 3928 1050 3978 in
1067 3927 1217 3992 infractio-

61 3995 156 4046 nem.“
193 3995 227 4046 In
251 3996 303 4046 Ed.
330 3997 355 4048 3.
389 4002 418 4046 et
444 3995 599 4048 lectionem
626 3995 765 4063 quandam
795 4003 825 4047 et
850 3996 1064 4050 annotationem
1093 3999 1214 4053 abiecit:

61 4065 191 4134 quamvis
211 4082 277 4117 eum
294 4065 392 4116 laudet
409 4065 478 4121 Ern.
500 4067 535 4117 ob
560 4073 710 4136 receptum
729 4066 884 4134 quandam:
909 4067 1046 4120 videlicet
1064 4077 1216 4139 antequam

59 4135 178 4187 tertiam
197 4135 249 4188 Ed.
270 4136 403 4188 vidisset:
433 4136 581 4204 refertque
600 4137 641 4187 sic
667 4135 861 4205 plures'ltlSS.
880 4136 985 4190 habere
1012 4139 1098 4191 etiam
1118 4141 1215 4193 Guelf.

60 4213 94 4258 et·
109 4205 170 4259 edd
190 4215 262 4258 vett.
299 4204 407 4275 Recepi
424 4207 563 4272 quondam
590 4223 656 4258 cum
674 4207 744 4259 Ern.
764 4215 793 4258 et
811 4225 891 4277 seqq.
917 4225 953 4261 ex
977 4210 1063 4263 codd.
1082 4211 1166 4262 Vind.
1189 4215 1212 4265 l.

60 4275 148 4329 Marb.
168 4275 241 4352 Aug.
263 4278 336 4330 Gud.
357 4280 382 4333 2.
404 4275 476 4328 Gud.
497 4276 592 4328 Duisb.
612 4279 688 4327 Mon.
709 4281 733 4332 1.
753 4278 844 4330 tribus
858 4280 927 4332 Oxx.
947 4281 1018 4335 Edd.
1040 4289 1104 4334 ante
1120 4280 1211 4334 Geth.

59 4347 141 4400 Unus
160 4348 209 4400 Ox.
229 4347 314 4400 habet
332 4347 455 4418 quidum.
485 4347 538 4399 Ed.
557 4349 627 4398 Van.
647 4355 736 4399 nostr.
757 4349 899 4416 quamdiu.
920 4351 1009 4403 Rehd.
1029 4368 1091 4403 eam
1113 4367 1214 4403 vocem

61 4419 179 4470 omittit.
217 4419 293 4473 Bene
312 4428 410 4473 monet
427 4417 572 4475 FAWolf.
592 4417 623 4469 in
641 4417 747 4471 scholis
765 4421 839 4474 illud
857 4421 951 4491 ipsum
969 4422 1106 4488 quandam
1124 4420 1214 4492 signi-
