2842 5070
207 299 272 369 sss
408 245 911 385 c1cnnou1sssvusoonsn.
934 295 1165 362 msevvnv.

207 463 363 549 quoniam
391 466 559 543 tamquam
587 481 628 524 ex
660 454 840 545 scruposis'
861 463 991 525 cotibus
1018 463 1210 547 enavigavit
1241 466 1366 544 oratio,

235 672 237 679 Α
280 619 410 684 tanquam
428 631 443 667 e
461 614 637 684 scrupulosis
652 614 770 682 cotibus]
800 615 989 690 „Lugendum
1008 617 1129 668 fortasse
1148 623 1190 681 est
1207 616 1362 685 scrupetis.

207 685 359 739 Lucretius
384 684 460 737 libro
485 687 533 740 IV.
559 685 603 751 [v.
622 687 705 757 sto]
735 684 809 739 laud
835 701 971 756 quaquam
997 686 1074 739 ratio
1101 703 1235 753 scruposa
1264 689 1366 743 relicta

207 757 282 819 αἰξί
305 755 473 812 Lambinus.¹
498 757 543 819 Ad
570 758 702 813 Lucretii
725 757 822 826 locum
846 757 1000 820 Lambinus
1022 775 1051 828 p.
1071 759 1132 812 481.
1155 745 1207 825 ‚edi
1222 759 1362 814 Wechel.

206 828 314 895 „Ratio
333 842 472 895 scruposa,
492 827 633 893 difficilis,
654 846 767 898 aspera3
785 816 791 839 '
801 828 919 880 tralatio
944 847 960 880 a
978 829 1041 879 v'iis.
1080 827 1183 897 Scrupi
1201 837 1300 883 autem
1319 831 1364 883 di·

208 907 315 952 cuntur
340 917 405 952 saxa
429 916 539 968 aspera:
571 915 607 950 ex
631 908 687 968 quo
710 900 874 970 scruposam
900 916 965 950 rein
990 899 1121 963 dicimus,
1155 918 1228 968 quae
1252 901 1364 971 aliquid

94 971 97 984 ’
147 1006 150 1010 ⁸
206 967 293 1023 habet
316 970 348 1021 in
375 987 404 1022 se
428 970 601 1040 asperitatis.
645 972 763 1039 Proprie
789 971 862 1021 dixit
888 970 1005 1023 Plautus
1034 970 1068 1020 in
1090 971 1169 1040 Capi.
1199 987 1363 1040 scruposam

206 1039 283 1097 viam
301 1041 320 1092 i.
341 1058 364 1093 e.
391 1055 517 1113 asperam
542 1049 571 1092 et
590 1042 664 1094 saxis
685 1040 860 1110 impeditam.
882 1042 1013 1109 quamvis
1042 1048 1118 1094 totus
1137 1041 1189 1094 ille
1209 1057 1304 1095 sermo
1324 1044 1363 1096 sit

207 1111 348 1187 allegoria
366 1119 469 1166 tectus.
508 1111 555 1168 Sic
574 1112 667 1186 igitur
684 1113 814 1164 Plautus:
845 1112 864 1162 1
887 1112 977 1175 moda,
1002 1126 1103 1163 venare
1130 1112 1261 1180 leporem,
1292 1124 1363 1166 nunc

208 1183 277 1236 irim
295 1189 378 1235 tenes.
416 1181 478 1234 Non
502 1199 579 1234 rneus
603 1197 761 1250 scruposam
789 1182 878 1235 victus
905 1189 1035 1234 commeat
1052 1185 1159 1236 vium.“
1194 1186 1361 1249 „Manutius

206 1252 262 1306 hoc
281 1253 312 1304 in
330 1252 635 1323 posterioribussEdd.,
655 1255 758 1306 ¹nescio
786 1253 893 1322 quade
913 1268 1003 1317 causa,
1028 1255 1155 1319 mutavit
1178 1263 1207 1308 et
1231 1260 1362 1323 tanquam

207 1340 223 1378 e
240 1326 392 1393 scopulosis
410 1322 523 1378 cotibus
536 1325 664 1394 scripsit.
693 1324 750 1378 Sed
767 1326 850 1376 duras
869 1333 946 1376 cotes
965 1325 1153 1394 scrupulosas,
1173 1326 1203 1376 id
1221 1336 1264 1379 est
1282 1343 1362 1397 aspe-

206 1413 262 1461 ras,
294 1397 366 1448 bene
390 1393 541 1464 appellari,
574 1411 668 1461 neino,
699 1396 812 1466 opinor,
845 1395 1028 1448 initiabitur.
1076 1396 1232 1450 Lambinus
1262 1406 1362 1450 tamen
1393 1438 1396 1442 >

207 1469 352 1535 scmrposis
377 1468 438 1541 legi
460 1467 533 1518 vult.
572 1466 627 1519 Sed
652 1475 682 1518 at
701 1468 897 1534 scrupulosum,
930 1466 1006 1535 quod
1027 1465 1193 1537 aliquid'in
1216 1486 1246 1522 se
1265 1470 1361 1539 asperi

207 1535 303 1603 habet,
322 1556 337 1588 a
356 1538 466 1607 scrupis
485 1537 553 1611 dici,
581 1537 630 1590 vel
658 1555 693 1589 ex
712 1539 796 1590 Festo
824 1544 940 1589 constat.
979 1537 1070 1601 Quare
1094 1537 1172 1590 nihil
1190 1541 1361 1592 mutandum

208 1607 341 1662 censeo.“
359 1610 407 1665 Fr.
427 1609 510 1672 Faor.
547 1610 654 1673 „Recte
672 1618 803 1662 notatum
821 1610 871 1664 Fr.
891 1608 1033 1672 Fabricio,
1060 1625 1119 1661 nou
1137 1610 1234 1676 fuisse,
1255 1629 1309 1662 cur
1326 1611 1359 1662 D.
1404 1669 1407 1671 b

208 1679 364 1733 Lambinus
384 1676 537 1749 reponsr'et
556 1697 571 1732 e
587 1681 725 1746 scruposis
742 1679 856 1744 cotibus,
884 1679 1028 1748 siqnidem
1047 1680 1130 1731 illam
1153 1698 1255 1734 vocem
1274 1681 1360 1756 ag'no·

207 1751 264 1803 'scit
282 1751 393 1803 Festus.
432 1750 480 1803 Sic
499 1749 584 1803 etiam
602 1753 740 1804 Pacuvius
759 1751 791 1802 in
808 1751 924 1820 Niptris
942 1751 1017 1821 apud
1034 1751 1288 1805 Priscianum'lib.
1310 1754 1358 1804 VI.

208 1821 265 1874 col.
286 1825 353 1877 713:
373 1820 505 1874 Advenio‘
520 1821 551 1873 in
569 1823 761 1890 scrupulosam
778 1839 892 1890 mecum.
929 1822 1090 1895 Eleganter
1109 1823 1307 1876 Tertullianus
1326 1825 1361 1877 de

45 1929 50 1944 .
120 1898 127 1913 ·’
208 1893 297 1947 Cultu
315 1894 415 1945 femin.
435 1892 487 1944 lib.
506 1893 544 1944 11.
565 1910 589 1944 c.
612 1897 659 1947 lo:
690 1895 765 1947 Deus
791 1900 818 1947 ct
840 1893 905 1946 auri
928 1900 1005 1946 tanta
1025 1908 1122 1962 opera,
1137 1896 1270 1962 produxit
1288 1912 1360 1948 com-

145 1994 147 1999 .
204 1965 359 2034 plectendis
383 1971 408 2017 et
435 1963 647 2032 distinguendis
673 1965 797 2034 lapillis:
832 1966 996 2032 scrupulosa
1015 1966 1081 2017 deus
1105 1965 1220 2019 sumbus
1240 1968 1367 2019 vulnera⁴

207 2035 313 2090 intulit.
351 2037 386 2088 ln
404 2036 568 2111 significatu
583 2030 789 2106 'metaphorico
813 2037 917 2104 passim
937 2035 1096 2088 occurrit.“
1118 2037 1188 2089 Dav.
1207 2038 1239 2088 in
1256 2038 1309 2089 Ed.
1332 2041 1357 2090 1.

207 2109 296 2172 „Non
314 2107 398 2159 video
423 2124 543 2170 causam,
573 2123 625 2158 cur
647 2115 747 2161 contra
775 2104 872 2160 omnes
891 2105 967 2160 MSS.
988 2123 1042 2176 pro
1061 2108 1227 2174 caupulosis
1248 2106 1357 2159 calidus

201 2177 308 2253 ¹legant
326 2172 614 2248 quidam'scruposis,
644 2179 695 2230 alii
714 2177 867 2246 scopulosis
884 2178 954 2230 locis
972 2185 999 2231 et
1017 2177 1149 2231 cotibus.“
1174 2175 1353 2242 Oudendorp.

189 2249 242 2301 >ad
260 2248 392 2318 Appulej.
412 2250 490 2301 Flor.
510 2251 547 2301 ll.
570 2251 610 2303 12.
630 2267 659 2318 p.
678 2252 722 2303 42.
759 2248 877 2312 „Placet
899 2250 1047 2323 ingeniosa
1062 2246 1202 2312 Lambini,
1225 2246 1358 2300 Bentleii
1402 2269 1406 2273 ’

205 2328 235 2373 et
253 2319 362 2372 Davisii
381 2321 525 2372 correctio
543 2319 714 2386 scruposis.“
737 2318 843 2372 Rom
962 2333 965 2338 ’
1080 2331 1090 2368 .·
1339 2315 1341 2327 ’

204 2402 207 2407 ·
270 2388 323 2459 Ει
342 2390 439 2459 quibus
457 2390 587 2459 quoniam
605 2399 735 2458 tanquam
754 2393 788 2443 ea
805 2389 947 2459 scruposas
958 2389 1061 2443 cotibus
1075 2388 1234 2455 enavigavit
1252 2386 1357 2454 oratio]

206 2459 303 2534 Vulgo
321 2476 335 2512 e
353 2463 532 2530 scrupulosis.
560 2465 629 2536 ch.
649 2479 683 2516 ea
701 2463 881 2531 scrupulosis.
906 2463 975 2538 Leg'.
999 2459 1257 2529 ex'scruposis‚,ut
1277 2461 1358 2511 Lam-

123 2528 131 2539 “
206 2529 291 2582 binus
320 2540 350 2584 et
373 2533 521 2586 Bentleius
549 2535 736 2587 voluerunt.-
758 2533 814 2585 Adi
841 2535 879 2584 sis
910 2533 975 2585 Nic.
1003 2532 1155 2586 Heinsium
1169 2530 1217 2591 ,ad
1248 2529 1359 2582 Valerii

207 2602 306 2655 Flacci
325 2601 366 2655 Ar
388 2620 434 2660 on.
455 2605 492 2667 11,
510 2608 572 2660 618.
609 2607 697 2656 Porro
716 2613 791 2657 cotes
808 2613 858 2656 aut
876 2611 968 2656 cautes
986 2621 1075 2673 aeque
1093 2603 1253 2662 dicinotat
1271 2600 1359 2656 Scho-

205 2672 302 2726 liastes
320 2674 355 2726 ad
367 2621 516 2749 luvenalis
535 2675 591 2728 Sat.
611 2676 661 2740 VI,
680 2677 740 2730 344.
777 2675 919 2749 Virgilius
938 2674 1044 2751 Georg.
1070 2676 1119 2742 IV,
1136 2677 1197 2730 203.

372 2775 405 2785 -
426 2748 555 2800 Errando
573 2747 602 2799 in
621 2745 731 2799 cotibus
749 2747 813 2799 alas
829 2745 984 2799 Attrivere.
1058 2781 1079 2800 0
1106 2796 1108 2802 ,
1183 2783 1185 2787 ⁴

205 2816 376 2870 Prudentius
394 2817 499 2888 Apoth.
525 2837 565 2870 vs.
586 2820 646 2874 429·
739 2840 742 2845 ’
1179 2823 1183 2830 '

115 2895 118 2903 '
322 2942 323 2945 ,
371 2887 513 2942 Caucasea
541 2891 574 2942 ‹le
599 2898 662 2942 cote
682 2921 715 2932 -

206 2959 299 3028 Ipsam
317 2968 388 3012 vero
405 2958 544 3030 loquendi
571 2961 713 3014 rationem
741 2962 851 3030 saepius
873 2960 998 3014 adhibet.
1012 2961 1230 3030 Hieronymus.
1256 2956 1306 3011 Sic
1323 2956 1357 3009 ad
1408 3001 1410 3005 ,

208 3030 397 3084 Heliodorum
415 3033 508 3101 Epist.
529 3036 552 3086 1.
578 3050 643 3109 pag.
663 3036 687 3087 4.
714 3033 756 3084 ed.
776 3033 885 3085 Victor.
924 3033 1059 3087 Quoniam
1077 3048 1092 3084 e
1109 3027 1264 3100 scopulosis
1289 3027 1358 3108 locis

208 3099 416 3169 enavigavit
433 3103 537 3166 oratio,
557 3109 584 3156 et
601 3103 676 3156 inter
694 3119 778 3156 canas
794 3102 912 3171 spumeis
930 3103 1060 3166 fiuctibus
1078 3111 1174 3156 cautes
1192 3099 1311 3168 fragilis
1328 3114 1358 3150 m

206 3173 294 3226 altum
311 3174 408 3243 cymba
424 3175 570 3242 processit.
608 3175 726 3227 Advers.
754 3175 923 3227 Helvidium
947 3192 1007 3243 cap.
1033 3176 1081 3226 IX.
1100 3193 1165 3247 pag.
1186 3167 1266 3229 31ss
1285 3172 1358 3226 Qua·

205 3242 283 3298 niam
300 3245 359 3299 ium
376 3262 391 3297 e
409 3247 533 3300 cautibus
552 3253 577 3298 et
595 3246 772 3314 confragosis
791 3246 860 3298 locis
877 3247 1036 3312 enavigavit
1055 3245 1156 3298 oratio.
1191 3245 1230 3296 Et
1248 3244 1280 3294 in
1298 3241 1358 3293 Ru·

205 3315 298 3368 finum
318 3316 373 3368 lib.
394 3318 416 3369 1.
442 3335 467 3373 c.
488 3321 513 3372 7.
537 3335 564 3386 p.
586 3320 654 3373 499:
683 3317 815 3385 quoniam
838 3320 872 3370 ‹le
896 3317 1079 3385 confragosis
1093 3323 1127 3370 'et
1151 3313 1262 3383 asperis
1288 3311 1358 3366 locis

206 3387 366 3455 enavigavit
384 3388 484 3440 oratio.
511 3389 546 3441 D.
585 3389 638 3439 His
656 3388 734 3441 addit
751 3388 821 3441 Dav.
842 3389 872 3439 in
891 3388 945 3439 Ed.
965 3391 990 3442 2.
1010 3387 1094 3446 haec:
1118 3388 1216 3452 „Haec
1235 3386 1298 3438 loca
1314 3385 1357 3439 fa-

207 3459 297 3522 ciunt,
324 3467 358 3516 ut
385 3461 513 3528 suspicer
533 3477 548 3512 e
567 3460 714 3512 Ciceronis
733 3457 943 3530 exernpla'ribus
963 3459 1074 3527 aliquid
1093 3459 1243 3509 excidisse:
1268 3469 1357 3523 quum

206 3529 286 3582 enim
303 3528 381 3582 MSS.
403 3532 669 3598 quantum'constat
688 3547 795 3595 omnes,
824 3539 857 3582 ut
876 3538 905 3582 at
930 3529 1043 3604 vulgati
1062 3528 1130 3580 dent
1153 3543 1167 3579 e
1186 3523 1358 3594 scrupulosis

205 3599 321 3665 cotibus,
340 3609 410 3672 puto
428 3602 515 3653 fuisso
532 3602 669 3670 primitus
688 3617 702 3653 e
720 3600 874 3670 scopulosis
899 3599 967 3652 locis
986 3607 1013 3652 et
1030 3600 1150 3664 cotibus,
1177 3616 1245 3649 nam
1264 3601 1358 3650 cautes

206 3673 285 3743 ipsae
304 3673 369 3723 sa'xa
388 3681 454 3724 sunt
475 3690 581 3742 aspera,
602 3682 630 3725 et
647 3687 762 3739 scrupus
780 3679 822 3724 est
840 3672 959 3740 lapillus
976 3673 1096 3726 minutus
1114 3675 1141 3721 et
1160 3685 1262 3736 asper,
1281 3663 1357 3720 unde

206 3758 321 3811 scrupea
340 3755 425 3807 saxa,
439 3743 469 3794 id
489 3752 530 3795 est
548 3761 654 3811 aspera.
674 3743 737 3794 Vid.
757 3744 858 3795 Isidor.
880 3743 957 3816 Orig.
977 3743 1049 3795 XVl·
1070 3745 1095 3796 3.
1130 3742 1286 3808 Utcunque
1305 3744 1357 3800 est,

206 3814 302 3866 obiter
320 3814 512 3866 emendandus
531 3812 700 3882 Cyprianus,
719 3823 785 3864 nam
804 3814 838 3864 de
856 3813 974 3865 Mortal'
988 3831 1017 3882 p.
1039 3815 1099 3866 159.
1123 3811 1281 3884 legendum.
1297 3824 1368 3861 ⁸⁶⁰··

204 3886 305 3953 pulosa
323 3900 393 3936 sara
411 3883 664 3948 confringunt,
684 3900 742 3935 non
760 3884 962 3952 constringunt,
984 3893 1018 3935 ut
1036 3890 1079 3949 est
1096 3882 1129 3936 in
1148 3880 1266 3936 editis.“
1293 3873 1356 3933 Mr.

131 3955 135 3966 ’
277 3954 490 4024 Escrupulosis
507 3954 629 4020 cotibus]
667 3955 793 4018 „Patavi
812 3956 882 4007 olim
908 3955 1063 4030 legendum
1081 3952 1235 4020 scopulosis
1254 3968 1290 4004 ex
1309 3950 1357 4003 Or.

207 4026 238 4079 in
253 4027 356 4081 Caecil.
375 4044 399 4088 c.
412 4024 625 4081 ll..Lam'binus
644 4033 672 4077 et
689 4026 837 4078 Bentleius
856 4042 1008 4079 correxere
1027 4027 1178 4092 scruposis,
1198 4023 1358 4092 quodcum

201 4096 378 4167 'scopulosis
401 4095 540 4150 confundi
554 4095 635 4148 solet
658 4097 689 4146 in
714 4097 806 4149 libris.
830 4098 894 4152 Vid.
915 4098 1012 4166 lleins.
1032 4096 1066 4148 ad
1084 4095 1178 4148 Valer.
1199 4095 1295 4147 Flacc.
1317 4093 1357 4145 ΙΙ.

206 4170 266 4224 518.
304 4169 445 4236 Scruposu
462 4182 531 4220 saxu
555 4176 712 4220 occurrunt
734 4169 807 4239 apud
826 4168 1003 4220 Lucanum.“
1026 4169 1094 4219 Ean.
1121 4165 1239 4231 [Lucan.
1259 4162 1358 4216 Phars.

206 4242 240 4305 V,
259 4238 334 4304 sto]
353 4241 388 4291 In
406 4240 453 4291 Or.
473 4239 505 4289 in
524 4237 627 4290 Caecil.
647 4238 667 4289 l.
689 4256 713 4292 c.
734 4248 789 4291 est:
814 4240 956 4308 intelligo,
976 4255 1058 4308 quam
1076 4238 1108 4290 in
1133 4238 1280 4304 scopuloso
1300 4234 1372 4300 aisn

206 4311 326 4377 ficilipue
353 4308 383 4362 in
409 4309 468 4360 loco
493 4323 597 4361 verser.
624 4308 705 4362 Gonf.
730 4310 776 4362 Or.
792 4327 854 4380 pro
881 4311 979 4364 Coelio
1006 4313 1049 4375 21,
1069 4311 1116 4363 51:
1144 4309 1201 4363 Sed
1225 4309 1360 4378 quoniam

128 4412 131 4417 >
206 4379 399 4434 emersisse
416 4381 475 4433 iam
492 4396 508 4432 e
525 4381 641 4445 vadis,
661 4386 686 4434 et
703 4382 870 4449 scopulos
888 4386 1145 4451 praetervecta
1162 4380 1275 4438 videtur.
1292 4393 1360 4433 ora-

207 4451 248 4505 tio
265 4466 336 4519 mea,
352 4450 502 4520 perfacilis
518 4448 588 4506 mili
605 4451 744 4522 reliquus·
757 4466 882 4508 cursus
905 4453 1072 4509 ostenditur.
1111 4453 1171 4507 Mr.
1246 4517 1251 4522 ο
