2842 5070
541 233 668 331 utam
688 261 749 343 111,
768 264 800 330 a.
817 265 847 329 a.
1197 224 1283 335 ⁸ts

128 432 428 517 postmeridianum
453 439 585 511 tempus
609 427 698 513 diae,
715 430 850 511 poposci
879 447 998 493 eorum
1026 430 1186 512 aliquem,
1221 433 1283 512 qui

127 516 278 595 aderant,
306 533 439 577 oausam
465 512 660 582 disserendi.
704 511 793 573 Tum
815 532 869 572 res
892 521 966 574 acta
986 512 1033 574 sic
1055 519 1115 573 est.

209 601 248 662 Λ.
282 595 539 660 Videturmihi
569 593 688 658 cadere
716 596 752 659 ia
780 595 963 679 sapientem
992 593 1178 679 aegritudo.
1229 594 1324 663 Μ.4

127 683 219 756 Num
241 681 388 761 reliquae
410 697 539 760 quoque
555 678 826 759 perturbationes
838 678 954 754 animi,
977 675 1186 754 formidines,
1208 677 1283 739 libi·

128 765 236 834 dines‚
273 759 481 824 iracundiae!
532 760 627 822 Haeo
661 761 750 823 enim
779 764 851 823 iere
887 767 966 822 sunt
993 757 1168 837 eiusmodi,
1201 779 1285 840 quae

782 887 850 894 Q...
1153 885 1289 895 ..ς-ω.

124 939 159 997 ,ιι
177 929 356 982 Academiam
375 929 508 999 exemplo
528 928 665 981 Platonis.
703 929 833 998 Lyceum
851 929 986 999 superius
1006 936 1077 982 erat.
1117 926 1219 996 Itaque
1237 925 1285 981 di·

129 1003 175 1061 xit
192 999 414 1054 descendimaa.“
433 1001 536 1054 Gomm.
557 1002 692 1069 Anonyne.
713 1018 757 1070 sp.
777 999 863 1053 head.
889 998 953 1052 Vid.
975 997 1037 1055 oio.
1064 999 1099 1052 de
1117 996 1183 1051 mv.
1205 997 1228 1052 i.
1256 1001 1282 1054 5.

128 1089 157 1140 p.
176 1075 218 1126 aa.
239 1069 282 1124 ed.
303 1077 392 1123 nostr.
414 1102 447 1114 -
472 1071 537 1126 Duo
556 1071 627 1123 Oxx.
654 1071 795 1123 omittunt
813 1071 895 1125 enim.
925 1068 998 1122 Gud.
1018 1073 1044 1125 2.
1069 1069 1155 1123 habet
1173 1075 1203 1122 sal
1224 1068 1285 1122 lec
1348 1071 1360 1085 ⁸
1385 1097 1387 1105 ·

126 1143 158 1195 in
183 1140 429 1213 achademiam
458 1142 658 1206 descendimus,
687 1143 794 1194 omisso
819 1148 958 1205 noemam
994 1140 1065 1196 (lod.
1091 1140 1164 1214 Aug.
1198 1139 1285 1194 habat

128 1218 252 1266 nostram
269 1213 463 1278 Academiam,
482 1214 567 1269 Vind.
588 1218 612 1268 l.
632 1213 825 1267 descendimus
841 1220 975 1267 nastrum.
1012 1212 1106 1278 Quare
1125 1229 1190 1267 cum
1208 1229 1283 1264 unus

126 1285 197 1338 (iod.
216 1299 275 1336 non
292 1281 396 1336 hebeat
414 1292 549 1349 nostram,
568 1301 659 1353 eaque
677 1300 736 1337 vox
752 1285 784 1336 in
801 1285 869 1338 aliis
887 1283 988 1338 habeat
1015 1284 1113 1336 sedem
1132 1284 1284 1347 incertam,

125 1356 213 1407 facile
231 1352 338 1424 aliquis
357 1371 419 1408 eam
439 1355 596 1409 insititiam
616 1355 774 1422 existimet,
798 1355 857 1408 nisi
881 1355 913 1408 hi
939 1356 995 1424 ipsi
1014 1353 1103 1407 Codd.
1129 1354 1283 1407 admodum

126 1425 229 1480 dubiae
246 1433 343 1478 essent
360 1427 550 1484 auctoritatis.
587 1425 667 1482 Unus
686 1425 738 1480 Ox.
759 1427 872 1479 otnittit
889 1427 978 1480 etiam
995 1428 1035 1492 in,
1055 1429 1129 1481 Μοιι.
1148 1428 1174 1481 2
1194 1425 1284 1478 omit·

130 1497 253 1550 titiam.
292 1497 352 1552 Mn.
621 1550 624 1555 ,

193 1566 462 1636 postmeridianam]
501 1567 574 1622 Gum
600 1568 704 1622 Cicero
728 1568 760 1620 in
779 1568 856 1621 (irat.
877 1570 922 1633 47,
942 1569 1001 1623 157.
1023 1567 1193 1638 scripserit:
1223 1567 1282 1618 lm-

122 1644 263 1708 petratam
285 1644 326 1691 est
352 1653 370 1689 a
397 1640 601 1704 consuetudine,
633 1645 663 1692 at
683 1655 801 1708 peecare
822 1638 973 1693 suavitatis
1000 1653 1086 1690 causa
1111 1638 1225 1690 liceret:
1255 1644 1283 1690 el

152 1708 351 1762 omeridianas
379 1709 548 1776 quadrigae,
578 1723 659 1775 qaam
689 1710 952 1777 postmeridianas
981 1709 1111 1763 libentiae
1141 1709 1283 1763 dixerisne

124 1727 199 1832 diues
217 1779 313 1859 igitur
333 1794 399 1830 eum
425 1780 577 1848 scripserit
596 1778 708 1844 Cicero,
734 1781 860 1834 editores
879 1781 982 1833 invitis
1006 1780 1159 1833 (lodicibus
1184 1795 1282 1833 corre-

126 1859 238 1902 xerunt
250 1849 485 1918 pomeridianam,
505 1867 679 1920 quamquam
698 1865 757 1902 nan
775 1851 871 1904 multi.
908 1850 963 1901 Est
990 1851 1068 1904 enim
1086 1852 1282 1917 postmeridia-

126 1922 240 1974 namin
258 1920 332 1972 Edd.
353 1921 485 1972 omnibus
503 1925 628 1989 'praeter
645 1920 741 1973 lamb.
761 1921 847 1974 head.
876 1920 998 1976 Hwoli.
1024 1921 1168 1976 unwan
1197 1919 1281 1976 Salsa.

126 1991 175 2045 Or.
200 1992 235 2044 ln
255 1991 323 2046 Cod.
342 1991 430 2043 Marb.
450 1991 524 2047 Edd.
544 1993 615 2046 Ven.
641 1998 715 2043 nost.
743 1989 826 2044 Brut.
844 1984 895 2044 rr.
921 1990 1005 2044 Febr.
1027 1989 1114 2043 Goth.
1140 1992 1282 2060 scriptum

126 2071 171 2116 est
189 2062 343 2132 separatim
359 2067 424 2133 pasl
440 2063 635 2115 meridianam.
666 2061 788 2113 Veliam
808 2064 951 2138 Longum,
971 2060 1211 2127 Grammaticum,
1235 2079 1283 2116 re·

125 2135 186 2186 fert
204 2133 262 2199 On,
282 2133 381 2186 locum
402 2133 553 2187 Ciceronis
581 2150 616 2185 ex
636 2133 757 2186 Oratore
781 2133 947 2186 laudantem
966 2131 1103 2186 exhibere
1121 2133 1281 2200 posmeri-

126 2204 237 2260 dianas.
266 2207 406 2261 Variatur
420 2206 507 2257 etiam
528 2203 650 2272 scriptio
669 2204 700 2256 in
719 2205 751 2255 l..
770 2203 824 2256 111.
845 2205 880 2259 de
898 2204 945 2256 Or.
964 2206 993 2267 ⁵,
1013 2207 1063 2258 ils
1082 2203 1132 2255 ubi
1149 2203 1283 2273 plerique

126 2274 264 2329 exhibent
283 2277 355 2328 hiri
373 2278 405 2337 in
420 2275 742 2345 postmeridianam
761 2281 874 2348 lempna,
903 2291 1076 2345 quamquam
1096 2274 1222 2337 maliis,
1247 2291 1283 2327 ex
1396 2316 1403 2326 ,

125 2345 181 2399 illo
199 2345 329 2399 oratoris
349 2346 424 2410 loeo,
454 2353 617 2398 correctum
646 2354 687 2398 est
713 2345 947 2412 pomeridianam.
980 2347 1024 2398 Ad
1042 2344 1155 2398 scholas
1173 2344 1283 2400 Wolfii

125 2416 175 2469 Or.
195 2418 236 2469 ait
254 2415 391 2469 (iadicem
411 2417 511 2469 Medic.
531 2415 607 2486 Epp.
627 2413 661 2467 ed
680 2415 739 2471 Att.
764 2417 858 2471 semel
884 2414 1022 2470 exhibere
1036 2415 1282 2485 parmenidianaa
1316 2455 1319 2459 -

125 2487 202 2550 (sic).
239 2486 388 2541 Similiter
404 2486 493 2541 Mari.
511 2495 578 2540 ante
597 2504 659 2540 eam
679 2488 779 2556 vocem
799 2489 831 2540 in
848 2485 1016 2556 parenthesi
1034 2486 1213 2556 adscriptum
1231 2485 1281 2540 ha-
1310 2484 1313 2488 ’

125 2559 173 2610 bet
188 2572 228 2626 pp
245 2559 265 2610 i.
286 2575 310 2611 e.
327 2575 391 2628 pas.
429 2557 473 2613 Ad
491 2559 664 2612 senteutiam
682 2559 720 2615 cf.
741 2575 829 2628 supra
846 2556 886 2610 11.
912 2562 938 2620 3,
957 2561 982 2614 9.
1002 2558 1066 2611 Duo
1085 2558 1155 2610 011.
1174 2557 1282 2612 habent

125 2629 185 2682 diei
222 2645 255 2682 ro
274 2631 327 2683 die.
365 2631 425 2682 Mr.

222 2700 318 2768 apoaci
337 2728 369 2738 -
389 2717 503 2754 cuasam
528 2699 707 2767 disserendi]
744 2701 792 2769 „i.
813 2718 836 2753 e.
856 2699 945 2765 idaea,
973 2700 1182 2770 quaestionem,
1209 2716 1281 2767 quae

126 2773 276 2824 materiam
295 2772 456 2826 disserendi
475 2772 675 2827 daret.“1irn.
696 2771 765 2829 Ccd.
783 2772 882 2825 Duisb.
911 2771 1023 2825 omittit
1048 2770 1175 2838 aliquem.
1205 2769 1280 2824 Gud.

126 2845 150 2896 i.
176 2860 191 2895 a
218 2860 262 2912 pr.
287 2861 327 2895 m.
353 2842 440 2897 habet
466 2844 582 2911 aliquid,
610 2847 669 2900 ai.
699 2871 729 2882 -
748 2858 850 2911 ‘qaamx
864 2844 917 2898 Eu
933 2841 992 2898 Fr.
1017 2842 1101 2896 Fabr.
1132 2841 1286 2906 adderam.-

126 2913 202 2967 Gud.
224 2919 248 2967 l.
268 2930 347 2983 apr.
373 2931 411 2966 m.
438 2915 504 2981 qaid
527 2913 676 2978 adierant,
724 2915 780 2968 uod
807 2917 867 2970 ai.
891 2920 1056 2968 correctum
1076 2920 1129 2968 est.
1158 2915 1233 2965 Mon.
1256 2915 1278 2967 l.
1341 2956 1342 2961 ,

125 2985 235 3036 aderat.
272 2983 328 3036 Pro
353 2999 469 3036 causam
487 2985 575 3037 Codd.
595 2934 727 3042 llarb.d

125 3054 178 3108 01.
198 3068 306 3106 cancta.
343 3053 424 3107 Unus
443 3055 554 3107 omittit
572 3057 631 3119 eia;
650 3057 724 3110 Gud.
746 3063 775 3110 et
792 3054 882 3109 Rehd.
902 3057 1044 3109 omittunt
1061 3061 1108 3108 est.
1135 3054 1209 3138 Aug.
1229 3053 1281 3106 ha·
1332 3119 1334 3122 ι

125 3125 176 3177 bet
199 3131 257 3176 lum
281 3139 328 3176 rea
350 3123 395 3176 sie
415 3131 478 3178 acta
503 3132 550 3176 est.
587 3124 668 3180 Idem
693 3128 806 3201 pergit:
840 3126 918 3180 Finis
943 3123 1092 3193 pachemii.
1136 3124 1280 3191 incipiant

120 3195 285 3266 pradicama
303 3201 331 3247 et
350 3196 527 3266 subiungitur
545 3193 726 3265 ethimologia
754 3205 780 3251 et
802 3199 915 3263 effectas
938 3195 1070 3248 insaniae
1093 3197 1229 3248 amentiae
1255 3203 1281 3247 et

123 3265 281 3320 demaniae
299 3266 390 3320 marii
406 3273 433 3320 el
450 3269 621 3334 iracundiae,
649 3269 720 3322 assde
738 3268 915 3323 concluditur
931 3269 978 3336 qai
1004 3267 1063 3319 sint
1081 3265 1158 3329 sanie
1183 3267 1300 3319 Bra--

124 3344 186 3391 tae
205 3338 261 3394 (sic
279 3337 404 3406 semper)
427 3339 546 3392 Videtur
563 3347 618 3395 ete.
656 3341 717 3396 Ma.
1025 3345 1028 3350 '
1250 3367 1254 3373 ·

129 3422 132 3426 ·
191 3407 264 3478 ‘Gap
284 3411 310 3469 4.
340 3409 460 3464 Videtur
477 3407 549 3462 milti
566 3411 666 3464 cadere
684 3412 716 3465 in
734 3410 886 3481 sapientem
910 3407 1084 3477 aegritudo]
1119 3408 1200 3460 Unus
1227 3409 1277 3462 01.

127 3480 296 3535 Viderunt.
320 3481 356 3532 ln
375 3499 454 3551 seqq.
475 3481 546 3535 (lad.
565 3485 639 3536 Mon.
662 3487 767 3538 incana
792 3490 974 3553 pro’qaaqae.
1006 3480 1094 3532 Vind.
1113 3481 1138 3534 2.
1168 3480 1280 3533 omittit

106 3551 221 3610 ,anima
258 3553 318 3604 Mr.
396 3584 400 3591 «
770 3565 773 3572 ·
1188 3550 1191 3555 “

153 3634 157 3639 “
195 3623 382 3688 Fannidinea,
400 3623 540 3690 libidines,
568 3623 751 3692 iracundiae]
782 3623 914 3690 '„1nhis
932 3623 1051 3677 vocibus
1070 3639 1167 3675 ornnes
1188 3622 1279 3676 libros

125 3693 205 3745 inter
223 3710 252 3745 se
271 3696 438 3748 consentire
456 3694 558 3750 video:
579 3705 608 3749 et
626 3705 726 3749 tamen
745 3696 776 3747 in
803 3696 946 3749 sententia
970 3708 1084 3759 maneo,
1109 3700 1143 3744 ut
1164 3701 1280 3763 postre-
1340 3749 1343 3751 Α

123 3781 201 3817 mam
219 3781 236 3816 a
255 3765 396 3820 Cicerone
413 3770 537 3837 positam
556 3783 614 3821 non
634 3784 696 3820 esse
714 3767 888 3821 existimem.
911 3766 1000 3832 ⁸(ium
1020 3765 1099 3818 enim
1126 3762 1280 3849 perturba·

108 3835 220 3891 'tiones
239 3835 305 3898 sine
337 3855 422 3891 enare
441 3847 574 3908 quatuor,
594 3837 755 3915 aegritudo,
783 3846 889 3903 suetus,
911 3837 1007 3889 libido
1027 3855 1047 3888 s.
1069 3835 1221 3905 cupiditas,
1251 3842 1280 3887 et

122 3905 257 3982 voluptas
277 3926 298 3961 s.
316 3855 438 3971 deletitia,
458 3908 488 3960 id
507 3918 549 3963 est
567 3911 647 3975 λύπη,
667 3913 767 3979 φόβος,
786 3907 920 3974 lanionia
938 3913 982 3961 sal
1000 3906 1094 3974 ἡδονή,
1121 3905 1279 3977 dequibus
1347 3932 1350 3935 >

123 3975 179 4033 hoc
198 3984 228 4028 et
246 3981 379 4048 sequenti
397 3978 474 4031 libra
490 3981 664 4050 disputatur,
685 3979 857 4034 Ciceronem
875 3979 969 4032 tribus
1026 3977 1144 4031 neribus
1162 3977 1297 4051 positis„

123 4048 222 4116 quarti
241 4047 306 4102 loco
323 4051 408 4103 tertii
426 4058 540 4119 partem
558 4069 734 4117 numerasse,
759 4066 819 4104 non
837 4054 955 4123 'possum
973 4069 989 4103 a
1009 4049 1077 4103 duci
1101 4055 1136 4100 ut
1153 4047 1278 4102 credam.

125 4119 292 4184 Quaerenda
319 4121 414 4196 igitur
440 4136 497 4173 vox
520 4129 571 4185 est,
622 4141 657 4174 aa
679 4121 766 4189 idom>
786 4121 979 4195 exprimatur,
1003 4127 1035 4176 ⁴et
1053 4118 1222 4186 videndum,
1242 4135 1279 4170 an

122 4189 309 4244 incendentes
332 4192 371 4244 eit
389 4191 578 4267 legendum.“
625 4209 651 4244 r.
671 4193 782 4247 aalma
1064 4195 1067 4199 ’
1096 4241 1099 4248 ,

194 4260 370 4328 iracundiae]
408 4264 444 4316 ln
462 4279 553 4336 marg.
572 4261 685 4316 Lumbi.
705 4273 736 4318 et
751 4261 839 4316 Goth.
859 4269 902 4316 est
920 4262 1086 4316 coniectura
1104 4261 1277 4330 cupiditates.

123 4330 206 4385 Hanc
226 4333 437 4388 costantini
456 4335 655 4388 coniecturam
673 4351 732 4388 non
750 4332 890 4389 debebant
905 4331 1179 4388 dimetientem.
1193 4329 1276 4384 Salsa.

123 4401 160 4455 ln
176 4399 248 4457 ool.
269 4403 344 4458 osa.
365 4412 389 4463 l.
410 4422 469 4462 vax
486 4403 621 4461 talama
638 4421 724 4480 supra
742 4407 798 4460 lin.
810 4403 926 4474 scripta
942 4411 989 4458 est
1004 4421 1023 4457 a
1039 4422 1079 4458 m.
1098 4405 1125 4460 i.
1151 4401 1280 4476 Egregia

729 2984 792 3040 ehd.
814 2984 890 3039 Gud.
918 3003 993 3037 nnus
1012 2984 1062 3037 Ox.
1083 2998 1178 3049 caasa,
1205 2983 1280 3037 alias
