2842 5070
422 339 427 346 ·
488 329 501 361 ,·
547 354 550 359 Α
572 300 703 406 LlBEll
723 298 784 380 IV,
804 301 856 367 23.
1239 299 1304 368 385

143 459 304 558 'patibiles
326 477 360 533 et
381 467 515 531 dolores
545 475 579 530 et
611 467 742 529 labores
777 462 927 548 putandi.
969 463 1075 526 Haec⁴
1093 484 1197 546 quum
1224 484 1303 527 eon-

146 560 265 619 stitnta
286 560 366 616 sunt
387 549 512 614 iudicio
533 560 631 631 atque
652 551 827 626 sententia,
849 555 922 618 tum
943 555 994 608 est
1015 549 1153 610 robusta
1181 547 1240 609 illa
1267 555 1303 617 et

146 624 279 701 stabilis
299 632 482 697 fortitudo:
507 634 574 692 nisi
594 629 681 693 forte
703 649 786 712 qnae
806 631 1033 712 vehementer,
1062 633 1199 705 acriter,
1218 630 1302 690 «eni-

146 740 238 782 mose
258 714 637 793 fiunt,.iraeunde·iieri
654 716 875 794 suspicamur.
917 713 1005 774 Mihi
1026 732 1069 774 ne
1090 712 1205 794 Scipio
1227 713 1304 792 qui·
1339 748 1340 753 κ

146 803 223 865 dem
244 803 302 862 ille
322 798 478 860 Pontifex
499 799 673 873 maximus,
696 798 752 879 qui
773 794 837 857 hoc
857 793 1051 858 Stoicorum
1084 814 1202 856 verum
1231 812 1302 854 esse

147 875 342 975 declaravit,
364 882 540 962 Nanqoam
558 881 719 960 priiatan
740 898 808 940 esse
828 881 1013 958 sapientem,
1035 879 1144 940 iratus
1164 874 1302 939 videtur

146 1071 234 1125 Laod.
253 1070 321 1123 Dav.
342 1070 388 1121 Or.
407 1068 482 1121 Tbn.
519 1067 602 1122 Solus
621 1068 686 1122 God.
713 1069 787 1120 Mon
810 1071 835 1121 1.
852 1065 970 1120 ,omittit
988 1069 1060 1131 eant,
1093 1081 1150 1134 quo
1175 1080 1233 1118 non
1252 1064 1303 1118 atl-

146 1143 263 1195 modum
280 1145 559 1222 aegre'careremus:
576 1139 629 1192 sed
648 1138 708 1193 eius
726 1137 809 1190 verbi
828 1137 891 1190 loco
910 1135 963 1189 iste
981 1136 1059 1189 liber
1075 1135 1162 1190 habet
1179 1137 1302 1222 glossam

121 1256 124 1278 ,
146 1229 248 1283 parurn
273 1221 367 1282 aptam
392 1209 525 1274 iniuriae,
559 1228 614 1279 qua
639 1211 789 1271 extrusam·
809 1225 867 1260 esse
890 1215 970 1277 patet
994 1224 1096 1261 vocem
1119 1227 1135 1262 a
1161 1208 1317 1272 Cicerone

146 1284 294 1352 scriptam.
320 1280 393 1336 Edd.
418 1281 549 1350 reliquae
571 1289 642 1333 vett.
669 1287 735 1333 ante
759 1279 844 1332 Grut.
859 1277 977 1331 babent
996 1278 1215 1351 Contemnendae
1238 1286 1302 1333 sunt

147 1353 285 1406 hnmanae
303 1368 363 1417 res;
395 1351 485 1405 Gebh.
513 1361 543 1405 et
565 1369 645 1420 seqq.
670 1351 886 1408 contemnendae
909 1365 956 1402 ree
979 1355 1043 1402 eant
1066 1348 1210 1417 humanae,
1241 1352 1303 1415 sine
1357 1360 1359 1366 ’

146 1423 240 1490 libris,
253 1431 293 1475 'ut
310 1423 444 1475 videtur..
472 1424 537 1475 Post
562 1438 638 1474 neore
657 1422 724 1474 Cod.
744 1422 829 1473 vind.
848 1425 873 1475 1.
901 1421 1011 1472 omittit
1029 1428 1080 1473 est.
1117 1422 1177 1475 Me.

218 1512 353 1580 patibiles
372 1517 398 1564 et
419 1511 531 1574 dolores
550 1515 576 1562 et
595 1510 705 1563 labores
720 1509 863 1578 putandi]
892 1507 1004 1572 „Morbi
1024 1516 1053 1560 et
1070 1509 1181 1562 labores
1198 1510 1304 1577 patibi-

147 1583 190 1636 Iee
208 1584 355 1646 dicuntur,
383 1584 434 1651 qui
452 1582 526 1634 ferri
544 1579 722 1649 tolerarique
742 1588 770 1632 et
787 1581 896 1650 possint
922 1587 952 1632 et
970 1578 1098 1633 debeant.
1119 1589 1152 1617 -’-
1187 1580 1304 1643 Dicitur

147 1663 178 1705 et
195 1654 314 1722 patibile
334 1653 365 1702 in
384 1652 476 1705 activa
494 1651 716 1724 significatione,
742 1650 818 1720 quod
829 1651 901 1720 >pati
919 1658 1022 1720 potest,
1045 1651 1124 1714 *sicut
1142 1651 1304 1720 impatibile

148 1723 279 1792 (proprie
298 1722 504 1786 intolerabile),
529 1721 606 1790 quod
629 1723 690 1792 pati
714 1738 772 1774 non
796 1729 898 1790 potest.
939 1720 1114 1787 Lactantius,
1137 1721 1325 1790 lrnpatibile‘·

147 1794 183 1846 de
206 1792 363 1862 impatibili
395 1793 468 1845 oriri
492 1808 550 1843 non
578 1791 692 1861 posse.“
715 1792 851 1845 Beroald.
897 1792 1030 1843 Activam
1061 1792 1305 1865 significationem

146 1864 233 1916 habes
260 1863 348 1916 detN.
369 1862 402 1926 D.
429 1863 550 1919 111.1t:
586 1878 801 1930 eatnqaeemne
826 1863 934 1914 animai
957 1862 1151 1930 patibilem
1175 1869 1304 1916 naturam

147 1934 255 1990 babeat.
276 1966 309 1977 —
346 1934 490 1986 Lactantii
515 1934 604 1994 locus,
631 1934 681 1985 ubi
705 1934 802 1996 eadem
823 1933 1000 1995 vox-eadem
1024 1932 1136 2008 legitur
1159 1935 1305 2008 significa-

146 2007 238 2070 tione,
258 2013 301 2056 est
317 2003 382 2058 Div.
402 2004 472 2056 lnst.
492 2004 560 2069 vll,
576 2003 620 2067 20,
641 2008 670 2058 7:
697 2005 793 2056 aninia
812 2034 845 2044 -
862 2003 992 2071 patibilis
1013 2035 1043 2046 -
1063 2020 1099 2056 ec
1119 2022 1225 2073 poenae
1242 2021 1306 2057 een-

147 2076 221 2128 tiene
239 2093 266 2146 p·
285 2077 338 2130 958
357 2075 400 2126 ed.
418 2075 538 2128 Biinem.
561 2093 589 2144 p·
608 2077 668 2131 571.
694 2075 736 2128 ed.
761 2074 894 2131 Dufresn.
920 2075 969 2126 ubi
992 2075 1079 2126 multi
1102 2075 1173 2136 libri
1198 2076 1306 2136 habent
1399 2118 1401 2122 Α

143 2146 301 2216 passibilis.
339 2147 470 2215 Utroque
489 2145 639 2199 Ciceronis
662 2145 726 2197 loco
749 2142 862 2197 diversa
879 2144 1090 2219 significatione
1113 2147 1238 2216 positum
1258 2147 1306 2200 ci-

147 2218 248 2270 ceroni
265 2217 382 2268 videtur
399 2213 475 2277 ἅπαξ
491 2210 649 2284 λεγόμενον.
679 2216 765 2269 codd.
783 2215 873 2269 Rehd.
899 2225 928 2268 et
942 2216 1040 2270 ‘Duisb
1060 2217 1167 2270 habent
1185 2225 1211 2271 et
1229 2219 1306 2271 labo·
1407 2258 1413 2269 .

146 2305 196 2340 res
213 2295 247 2341 et
268 2289 387 2340 dolores.
429 2288 515 2340 Unus
534 2289 590 2341 Oxi*
612 2304 678 2338 cum
707 2289 782 2338 Mon.
804 2290 829 2340 1.
857 2287 968 2338 omittit
992 2295 1018 2339 et
1042 2288 1161 2343 iabores.
1203 2289 1304 2342 Paullo

146 2360 277 2428 superius
297 2358 362 2410 Cod.
379 2357 468 2410 Rehd.
487 2357 574 2409 habet
591 2355 733 2422 bumana,
753 2358 784 2408 in
797 2357 869 2419 Gud.
891 2366 955 2426 post
973 2347 1109 2411 hnmanae
1126 2360 1305 2427 ientaculo
1363 2384 1368 2392 κ

146 2428 261 2552 librprii
280 2429 439 2551 aberrppte
474 2427 680 2498 scriptumest
706 2427 844 2481 indicio
869 2436 976 2497 atque
1002 2429 1181 2483 sententia
1211 2430 1329 2498 negti--

167 2515 200 2551 en
223 2516 240 2551 a
263 2507 317 2554 etc.
390 2515 415 2551 r.
567 2545 569 2550 .
842 2509 846 2512 ’
1269 2543 1275 2552 .

144 2515 167 2637 ,ὅ
217 2571 295 2621 Haec
313 2585 392 2636 qaam
410 2568 563 2624 constituta
581 2568 689 2636 rant}
716 2569 786 2635 „Sic
804 2569 932 2624 latinitas
950 2568 1084 2640 postulat.
1122 2570 1304 2656 Vulgo'sint,
1348 2627 1350 2631 ,

117 2671 118 2674 =
145 2641 223 2710 quod
241 2649 282 2694 est
300 2641 468 2706 vitiosum.“
485 2642 555 2695 Ean.
587 2644 743 2712 Perperam
765 2643 877 2696 Nissen.
896 2651 1052 2712 utrumque
1070 2642 1141 2694 bene
1160 2640 1219 2694 dici
1237 2660 1307 2695 con·
1363 2641 1365 2646 ’

146 2712 250 2778 tendit.
287 2712 469 2783 Receperunt
493 2709 612 2774 Ernesti
636 2712 865 2774 emendationem
883 2729 962 2783 seqq.
982 2730 1068 2783 quam
1092 2729 1169 2764 nunc
1187 2713 1306 2781 firmant

148 2783 233 2835 Codd.
253 2782 344 2836 Rehd.
365 2792 395 2836 et
414 2783 488 2849 Gud.
507 2786 543 2849 2.,
562 2784 603 2836 ita
621 2792 790 2849 ,tarnenput
809 2785 949 2853 omittant·
964 2800 1053 2852 quum.
1089 2784 1155 2845 Post
1173 2790 1255 2848 atque
1273 2785 1306 2836 in

147 2853 220 2906 Edd.
240 2855 321 2908 Junt.
341 2855 411 2905 Ven.
430 2863 520 2906 nostr.
538 2854 603 2909 Asc.
623 2857 650 2909 2.
664 2855 751 2906 'Crat
773 2854 854 2922 Camp
874 2855 1007 2922 sequitur
1034 2853 1219 2908 constanti
1242 2871 1306 2909 cett·

148 2925 249 2977 tentia.
269 2927 344 2976 Mon.
363 2926 390 2980 2.
410 2924 546 2990 trifarie.
583 2927 639 2977 Pro
663 2930 720 2976 tum
737 2925 848 3000 legitur
873 2933 969 2989 tamen
984 2920 1109 2989 in'Gud.
1130 2928 1155 2981 2.
1182 2928 1258 2978 Mon.
1279 2931 1305 2983 l.

146 2995 292 3065 posterior
310 2992 413 3047 omisso
431 3002 480 3047 eet·
517 2996 552 3047 ln
571 2995 645 3049 Gud.
665 2996 776 3070 legitur
794 2996 1058 3059 robustaestilia.
1076 2996 1170 3048 Verba
1188 2997 1304 3063 acriter,
1404 3039 1411 3054 .

148 3065 273 3118 animose
290 3064 392 3116 absunt
410 3082 425 3116 a
444 3063 517 3118 Gud.
538 3067 563 3119 l.
601 3065 704 3140 lungit
721 3067 822 3119 Cicero
842 3067 876 3120 de
895 3066 949 3122 Off.
969 3067 993 3118 Ι.
1014 3071 1057 3124 26·
1077 3069 1125 3122 92:
1137 3069 1305 3137 magnifice,

145 3135 289 3204 graviter,
307 3132 440 3187 animose.
478 3136 538 3188 Mr.
951 3160 953 3164 Α
1315 3166 1318 3172 ·

220 3221 299 3276 Mitt
319 3239 354 3276 ne
371 3220 468 3291 Scipio
494 3223 604 3293 quidem
625 3221 697 3289 ille]
718 3225 776 3278 ‘Ati
796 3244 859 3279 rem
878 3227 954 3280 conf.
975 3225 1102 3279 Savelius
1120 3227 1156 3279 ad
1174 3227 1221 3279 Or.
1240 3234 1306 3294 post
1391 3285 1394 3290 ,

147 3293 216 3346 Red.
236 3296 267 3346 in
287 3293 352 3346 Sen.
371 3312 400 3364 p.
421 3297 473 3350 13⁰
491 3312 532 3364 sq.
559 3294 653 3359 „Cum
670 3295 733 3348 Tib.
754 3296 1124 3371 Gracchuslargitionibus
1136 3295 1306 3351 exhauriret

148 3365 302 3430 aerarium,
336 3365 365 3418 le
388 3383 473 3436 esque
505 3367 599 3417 ferret
614 3366 753 3439 agrarias
780 3368 965 3437 perniciosas,
1002 3372 1115 3419 senatus
1142 3386 1158 3420 a
1181 3367 1305 3421 Consule

147 3438 242 3489 Mucio
261 3383 397 3490 Scaevoia
414 3435 556 3488 auxilium
574 3435 689 3507 petivit.
726 3436 871 3492 Ille-'vero
889 3437 1008 3513 negavit
1026 3455 1055 3491 se
1072 3455 1126 3507 per
1142 3437 1203 3490 vim
1223 3437 1306 3508 quic-

140 3523 235 3575 xquam
252 3515 401 3572 acturum‚·
432 3516 495 3559 tum
513 3506 612 3576 Scipio
631 3507 736 3559 Nasica
761 3508 856 3578 palam
880 3509 1060 3579 praedicavit
1077 3509 1306 3562 sessdefensorem

148 3583 262 3628 senatus
289 3579 362 3630 fore.
407 3579 452 3630 Ita
476 3593 508 3630 eo
534 3577 609 3630 duce
632 3577 804 3630 interfectus
829 3579 1306 3649 est·in2Capitolio=Gracchus.“

150 3646 254 3698 Gonane.
274 3648 366 3699 Anon.
392 3665 436 3718 ap.
456 3647 540 3701 head.
571 3649 691 3701 Factum
714 3650 756 3701 es't
782 3650 839 3702 hoc
863 3668 887 3701 a.
907 3669 935 3702 u.
956 3667 980 3704 c.
1000 3653 1075 3705 621.Ι
1098 3651 1154 3703 Pro
1180 3649 1252 3703 mibi
1270 3666 1306 3704 ne

149 3726 192 3786 est
209 3712 279 3770 miti
297 3726 377 3770 aero
395 3734 429 3770 ne
447 3719 478 3769 in
495 3719 566 3771 Edd.
586 3719 895 3792 anteGrut.-exceptis
913 3723 943 3778 P.
958 3723 992 3771 V.
1004 3721 1072 3773 nob:
1093 3719 1193 3791 Steph.
1208 3722 1305 3788 Laod„

149 3787 226 3857 quod
251 3802 309 3838 non
336 3796 493 3861 agnoscunt
512 3789 596 3841 Codd.
626 3800 745 3860 excepto
764 3781 846 3844 vini.
870 3796 894 3846 l.
931 3794 966 3845 In
985 3792 1059 3845 Gud.
1079 3797 1103 3847 1.
1124 3795 1150 3846 2.
1174 3794 1214 3845 Re
1237 3830 1242 3842 .
1264 3801 1307 3845 est
1386 3818 1388 3828 .

147 3855 227 3912 Mili
252 3874 315 3923 me,
342 3857 467 3910 inssGudi
493 3857 634 3912 mihimet
653 3866 699 3925 εἰς
726 3863 801 3915 unde
820 3872 883 3915 orta
901 3871 954 3914 est
971 3863 1091 3932 scriptio
1110 3863 1197 3915 Codd.
1244 3863 1304 3915 arb.

148 3930 233 3980 unius
252 3927 443 3981 Ox..minime.
465 3929 530 3981 eod.
549 3930 639 3983 Rehd.
661 3931 778 3986 exhibet
796 3926 892 4002 Scipio
909 3934 956 3994 ill
962 3937 976 3986 e
994 3934 1054 4000 qni
1060 3936 1079 3987 d
1085 3951 1141 3987 em.
1176 3936 1240 3986 Post
1258 3935 1324 4002 qai

148 4000 226 4052 abest
250 3997 301 4051 boa
323 4017 338 4051 a
363 3999 447 4050 Codd.
475 3999 548 4052 Gud.
577 4009 605 4052 et
630 4017 687 4054 uno
712 4004 762 4055 Ox.
804 4006 905 4079 Pergit
937 4005 1010 4057 Gud.
1036 4009 1060 4059 l.
1094 4005 1305 4070 Stoicicornm,

149 4071 224 4124 Gud.
244 4073 269 4125 2.
289 4069 392 4123 Stoici
415 4083 579 4138 qnttrttna.⁴
605 4069 665 4125 Ma.
891 4119 894 4124 .
957 4101 959 4105 ν

219 4140 393 4206 Privatum]
411 4139 497 4205 „Alii
517 4140 588 4209 libri
607 4140 711 4207 [Edd.]
726 4158 822 4212 amnes
847 4143 899 4195 hic
916 4144 1049 4198 mendose
1067 4145 1171 4219 legunt
1189 4147 1305 4209 iratam,

150 4212 227 4284 quod
244 4213 381 4264 mendum
396 4227 458 4272 ,non
478 4228 536 4264 esse
555 4210 783 4265 animadversum
801 4214 833 4265 ab
852 4215 897 4279 iis,
928 4216 979 4284 qui
1005 4216 1116 4285 saepius
1141 4217 1193 4268 lios
1217 4216 1306 4285 libros

149 4301 216 4337 cum
241 4282 319 4336 MSS.
343 4289 555 4352 compararunt,
588 4281 689 4334 miror.
734 4284 768 4335 ln
798 4294 895 4337 nostro
919 4285 1027 4356 scripto
1053 4287 1212 4356 exemplari
1237 4281 1307 4336 vera

150 4354 238 4406 lectio
260 4361 397 4416 remanet,
432 4371 517 4422 quarn
543 4352 689 4404 Victorius
716 4353 748 4405 in
766 4356 848 4410 Varr.
868 4357 962 4410 Lectt.
981 4357 1084 4413 11:24.
1113 4358 1169 4409 iam
1193 4355 1307 4425 pridem

122 4424 309 4498 publicavit
328 4433 358 4478 et
379 4422 608 4495 comprobavit‘f
631 4424 696 4493 Fra.
715 4424 832 4482 Febris.
899 4490 905 4498 ‚
957 4491 970 4499 ν

177 4525 257 4573 cicero
267 4527 332 4575 Tuae.
344 4528 416 4587 alep.
426 4529 463 4575 ed.
478 4527 564 4574 Moser.
579 4526 604 4571 Τ.
615 4527 645 4570 Η
1037 4536 1079 4598 25
1091 4491 1099 4515 .-
