2842 5070
126 320 169 385 aa
336 286 833 379 mc'nmmsnnscatan.
857 309 1084 378 msrorar.

128 483 194 557 illi3
215 482 300 545 hanc
320 482 410 544 enim
431 481 605 558 insaniam,
627 499 711 562 qnae
732 480 846 541 iuncta
867 480 1029 542 stultitiae
1050 487 1143 562 patet
1168 479 1283 552 latine,

128 568 286 628 ainrore
307 563 545 652 disinngimns:
564 562 685 624 Gracci
706 562 826 625 volunt
847 563 900 622 illi
920 561 1063 644 quidem,
1086 560 1144 623 scd
1161 581 1283 642 parum

78 692 83 699 ·
126 648 240 711 velent
274 647 396 709 verbo:
427 667 526 728 quem
556 665 616 706 nos
637 647 799 720 furorem,
826 638 1045 726 μελαγχολίαν
1072 644 1122 703 illi
1146 654 1281 730 vocant.

126 730 228 794 Quasi
250 749 333 791 vero
355 729 511 791 atrabili
533 729 640 790 solum
663 746 766 804 mens,
789 745 827 786 ac
848 746 915 787 non
936 744 1034 808 saepe
1060 726 1116 787 vel
1147 726 1283 787 iracun-

129 810 184 872 dia
204 813 364 898 graviore
384 813 438 872 vel
460 812 583 872 timore
610 810 665 871 vel
681 807 810 871 'dolore
837 812 1029 871 moveaturl
1063 827 1127 890 quo
1156 827 1283 895 genere

125 893 371 964 Athamantem,
391 893 635 971 Alcmaeonem,
656 890 802 966 Aiacem,
826 890 979 952 Orestem
1000 893 1115 953 furere
1128 889 1283 956 dicimus.

125 977 192 1040 Oui
217 978 266 1036 ita
288 977 332 1037 sit
352 977 500 1052 affectus,
523 994 600 1036 eum
621 973 793 1036 dominum
822 992 894 1036 esse
921 993 1036 1034 rernm
1056 992 1193 1036 suarum
1225 994 1285 1037 re·

125 1065 200 1119 tant
221 1056 396 1119 duodecim
417 1057 557 1119 tabulae.
600 1055 716 1138 Itaque
737 1075 803 1118 nou
826 1063 876 1116 est
905 1058 1077 1137 scriptum,
1099 1054 1140 1116 SI
1165 1054 1284 1117 INSA·

126 1238 216 1308 ipen.
253 1241 334 1294 Unus
357 1241 406 1294 Ox.
431 1239 504 1293 Gud.
525 1241 551 1296 2.
576 1248 605 1293 et
632 1242 706 1293 Mon.
731 1241 756 1294 2.
799 1237 849 1293 Ea
873 1246 965 1293 tamen
989 1238 1078 1308 ipen.
1109 1239 1197 1290 Illarb.
1232 1240 1284 1293 Ea

126 1315 218 1363 tamen
235 1309 335 1380 ipsam.
362 1310 459 1364 Duisb.
486 1327 537 1364 noa
561 1309 662 1374 melina
681 1310 887 1394 distinguimus.
906 1311 989 1394 ⁸Gud.
1009 1309 1120 1363 omittit
1138 1325 1198 1374 noa,
1226 1327 1284 1380 qno

124 1389 270 1504 litat
284 1379 1285 1522 naastan.aa..1·.t¹a'instantiamea

125 1531 224 1574 monet
243 1523 431 1590 Camerarius,
460 1524 537 1594 quod
554 1523 656 1577 Cicero
674 1522 730 1575 hoc
750 1539 863 1592 quoque
889 1521 955 1575 loco
972 1520 1090 1595 linguae
1108 1520 1216 1574 latinae
1235 1538 1285 1575 co·

125 1594 204 1663 piam
223 1592 325 1647 efferat
343 1612 429 1665 supra
438 1596 564 1648 Graecae
583 1592 700 1668 linguae
719 1591 825 1658 laudes,
845 1591 875 1644 id
886 1590 1101 1645 condonandum
1116 1609 1174 1644 esse
1189 1593 1284 1647 studio

126 1665 245 1717 fortasse
268 1664 362 1718 nimio
391 1664 555 1720 celebrandi
576 1664 741 1716 domestica.
763 1666 812 1701 -’
832 1663 931 1736 Pergit
956 1681 1028 1715 nnus
1052 1662 1102 1715 Ox.
1123 1680 1189 1714 cum
1208 1663 1283 1716 Gud.

127 1743 156 1787 et
174 1736 250 1786 tlon.
270 1737 296 1790 2.
317 1752 399 1804 quam
416 1734 500 1806 ipsi.
538 1734 621 1788 Alius
640 1735 690 1788 Ox.
712 1734 743 1785 in
761 1752 840 1803 seqq.
861 1749 932 1803 qnae
950 1732 1035 1803 qnia
1052 1731 1158 1789 lunda.
1177 1735 1285 1786 Brutus

127 1821 164 1856 ex
182 1804 248 1857 cod.
270 1805 384 1875 Gryph.
415 1807 542 1859 enotavit
571 1821 641 1875 qaae
671 1811 801 1859 cuncta·
828 1803 902 1856 Gud.
924 1809 948 1859 1.
975 1806 1048 1879 Aug.
1078 1812 1112 1856 et
1129 1823 1203 1856 unus
1231 1806 1282 1858 Ox.

127 1874 233 1928 habent
251 1875 380 1930 stultitia.
420 1877 481 1930 Me.
925 1880 928 1886 '
1334 1935 1338 1939 ⁴

198 1962 216 1998 a
233 1946 330 2011 farore
348 1945 560 2014 disiungimur]
579 1945 669 2011 „Pali
689 1963 744 1998 sec.
765 1951 858 2016 quart.
880 1933 974 2015 qirint.
994 1943 1058 1998 Ulr.
1078 1945 1162 2009 Fabr.
1182 1945 1285 2000 dietin-

126 2019 247 2083 guimna.
275 2018 382 2070 male.“
410 2016 494 2071 Geot.
531 2017 612 2070 ldem
636 2015 742 2069 habent
765 2025 825 2069 tres
848 2017 918 2070 Oxx.
945 2015 1033 2068 Illarb.
1069 2015 1104 2068 ln
1121 2016 1221 2069 Duisb.
1242 2026 1285 2070 est

127 2086 216 2142 distin
238 2085 278 2138 ni.
316 2088 376 2144 Mr.

198 2104 303 2211 Ggraeci
321 2159 416 2211 volunt
437 2159 483 2213 illi
502 2154 628 2228 quidem]
665 2156 792 2218 Primam
818 2173 919 2210 vocem
945 2158 1124 2211 aLibrariis
1142 2156 1285 2210 adiectam

127 2236 207 2348 puto.
246 2228 332 2281 Certe
351 2229 468 2280 omnino
492 2238 534 2282 est
558 2245 778 2300 supervacanea.
813 2228 856 2280 De
881 2245 915 2281 re
934 2229 993 2299 ipsa
1011 2229 1077 2282 vide
1096 2229 1172 2282 Cael.
1192 2227 1287 2283 Aure·

120 2298 240 2352 ‘iaumn
256 2299 345 2350 Morb.
372 2299 478 2352 Chron.
498 2301 521 2365 1,
540 2303 567 2355 6.
604 2299 641 2352 D.

201 2369 304 2422 Graeci
321 2370 413 2423 volunt
430 2370 478 2423 illi
495 2370 620 2440 quidem]
651 2369 767 2423 Davisio
786 2369 843 2421 iam
862 2369 1010 2422 oblocutus
1030 2379 1072 2437 est
1090 2370 1202 2441 Wopk.
1222 2371 1286 2422 lau·

129 2438 202 2490 datis
221 2439 303 2504 locis,
323 2441 424 2509 quibus
442 2441 517 2494 idem
535 2439 707 2494 vocabulum
724 2440 823 2511 paucis
849 2440 1010 2493 interiectis
1029 2442 1168 2494 recurrit.
1202 2441 1285 2508 ldem

128 2509 241 2578 aliquot
258 2509 335 2561 locos
353 2511 447 2577 affert,
467 2512 578 2581 quibus,
597 2520 629 2564 ut
648 2511 697 2577 ait,
722 2510 904 2580 pleonasmus
928 2513 1106 2581 pronominis
1124 2512 1169 2566 ila·
1187 2512 1287 2566 firme·

129 2587 192 2631 tur:
222 2597 275 2633 nee
292 2598 361 2634 vero
380 2582 414 2636 de
433 2600 464 2635 ca
482 2601 514 2636 re
533 2591 665 2635 accurate
684 2583 838 2652 disputans.
866 2581 929 2633 vid.
950 2597 1019 2650 qnos
1038 2600 1088 2635 nos
1106 2582 1286 2644 laudavimus

128 2647 163 2702 'ad
181 2651 241 2704 cic.
261 2650 296 2703 de
315 2643 411 2727 lagg(
424 2654 446 2706 Ι.
467 2652 492 2708 2.
520 2671 548 2723 p.
571 2656 612 2708 19.
633 2655 656 2706 1.
676 2655 719 2709 21.
745 2671 772 2722 p.
793 2655 843 2707 131
862 2669 903 2721 sq.
931 2653 965 2705 ad
989 2653 1022 2706 de
1044 2655 1114 2724 Rep.
1134 2655 1173 2709 Il.
1193 2658 1235 2708 ll.
1255 2673 1284 2724 p.

128 2723 189 2776 239.
210 2722 244 2774 ad
262 2721 296 2774 de
314 2723 414 2776 Divin.
434 2725 456 2775 1.
476 2725 520 2777 to.
540 2741 567 2794 p.
590 2726 648 2778 1⁰1.
669 2723 703 2775 ad
720 2723 804 2775 Tusc.
825 2724 848 2776 Ι.
867 2726 893 2778 3.
913 2726 939 2778 6.
966 2722 1009 2776 Ad
1027 2727 1121 2778 volunt
1139 2724 1285 2799 intelligit

128 2792 199 2844 Em.
220 2793 360 2846 insaniam
378 2811 396 2847 a
414 2794 509 2860 farore
528 2794 714 2861 distinguere.
751 2795 847 2847 Recte.
875 2796 929 2846 Pro
948 2792 995 2847 tat
1020 2804 1062 2847 est
1079 2795 1154 2849 illud
1176 2797 1207 2846 in
1226 2813 1284 2849 uno

130 2863 180 2916 Ox.
220 2863 302 2916 Solus
324 2865 420 2917 Duisb.
449 2865 535 2918 habet
558 2866 651 2918 oolnnl
681 2865 779 2920 illud
804 2864 906 2917 idem.
931 2865 985 2917 Ed.
1014 2866 1063 2918 Fr.
1089 2867 1170 2918 Fabr.
1198 2865 1285 2920 habet

127 2949 274 3002 parvum
292 2936 392 2989 calent.
412 2934 498 2987 Vind.
519 2940 544 2990 l.
561 2952 662 3004 parum
679 2936 790 2988 cerba
811 2934 941 2988 calent.
961 2935 1034 2988 Edd.
1053 2938 1123 2991 Ven.
1144 2945 1234 2989 nostr.
1255 2947 1286 2991 et

130 3003 165 3056 Α.
182 3022 285 3074 parum
309 3007 400 3060 valent
427 3007 543 3060 verba.
580 3008 615 3058 ln
638 3025 717 3076 seqq.
745 3005 1146 3062 scribiturrmelanconianam
1164 3009 1197 3059 in
1215 3008 1283 3062 Ood.

129 3075 214 3199 Anp„
233 3076 438 3131 melancholian
456 3079 487 3128 in
507 3077 579 3130 Gud.
600 3082 624 3132 1.
644 3077 837 3131 melancoliam
855 3077 887 3128 in
905 3077 978 3147 Gud.
997 3083 1024 3134 2.
1044 3078 1142 3131 Duisb.
1162 3082 1237 3132 Mon.
1259 3085 1283 3135 l.

129 3163 172 3199 me
184 3145 341 3202 anatoliam
359 3149 391 3200 in
404 3148 495 3202 ,Marb
516 3150 591 3200 lllou.
611 3151 636 3203 2.
656 3148 728 3201 Edd.
748 3150 828 3200 Junt.
848 3148 918 3203 Ven.
946 3159 1035 3203 nostr.
1062 3148 1125 3207 Asc.
1145 3153 1173 3206 2.
1211 3150 1284 3203 Cum

129 3217 204 3274 Gud.
226 3222 249 3272 l.
270 3221 341 3272 facit
358 3221 423 3271 Asc.
444 3223 468 3273 1.
505 3220 560 3270 Pro
583 3217 632 3272 illi
659 3229 701 3272 est
718 3219 778 3286 ipsi
796 3220 828 3270 in
842 3218 922 3270 'Edd.
942 3221 971 3270 P.
991 3222 1024 3272 A.
1044 3221 1076 3272 B.
1095 3219 1122 3272 S.
1142 3221 1176 3272 E.
1198 3220 1228 3273 C.
1249 3223 1282 3272 V.

128 3291 199 3341 Veri.
228 3299 316 3343 nostr.
343 3291 407 3360 Asc.
428 3293 452 3344 1.
473 3290 501 3343 2.
529 3291 609 3341 Jnnt.
635 3291 703 3343 Rob.
730 3289 841 3359 steph„
871 3306 925 3342 nec
948 3308 1017 3344 vero
1049 3292 1080 3342 in
1103 3307 1161 3344 uno
1180 3291 1231 3344 Ox.
1251 3301 1285 3343 ut

128 3360 277 3432 aberrante
296 3360 380 3413 oculo
398 3359 514 3429 scripsit
533 3361 581 3413 Or.
619 3362 679 3414 Me.

200 3450 245 3502 ael
262 3451 362 3502 timore
391 3448 436 3500 vel
459 3447 569 3515 dolore]
606 3449 668 3502 Duo
685 3449 785 3520 priora
802 3451 889 3504 verba
908 3451 974 3504 Cod.
995 3449 1070 3503 Gud.
1090 3455 1116 3505 l.
1136 3453 1251 3504 nonnisi
1269 3471 1286 3504 a

129 3535 169 3570 m.
188 3520 215 3572 2.
234 3537 320 3589 supra
337 3520 445 3571 lineam
463 3519 572 3589 scripta
588 3519 681 3574 habet.
702 3521 775 3574 Gud.
800 3521 916 3574 exbibet
934 3523 980 3574 ael
997 3522 1093 3574 dolore
1111 3525 1157 3576 ael
1173 3526 1283 3577 timore.

85 3587 91 3596 ’
130 3589 187 3642 Sed
204 3605 263 3641 non
281 3599 333 3655 est,
352 3589 429 3658 quod
448 3589 514 3642 inde
532 3590 640 3642 duobus
663 3592 725 3643 illis
748 3593 843 3644 verbis
867 3593 952 3645 litem
974 3609 1095 3645 moveas.
1132 3594 1212 3646 Unus
1230 3594 1282 3647 Ox.
1324 3597 1328 3606 “

129 3667 297 3714 moveantur.
335 3661 370 3712 ln
388 3660 560 3727 nominibus,
579 3680 651 3730 quae
669 3671 839 3732 sequuntur,
866 3663 993 3733 propriis
1011 3664 1137 3731 peccari,
1165 3674 1285 3718 nonest

130 3731 208 3800 quod
225 3730 350 3782 mireris.
388 3728 437 3783 Sic
460 3748 488 3791 v.
508 3749 532 3783 c.
559 3735 645 3786 lllarb.
674 3731 874 3798 Atlemantern,
902 3734 1048 3787 Aleionem
1066 3767 1098 3777 -
1119 3733 1283 3793 horrentem,

130 3801 206 3852 Gud.
226 3816 278 3869 pro
297 3801 389 3852 altero
401 3801 515 3855 nomine
528 3801 613 3856 habet
632 3795 900 3858 telamonem.'unus
912 3806 961 3857 Ox.
981 3803 1166 3872 Athamanta,
1185 3805 1286 3861 Atett-

130 3887 244 3925 menem,
281 3870 387 3923 Deliis
413 3889 600 3943 personarum
623 3875 802 3949 tragicarum
820 3875 992 3941 nominibus,
1020 3893 1143 3944 quarum
1161 3877 1285 3930 historia

54 3944 60 3948 ⁴
130 3941 298 3996 allomanis
322 3943 415 4012 politis
439 3945 496 3996 suis
522 3943 627 3996 fabulis
651 3964 667 3998 e
693 3945 815 3998 Graecia
837 3945 971 4014 repetitis
996 3946 1106 3999 intexta
1126 3956 1197 4013 erat,
1227 3965 1286 4000 non

131 4019 183 4074 est,
202 4011 279 4080 quod
297 4029 436 4079 moneam,
456 4032 522 4066 curn
540 4015 647 4085 ubique
670 4015 740 4067 libri
759 4016 951 4084 reperiantur,
981 4017 1013 4066 in
1040 4018 1143 4085 quibus
1171 4027 1285 4070 tantum

131 4089 210 4133 certe
230 4081 264 4134 de
283 4081 319 4134 iis
338 4086 501 4154 exponitur,
522 4095 661 4155 quantum
674 4087 709 4138 ad
727 4085 952 4159 intelligendum
961 4087 1040 4138 hunc
1053 4086 1149 4139 locum
1162 4090 1284 4143 sufficit.

131 4151 238 4205 Furere
263 4161 357 4207 autem
385 4155 466 4221 dicit,
501 4166 631 4225 tempore
654 4164 812 4227 praesente,
841 4158 907 4226 quia
934 4158 1022 4210 etiam
1047 4165 1117 4211 tunc
1142 4159 1173 4209 in
1201 4177 1285 4213 scena

131 4225 306 4292 conspicere
322 4243 379 4279 eos
391 4227 523 4279 homines
549 4227 665 4278 licebat.
701 4228 735 4280 In
758 4244 836 4296 seqq.
856 4227 929 4303 Aug.
958 4230 1070 4292 effectae
1086 4245 1140 4298 pm
1158 4231 1283 4294 affectus.

132 4291 240 4349 Gutta.
259 4310 374 4350 enarum
392 4315 494 4362 reram,
514 4297 610 4349 Duisb.
631 4313 725 4350 rernm
743 4312 858 4351 enarum
876 4314 943 4350 ease.
976 4299 1083 4350 Mirum
1102 4309 1144 4352 est
1162 4300 1194 4351 in
1212 4301 1283 4353 Edd.

132 4365 213 4415 Junt.
228 4366 271 4489 Bi}
290 4368 319 4418 B.
348 4370 518 4438 nrrdecim
542 4368 660 4422 intutae.
700 4370 781 4421 Unus
806 4369 855 4422 Ox.
881 4368 965 4422 habet
992 4368 1034 4421 ita
1059 4370 1133 4437 qnod
1156 4387 1209 4439 pro
1227 4372 1284 4426 ita·

132 4451 190 4500 qne.
264 4455 286 4490 r.
