<?xml version="1.0" encoding="UTF-8"?>
<!DOCTYPE html PUBLIC "-//W3C//DTD XHTML 1.0 Transitional//EN"
    "http://www.w3.org/TR/xhtml1/DTD/xhtml1-transitional.dtd">
<html xmlns="http://www.w3.org/1999/xhtml" xml:lang="en" lang="en">
 <head>
  <title>
</title>
<meta http-equiv="Content-Type" content="text/html;charset=utf-8" />
  <meta name='ocr-system' content='tesseract 3.04.00' />
  <meta name='ocr-capabilities' content='ocr_page ocr_carea ocr_par ocr_line ocrx_word'/>
</head>
<body>
  <div class='ocr_page' id='page_1' title='image "./mtulliiciceroni00davigoog_0318.png"; bbox 0 0 2842 5070; ppageno 0'>
   <div class='ocr_carea' id='block_1_1' title="bbox 479 303 1221 409">
    <p class='ocr_par' dir='ltr' id='par_1_1' title="bbox 479 303 1221 409">
     <span class='ocr_line' id='line_1_1' title="bbox 479 303 1221 409; baseline 0.004 -20"><span class='ocrx_word' id='word_1_1' title='bbox 479 325 610 389; x_wconf 80' lang='lat' dir='ltr'><strong>uranu</strong></span> <span class='ocrx_word' id='word_1_2' title='bbox 639 325 700 406; x_wconf 75' lang='grc' dir='ltr'><strong>ιν,</strong></span> <span class='ocrx_word' id='word_1_3' title='bbox 729 326 777 389; x_wconf 82' lang='lat' dir='ltr'><strong>ra</strong></span> <span class='ocrx_word' id='word_1_4' title='bbox 1007 347 1010 353; x_wconf 95' lang='lat'>·</span> <span class='ocrx_word' id='word_1_5' title='bbox 1085 303 1086 308; x_wconf 67' lang='lat'>&#39;</span> <span class='ocrx_word' id='word_1_6' title='bbox 1157 325 1221 409; x_wconf 82' lang='lat' dir='ltr'><strong>soe</strong></span> 
     </span>
    </p>
   </div>
   <div class='ocr_carea' id='block_1_2' title="bbox 63 489 1277 825">
    <p class='ocr_par' dir='ltr' id='par_1_2' title="bbox 64 489 1277 582">
     <span class='ocr_line' id='line_1_2' title="bbox 64 489 1277 582; baseline -0.009 -24"><span class='ocrx_word' id='word_1_7' title='bbox 64 495 275 582; x_wconf 79' lang='lat' dir='ltr'><strong>Intelligatur</strong></span> <span class='ocrx_word' id='word_1_8' title='bbox 296 494 412 578; x_wconf 82' lang='lat' dir='ltr'><strong>igitur,</strong></span> <span class='ocrx_word' id='word_1_9' title='bbox 436 492 734 576; x_wconf 75' lang='lat' dir='ltr'><strong>perturbationem,</strong></span> <span class='ocrx_word' id='word_1_10' title='bbox 767 489 968 554; x_wconf 85' lang='lat' dir='ltr'><strong>iactantibus</strong></span> <span class='ocrx_word' id='word_1_11' title='bbox 993 508 1029 564; x_wconf 86' lang='lat' dir='ltr'><strong>se</strong></span> <span class='ocrx_word' id='word_1_12' title='bbox 1050 490 1217 573; x_wconf 88' lang='lat' dir='ltr'><strong>opinioni·</strong></span> <span class='ocrx_word' id='word_1_13' title='bbox 1233 493 1277 547; x_wconf 81' lang='grc'><strong>24.</strong></span> 
     </span>
    </p>

    <p class='ocr_par' dir='ltr' id='par_1_3' title="bbox 63 573 1218 825">
     <span class='ocr_line' id='line_1_3' title="bbox 64 573 1218 655; baseline -0.006 -15"><span class='ocrx_word' id='word_1_14' title='bbox 64 579 125 641; x_wconf 90' lang='lat' dir='ltr'><strong>bus</strong></span> <span class='ocrx_word' id='word_1_15' title='bbox 159 579 387 639; x_wconf 74' lang='lat' dir='ltr'><strong>inconstanter</strong></span> <span class='ocrx_word' id='word_1_16' title='bbox 419 583 452 637; x_wconf 89' lang='lat' dir='ltr'><strong>et</strong></span> <span class='ocrx_word' id='word_1_17' title='bbox 473 573 620 652; x_wconf 79' lang='lat' dir='ltr'>turbide,</span> <span class='ocrx_word' id='word_1_18' title='bbox 654 576 689 635; x_wconf 91' lang='lat' dir='ltr'><strong>in</strong></span> <span class='ocrx_word' id='word_1_19' title='bbox 712 582 805 634; x_wconf 88' lang='lat' dir='ltr'><strong>motu</strong></span> <span class='ocrx_word' id='word_1_20' title='bbox 837 593 907 636; x_wconf 88' lang='lat' dir='ltr'><strong>esse</strong></span> <span class='ocrx_word' id='word_1_21' title='bbox 938 591 1082 655; x_wconf 82' lang='lat' dir='ltr'><strong>semper:</strong></span> <span class='ocrx_word' id='word_1_22' title='bbox 1115 576 1218 654; x_wconf 87' lang='lat' dir='ltr'><strong>quum</strong></span> 
     </span>
     <span class='ocr_line' id='line_1_4' title="bbox 64 657 1217 739; baseline -0.003 -19"><span class='ocrx_word' id='word_1_23' title='bbox 64 669 175 722; x_wconf 91' lang='lat' dir='ltr'><strong>autem</strong></span> <span class='ocrx_word' id='word_1_24' title='bbox 197 659 252 720; x_wconf 91' lang='lat' dir='ltr'><strong>hic</strong></span> <span class='ocrx_word' id='word_1_25' title='bbox 273 662 391 720; x_wconf 85' lang='lat' dir='ltr'><strong>fervor</strong></span> <span class='ocrx_word' id='word_1_26' title='bbox 414 658 658 739; x_wconf 78' lang='lat' dir='ltr'><strong>concitatioque</strong></span> <span class='ocrx_word' id='word_1_27' title='bbox 678 658 783 718; x_wconf 89' lang='lat' dir='ltr'><strong>animi</strong></span> <span class='ocrx_word' id='word_1_28' title='bbox 805 657 1057 733; x_wconf 78' lang='lat' dir='ltr'><strong>inveteraverit,</strong></span> <span class='ocrx_word' id='word_1_29' title='bbox 1080 663 1114 717; x_wconf 89' lang='lat' dir='ltr'><strong>at</strong></span> <span class='ocrx_word' id='word_1_30' title='bbox 1134 665 1217 716; x_wconf 87' lang='lat' dir='ltr'><strong>tam-</strong></span> 
     </span>
     <span class='ocr_line' id='line_1_5' title="bbox 63 737 1216 825; baseline -0.005 -21"><span class='ocrx_word' id='word_1_31' title='bbox 63 762 161 825; x_wconf 85' lang='lat' dir='ltr'><strong>quam</strong></span> <span class='ocrx_word' id='word_1_32' title='bbox 182 745 217 804; x_wconf 91' lang='lat' dir='ltr'><strong>in</strong></span> <span class='ocrx_word' id='word_1_33' title='bbox 240 744 333 803; x_wconf 90' lang='lat' dir='ltr'><strong>venis</strong></span> <span class='ocrx_word' id='word_1_34' title='bbox 354 739 570 822; x_wconf 79' lang='lat' dir='ltr'><strong>medullisque</strong></span> <span class='ocrx_word' id='word_1_35' title='bbox 590 738 764 818; x_wconf 82' lang='lat' dir='ltr'><strong>insederit,</strong></span> <span class='ocrx_word' id='word_1_36' title='bbox 785 749 856 801; x_wconf 88' lang='lat' dir='ltr'><strong>tum</strong></span> <span class='ocrx_word' id='word_1_37' title='bbox 870 740 999 801; x_wconf 84' lang='lat' dir='ltr'><strong>exsistit</strong></span> <span class='ocrx_word' id='word_1_38' title='bbox 1014 746 1048 800; x_wconf 91' lang='lat' dir='ltr'><strong>et</strong></span> <span class='ocrx_word' id='word_1_39' title='bbox 1068 737 1216 816; x_wconf 86' lang='lat' dir='ltr'><strong>morbus,</strong></span> 
     </span>
    </p>
   </div>
   <div class='ocr_carea' id='block_1_3' title="bbox 20 904 1328 4557">
    <p class='ocr_par' dir='ltr' id='par_1_4' title="bbox 20 904 1328 2326">
     <span class='ocr_line' id='line_1_6' title="bbox 63 904 1328 1053; baseline -0.004 -70"><span class='ocrx_word' id='word_1_40' title='bbox 63 904 253 1053; x_wconf 42' lang='lat' dir='ltr'><strong>inrogetthqq</strong></span> <span class='ocrx_word' id='word_1_41' title='bbox 276 929 357 1000; x_wconf 86' lang='lat' dir='ltr'><strong>(puto</strong></span> <span class='ocrx_word' id='word_1_42' title='bbox 384 918 568 994; x_wconf 73' lang='lat' dir='ltr'><strong>inconstanti)</strong></span> <span class='ocrx_word' id='word_1_43' title='bbox 590 935 617 981; x_wconf 88' lang='lat' dir='ltr'><strong>et</strong></span> <span class='ocrx_word' id='word_1_44' title='bbox 640 921 758 982; x_wconf 78' lang='lat' dir='ltr'><strong>turbido</strong></span> <span class='ocrx_word' id='word_1_45' title='bbox 775 927 806 981; x_wconf 89' lang='lat' dir='ltr'><strong>in</strong></span> <span class='ocrx_word' id='word_1_46' title='bbox 831 925 925 982; x_wconf 87' lang='lat' dir='ltr'><strong>animo</strong></span> <span class='ocrx_word' id='word_1_47' title='bbox 949 932 1041 980; x_wconf 85' lang='lat' dir='ltr'><strong>motas</strong></span> <span class='ocrx_word' id='word_1_48' title='bbox 1064 941 1122 979; x_wconf 88' lang='lat' dir='ltr'><strong>esse</strong></span> <span class='ocrx_word' id='word_1_49' title='bbox 1147 940 1216 978; x_wconf 83' lang='lat' dir='ltr'><strong>sem·</strong></span> <span class='ocrx_word' id='word_1_50' title='bbox 1319 975 1328 986; x_wconf 69' lang='grc'>,</span> 
     </span>
     <span class='ocr_line' id='line_1_7' title="bbox 83 1019 1128 1058; baseline 0.004 -4"><span class='ocrx_word' id='word_1_51' title='bbox 83 1020 120 1054; x_wconf 86' lang='lat' dir='ltr'><strong>er.</strong></span> <span class='ocrx_word' id='word_1_52' title='bbox 206 1019 220 1053; x_wconf 84' lang='lat' dir='ltr'><strong>e</strong></span> <span class='ocrx_word' id='word_1_53' title='bbox 255 1040 261 1053; x_wconf 91' lang='lat'><strong>.</strong></span> <span class='ocrx_word' id='word_1_54' title='bbox 721 1046 722 1053; x_wconf 70' lang='grc'>,</span> <span class='ocrx_word' id='word_1_55' title='bbox 997 1035 1000 1041; x_wconf 78' lang='lat'><strong>,</strong></span> <span class='ocrx_word' id='word_1_56' title='bbox 1125 1054 1128 1058; x_wconf 85' lang='lat'>.</span> 
     </span>
     <span class='ocr_line' id='line_1_8' title="bbox 61 1017 1216 1138; baseline -0.003 -14"><span class='ocrx_word' id='word_1_57' title='bbox 61 1017 81 1069; x_wconf 64' lang='lat' dir='ltr'><em>p</em></span> <span class='ocrx_word' id='word_1_58' title='bbox 135 1072 317 1138; x_wconf 79' lang='lat' dir='ltr'><strong>intelligatur</strong></span> <span class='ocrx_word' id='word_1_59' title='bbox 343 1071 444 1138; x_wconf 81' lang='lat' dir='ltr'><strong>igitar,</strong></span> <span class='ocrx_word' id='word_1_60' title='bbox 475 1069 741 1138; x_wconf 84' lang='lat' dir='ltr'><strong>perturbationem,</strong></span> <span class='ocrx_word' id='word_1_61' title='bbox 776 1067 947 1123; x_wconf 81' lang='lat' dir='ltr'><strong>iactantibus</strong></span> <span class='ocrx_word' id='word_1_62' title='bbox 977 1084 1008 1122; x_wconf 87' lang='lat' dir='ltr'><strong>se</strong></span> <span class='ocrx_word' id='word_1_63' title='bbox 1030 1066 1216 1138; x_wconf 57' lang='lat' dir='ltr'><strong>fcpinionibus</strong></span> 
     </span>
     <span class='ocr_line' id='line_1_9' title="bbox 62 1138 1304 1213; baseline -0.002 -19"><span class='ocrx_word' id='word_1_64' title='bbox 62 1143 263 1196; x_wconf 80' lang='lat' dir='ltr'><strong>inconstanter</strong></span> <span class='ocrx_word' id='word_1_65' title='bbox 287 1152 316 1196; x_wconf 89' lang='lat' dir='ltr'><strong>et</strong></span> <span class='ocrx_word' id='word_1_66' title='bbox 335 1140 461 1205; x_wconf 79' lang='lat' dir='ltr'><strong>turbide,</strong></span> <span class='ocrx_word' id='word_1_67' title='bbox 492 1140 523 1192; x_wconf 91' lang='lat' dir='ltr'><strong>in</strong></span> <span class='ocrx_word' id='word_1_68' title='bbox 541 1147 622 1192; x_wconf 89' lang='lat' dir='ltr'><strong>motu</strong></span> <span class='ocrx_word' id='word_1_69' title='bbox 641 1157 699 1193; x_wconf 83' lang='lat' dir='ltr'><strong>esse</strong></span> <span class='ocrx_word' id='word_1_70' title='bbox 716 1140 833 1208; x_wconf 84' lang='lat' dir='ltr'><strong>semper]</strong></span> <span class='ocrx_word' id='word_1_71' title='bbox 870 1141 943 1194; x_wconf 77' lang='lat' dir='ltr'><strong>(ium</strong></span> <span class='ocrx_word' id='word_1_72' title='bbox 966 1140 1150 1213; x_wconf 81' lang='lat' dir='ltr'><strong>perturbatio</strong></span> <span class='ocrx_word' id='word_1_73' title='bbox 1176 1138 1237 1192; x_wconf 72' lang='lat' dir='ltr'><strong>sit&#39;</strong></span> <span class='ocrx_word' id='word_1_74' title='bbox 1302 1138 1304 1149; x_wconf 73' lang='lat'><strong>⁴</strong></span> 
     </span>
     <span class='ocr_line' id='line_1_10' title="bbox 61 1209 1215 1276; baseline -0.003 -11"><span class='ocrx_word' id='word_1_75' title='bbox 61 1221 156 1265; x_wconf 87' lang='lat' dir='ltr'><strong>motus</strong></span> <span class='ocrx_word' id='word_1_76' title='bbox 173 1212 264 1264; x_wconf 89' lang='lat' dir='ltr'><strong>animi</strong></span> <span class='ocrx_word' id='word_1_77' title='bbox 282 1212 425 1276; x_wconf 88' lang='lat' dir='ltr'><strong>turbidus,</strong></span> <span class='ocrx_word' id='word_1_78' title='bbox 444 1218 503 1274; x_wconf 90' lang='lat' dir='ltr'><strong>aut,</strong></span> <span class='ocrx_word' id='word_1_79' title='bbox 523 1218 556 1262; x_wconf 90' lang='lat' dir='ltr'><strong>ut</strong></span> <span class='ocrx_word' id='word_1_80' title='bbox 574 1211 653 1265; x_wconf 76' lang='lat' dir='ltr'><strong>Zeno</strong></span> <span class='ocrx_word' id='word_1_81' title='bbox 672 1211 815 1276; x_wconf 84' lang='lat' dir='ltr'><strong>definivit,</strong></span> <span class='ocrx_word' id='word_1_82' title='bbox 842 1227 943 1266; x_wconf 79' lang='lat' dir='ltr'><strong>auersa</strong></span> <span class='ocrx_word' id='word_1_83' title='bbox 961 1229 982 1264; x_wconf 90' lang='lat' dir='ltr'><strong>a.</strong></span> <span class='ocrx_word' id='word_1_84' title='bbox 997 1217 1076 1264; x_wconf 86' lang='lat' dir='ltr'><strong>recia</strong></span> <span class='ocrx_word' id='word_1_85' title='bbox 1094 1209 1215 1273; x_wconf 84' lang='lat' dir='ltr'><strong>ratione,</strong></span> 
     </span>
     <span class='ocr_line' id='line_1_11' title="bbox 61 1281 1216 1352; baseline -0.003 -15"><span class='ocrx_word' id='word_1_86' title='bbox 61 1290 158 1337; x_wconf 83' lang='lat' dir='ltr'><strong>contra</strong></span> <span class='ocrx_word' id='word_1_87' title='bbox 177 1291 316 1346; x_wconf 88' lang='lat' dir='ltr'><strong>naturam,</strong></span> <span class='ocrx_word' id='word_1_88' title='bbox 336 1282 427 1335; x_wconf 87' lang='lat' dir='ltr'><strong>animi</strong></span> <span class='ocrx_word' id='word_1_89' title='bbox 445 1281 604 1346; x_wconf 64' lang='lat' dir='ltr'><strong>commatice</strong></span> <span class='ocrx_word' id='word_1_90' title='bbox 624 1297 676 1334; x_wconf 89' lang='lat' dir='ltr'><strong>nos</strong></span> <span class='ocrx_word' id='word_1_91' title='bbox 695 1282 857 1336; x_wconf 80' lang='lat' dir='ltr'><strong>certabant</strong></span> <span class='ocrx_word' id='word_1_92' title='bbox 876 1281 987 1347; x_wconf 81' lang='lat' dir='ltr'><strong>Cicero,</strong></span> <span class='ocrx_word' id='word_1_93' title='bbox 1015 1300 1106 1352; x_wconf 86' lang='lat' dir='ltr'><strong>quum</strong></span> <span class='ocrx_word' id='word_1_94' title='bbox 1130 1281 1216 1335; x_wconf 88' lang='lat' dir='ltr'><strong>docet</strong></span> 
     </span>
     <span class='ocr_line' id='line_1_12' title="bbox 60 1351 1214 1424; baseline -0.004 -16"><span class='ocrx_word' id='word_1_95' title='bbox 60 1353 310 1424; x_wconf 85' lang='lat' dir='ltr'><strong>perturbationem</strong></span> <span class='ocrx_word' id='word_1_96' title='bbox 329 1355 361 1406; x_wconf 90' lang='lat' dir='ltr'><strong>in</strong></span> <span class='ocrx_word' id='word_1_97' title='bbox 379 1360 460 1406; x_wconf 84' lang='lat' dir='ltr'><strong>motu</strong></span> <span class='ocrx_word' id='word_1_98' title='bbox 480 1370 539 1405; x_wconf 89' lang='lat' dir='ltr'><strong>esse</strong></span> <span class='ocrx_word' id='word_1_99' title='bbox 558 1369 682 1423; x_wconf 81' lang='lat' dir='ltr'><strong>semper,</strong></span> <span class='ocrx_word' id='word_1_100' title='bbox 702 1370 755 1406; x_wconf 89' lang='lat' dir='ltr'><strong>seu</strong></span> <span class='ocrx_word' id='word_1_101' title='bbox 771 1361 885 1407; x_wconf 83' lang='lat' dir='ltr'><strong>rnatum</strong></span> <span class='ocrx_word' id='word_1_102' title='bbox 897 1352 1061 1418; x_wconf 84' lang='lat' dir='ltr'><strong>turbidum,</strong></span> <span class='ocrx_word' id='word_1_103' title='bbox 1077 1351 1214 1423; x_wconf 84' lang='lat' dir='ltr'><strong>quamdiu</strong></span> 
     </span>
     <span class='ocr_line' id='line_1_13' title="bbox 61 1417 1215 1494; baseline -0.001 -18"><span class='ocrx_word' id='word_1_104' title='bbox 61 1431 207 1490; x_wconf 87' lang='lat' dir='ltr'><strong>movetur,</strong></span> <span class='ocrx_word' id='word_1_105' title='bbox 237 1441 351 1494; x_wconf 86' lang='lat' dir='ltr'><strong>semper</strong></span> <span class='ocrx_word' id='word_1_106' title='bbox 376 1422 502 1476; x_wconf 89' lang='lat' dir='ltr'><strong>moveri!</strong></span> <span class='ocrx_word' id='word_1_107' title='bbox 541 1423 645 1494; x_wconf 45' lang='lat' dir='ltr'><strong>Grave,</strong></span> <span class='ocrx_word' id='word_1_108' title='bbox 655 1425 761 1493; x_wconf 87' lang='lat' dir='ltr'><strong>procul</strong></span> <span class='ocrx_word' id='word_1_109' title='bbox 788 1422 873 1476; x_wconf 91' lang='lat' dir='ltr'><strong>dubio</strong></span> <span class='ocrx_word' id='word_1_110' title='bbox 893 1423 966 1478; x_wconf 85' lang='lat' dir='ltr'><strong>latet</strong></span> <span class='ocrx_word' id='word_1_111' title='bbox 985 1424 1133 1489; x_wconf 85' lang='lat' dir='ltr'><strong>suendum,</strong></span> <span class='ocrx_word' id='word_1_112' title='bbox 1165 1417 1215 1475; x_wconf 84' lang='lat' dir='ltr'><strong>cui</strong></span> 
     </span>
     <span class='ocr_line' id='line_1_14' title="bbox 58 1492 1215 1566; baseline -0.001 -20"><span class='ocrx_word' id='word_1_113' title='bbox 58 1493 190 1549; x_wconf 89' lang='lat' dir='ltr'><strong>tollendo</strong></span> <span class='ocrx_word' id='word_1_114' title='bbox 209 1497 290 1566; x_wconf 89' lang='lat' dir='ltr'><strong>quasi</strong></span> <span class='ocrx_word' id='word_1_115' title='bbox 307 1496 385 1546; x_wconf 83' lang='lat' dir='ltr'><strong>viam</strong></span> <span class='ocrx_word' id='word_1_116' title='bbox 404 1493 510 1546; x_wconf 80' lang='lat' dir='ltr'><strong>sternit</strong></span> <span class='ocrx_word' id='word_1_117' title='bbox 527 1493 584 1545; x_wconf 88' lang='lat' dir='ltr'><strong>Pal.</strong></span> <span class='ocrx_word' id='word_1_118' title='bbox 601 1503 709 1565; x_wconf 74' lang='lat' dir='ltr'><strong>quart.</strong></span> <span class='ocrx_word' id='word_1_119' title='bbox 747 1494 774 1547; x_wconf 86' lang='lat' dir='ltr'><strong>Is</strong></span> <span class='ocrx_word' id='word_1_120' title='bbox 792 1492 888 1557; x_wconf 85' lang='lat' dir='ltr'><strong>babet,</strong></span> <span class='ocrx_word' id='word_1_121' title='bbox 915 1493 1215 1562; x_wconf 79' lang='lat' dir='ltr'><strong>intellegaturigt&#39;tnr</strong></span> 
     </span>
     <span class='ocr_line' id='line_1_15' title="bbox 60 1562 1213 1635; baseline -0.002 -17"><span class='ocrx_word' id='word_1_122' title='bbox 60 1564 279 1635; x_wconf 88' lang='lat' dir='ltr'><strong>perturbatione</strong></span> <span class='ocrx_word' id='word_1_123' title='bbox 297 1565 466 1632; x_wconf 81' lang='lat' dir='ltr'><strong>iactantibus</strong></span> <span class='ocrx_word' id='word_1_124' title='bbox 483 1562 662 1632; x_wconf 76' lang='lat' dir='ltr'><strong>opinionibus</strong></span> <span class='ocrx_word' id='word_1_125' title='bbox 681 1566 927 1618; x_wconf 73' lang='lat' dir='ltr'><strong>inconstanteret</strong></span> <span class='ocrx_word' id='word_1_126' title='bbox 946 1564 1103 1618; x_wconf 88' lang='lat' dir='ltr'><strong>turbidoin</strong></span> <span class='ocrx_word' id='word_1_127' title='bbox 1115 1565 1213 1617; x_wconf 86' lang='lat' dir='ltr'><strong>animo</strong></span> 
     </span>
     <span class='ocr_line' id='line_1_16' title="bbox 60 1632 1215 1711; baseline -0.001 -23"><span class='ocrx_word' id='word_1_128' title='bbox 60 1643 157 1694; x_wconf 87' lang='lat' dir='ltr'><strong>motus</strong></span> <span class='ocrx_word' id='word_1_129' title='bbox 177 1652 235 1688; x_wconf 85' lang='lat' dir='ltr'><strong>esse</strong></span> <span class='ocrx_word' id='word_1_130' title='bbox 255 1653 367 1704; x_wconf 84' lang='lat' dir='ltr'><strong>semper.</strong></span> <span class='ocrx_word' id='word_1_131' title='bbox 397 1635 501 1700; x_wconf 87' lang='lat' dir='ltr'><strong>[Unde,</strong></span> <span class='ocrx_word' id='word_1_132' title='bbox 520 1632 614 1690; x_wconf 88' lang='lat' dir='ltr'><strong>deleta</strong></span> <span class='ocrx_word' id='word_1_133' title='bbox 629 1634 844 1703; x_wconf 81' lang='lat' dir='ltr'><strong>perturbatione,</strong></span> <span class='ocrx_word' id='word_1_134' title='bbox 864 1635 940 1711; x_wconf 76' lang='lat' dir='ltr'><strong>lego,</strong></span> <span class='ocrx_word' id='word_1_135' title='bbox 959 1635 1138 1704; x_wconf 85' lang='lat' dir='ltr'><strong>intellegatur</strong></span> <span class='ocrx_word' id='word_1_136' title='bbox 1155 1635 1215 1702; x_wconf 79' lang='lat' dir='ltr'><strong>igi-</strong></span> 
     </span>
     <span class='ocr_line' id='line_1_17' title="bbox 61 1705 1215 1774; baseline 0 -16"><span class='ocrx_word' id='word_1_137' title='bbox 61 1713 118 1770; x_wconf 88' lang='lat' dir='ltr'><strong>tar,</strong></span> <span class='ocrx_word' id='word_1_138' title='bbox 138 1705 307 1759; x_wconf 84' lang='lat' dir='ltr'><strong>iactantibus</strong></span> <span class='ocrx_word' id='word_1_139' title='bbox 325 1724 354 1759; x_wconf 88' lang='lat' dir='ltr'><strong>ae</strong></span> <span class='ocrx_word' id='word_1_140' title='bbox 373 1706 556 1774; x_wconf 86' lang='lat' dir='ltr'><strong>opinionibus,</strong></span> <span class='ocrx_word' id='word_1_141' title='bbox 576 1707 763 1759; x_wconf 85' lang='lat' dir='ltr'><strong>inconstantes</strong></span> <span class='ocrx_word' id='word_1_142' title='bbox 790 1713 816 1759; x_wconf 91' lang='lat' dir='ltr'><strong>et</strong></span> <span class='ocrx_word' id='word_1_143' title='bbox 839 1707 965 1760; x_wconf 89' lang='lat' dir='ltr'><strong>turbidos</strong></span> <span class='ocrx_word' id='word_1_144' title='bbox 989 1706 1017 1759; x_wconf 88' lang='lat' dir='ltr'><strong>in</strong></span> <span class='ocrx_word' id='word_1_145' title='bbox 1041 1706 1136 1760; x_wconf 85' lang='lat' dir='ltr'><strong>animo</strong></span> <span class='ocrx_word' id='word_1_146' title='bbox 1155 1722 1215 1758; x_wconf 89' lang='lat' dir='ltr'><strong>rno-</strong></span> 
     </span>
     <span class='ocr_line' id='line_1_18' title="bbox 61 1772 1215 1845; baseline 0 -17"><span class='ocrx_word' id='word_1_147' title='bbox 61 1782 106 1828; x_wconf 87' lang='lat' dir='ltr'><strong>tus</strong></span> <span class='ocrx_word' id='word_1_148' title='bbox 125 1793 184 1828; x_wconf 86' lang='lat' dir='ltr'><strong>esse</strong></span> <span class='ocrx_word' id='word_1_149' title='bbox 203 1794 319 1845; x_wconf 87' lang='lat' dir='ltr'><strong>semper.</strong></span> <span class='ocrx_word' id='word_1_150' title='bbox 357 1777 467 1829; x_wconf 86' lang='lat' dir='ltr'><strong>Forsan</strong></span> <span class='ocrx_word' id='word_1_151' title='bbox 487 1777 573 1828; x_wconf 90' lang='lat' dir='ltr'><strong>etiam</strong></span> <span class='ocrx_word' id='word_1_152' title='bbox 593 1777 707 1829; x_wconf 87' lang='lat' dir='ltr'><strong>minore</strong></span> <span class='ocrx_word' id='word_1_153' title='bbox 726 1777 887 1830; x_wconf 89' lang='lat' dir='ltr'><strong>mutatione</strong></span> <span class='ocrx_word' id='word_1_154' title='bbox 907 1804 940 1814; x_wconf 94' lang='lat'>-</span> <span class='ocrx_word' id='word_1_155' title='bbox 958 1777 1106 1834; x_wconf 61' lang='lat' dir='ltr'><strong>DaasEd.</strong></span> <span class='ocrx_word' id='word_1_156' title='bbox 1124 1776 1149 1829; x_wconf 88' lang='grc'><strong>2.</strong></span> <span class='ocrx_word' id='word_1_157' title='bbox 1167 1772 1215 1840; x_wconf 90' lang='grc'><strong>-]</strong></span> 
     </span>
     <span class='ocr_line' id='line_1_19' title="bbox 62 1838 1213 1917; baseline 0.002 -19"><span class='ocrx_word' id='word_1_158' title='bbox 62 1848 186 1900; x_wconf 89' lang='lat' dir='ltr'><strong>rescribi</strong></span> <span class='ocrx_word' id='word_1_159' title='bbox 209 1849 311 1916; x_wconf 88' lang='lat' dir='ltr'><strong>possit,</strong></span> <span class='ocrx_word' id='word_1_160' title='bbox 342 1846 523 1916; x_wconf 79' lang='lat' dir='ltr'><strong>intellegatur</strong></span> <span class='ocrx_word' id='word_1_161' title='bbox 549 1847 655 1915; x_wconf 84' lang='lat' dir='ltr'><strong>igitur,</strong></span> <span class='ocrx_word' id='word_1_162' title='bbox 683 1846 946 1917; x_wconf 85' lang='lat' dir='ltr'><strong>perturbationum,</strong></span> <span class='ocrx_word' id='word_1_163' title='bbox 982 1848 1152 1902; x_wconf 83' lang='lat' dir='ltr'><strong>iactantibus</strong></span> <span class='ocrx_word' id='word_1_164' title='bbox 1166 1838 1169 1858; x_wconf 76' lang='lat'><strong>¹</strong></span> <span class='ocrx_word' id='word_1_165' title='bbox 1184 1865 1213 1900; x_wconf 85' lang='lat' dir='ltr'><strong>se</strong></span> 
     </span>
     <span class='ocr_line' id='line_1_20' title="bbox 61 1917 1212 1986; baseline 0 -16"><span class='ocrx_word' id='word_1_166' title='bbox 61 1918 235 1985; x_wconf 80' lang='lat' dir='ltr'><strong>opinionibus</strong></span> <span class='ocrx_word' id='word_1_167' title='bbox 254 1919 446 1971; x_wconf 86' lang='lat' dir='ltr'><strong>inconstanter</strong></span> <span class='ocrx_word' id='word_1_168' title='bbox 464 1924 490 1970; x_wconf 87' lang='lat' dir='ltr'><strong>et</strong></span> <span class='ocrx_word' id='word_1_169' title='bbox 509 1918 631 1982; x_wconf 84' lang='lat' dir='ltr'><strong>turbide,</strong></span> <span class='ocrx_word' id='word_1_170' title='bbox 650 1917 681 1970; x_wconf 88' lang='lat' dir='ltr'><strong>in</strong></span> <span class='ocrx_word' id='word_1_171' title='bbox 699 1918 795 1970; x_wconf 90' lang='lat' dir='ltr'><strong>animo</strong></span> <span class='ocrx_word' id='word_1_172' title='bbox 814 1927 910 1971; x_wconf 89' lang='lat' dir='ltr'><strong>motus</strong></span> <span class='ocrx_word' id='word_1_173' title='bbox 928 1935 989 1972; x_wconf 88' lang='lat' dir='ltr'><strong>esse</strong></span> <span class='ocrx_word' id='word_1_174' title='bbox 1007 1935 1123 1986; x_wconf 83' lang='lat' dir='ltr'><strong>semper.</strong></span> <span class='ocrx_word' id='word_1_175' title='bbox 1152 1918 1212 1971; x_wconf 87' lang='lat' dir='ltr'><strong>Hos</strong></span> 
     </span>
     <span class='ocr_line' id='line_1_21' title="bbox 60 1987 1213 2058; baseline 0.002 -18"><span class='ocrx_word' id='word_1_176' title='bbox 60 1996 150 2042; x_wconf 88' lang='lat' dir='ltr'><strong>motas</strong></span> <span class='ocrx_word' id='word_1_177' title='bbox 174 1990 341 2042; x_wconf 85' lang='lat' dir='ltr'><strong>iactantibus</strong></span> <span class='ocrx_word' id='word_1_178' title='bbox 361 1997 402 2042; x_wconf 68' lang='lat' dir='ltr'><strong>se*</strong></span> <span class='ocrx_word' id='word_1_179' title='bbox 420 1989 605 2057; x_wconf 80' lang='lat' dir='ltr'><strong>opinionibus</strong></span> <span class='ocrx_word' id='word_1_180' title='bbox 622 1987 737 2053; x_wconf 86' lang='lat' dir='ltr'><strong>tribuit,</strong></span> <span class='ocrx_word' id='word_1_181' title='bbox 764 1988 840 2058; x_wconf 93' lang='lat' dir='ltr'><strong>quod</strong></span> <span class='ocrx_word' id='word_1_182' title='bbox 860 2005 960 2043; x_wconf 79' lang='lat' dir='ltr'><strong>ornnes</strong></span> <span class='ocrx_word' id='word_1_183' title='bbox 978 1989 1213 2058; x_wconf 81' lang='lat' dir='ltr'><strong>perturbationes</strong></span> 
     </span>
     <span class='ocr_line' id='line_1_22' title="bbox 20 2058 1215 2130; baseline 0.006 -23"><span class='ocrx_word' id='word_1_184' title='bbox 20 2103 22 2107; x_wconf 16' lang='lat' dir='ltr'><strong>a</strong></span> <span class='ocrx_word' id='word_1_185' title='bbox 60 2059 198 2127; x_wconf 87' lang='lat' dir='ltr'><strong>opinione</strong></span> <span class='ocrx_word' id='word_1_186' title='bbox 216 2061 283 2113; x_wconf 89' lang='lat' dir='ltr'><strong>fieri</strong></span> <span class='ocrx_word' id='word_1_187' title='bbox 301 2068 419 2112; x_wconf 86' lang='lat' dir='ltr'><strong>censent</strong></span> <span class='ocrx_word' id='word_1_188' title='bbox 436 2058 544 2123; x_wconf 87' lang='lat' dir='ltr'><strong>Stoici;</strong></span> <span class='ocrx_word' id='word_1_189' title='bbox 569 2066 746 2130; x_wconf 89' lang='lat' dir='ltr'><strong>quapropter</strong></span> <span class='ocrx_word' id='word_1_190' title='bbox 770 2060 802 2111; x_wconf 89' lang='lat' dir='ltr'><strong>in</strong></span> <span class='ocrx_word' id='word_1_191' title='bbox 821 2077 920 2113; x_wconf 86' lang='lat' dir='ltr'><strong>earum</strong></span> <span class='ocrx_word' id='word_1_192' title='bbox 944 2060 1130 2114; x_wconf 82' lang='lat' dir='ltr'><strong>definitiones</strong></span> <span class='ocrx_word' id='word_1_193' title='bbox 1155 2059 1215 2128; x_wconf 57' lang='lat' dir='ltr'><strong>opiss</strong></span> 
     </span>
     <span class='ocr_line' id='line_1_23' title="bbox 59 2128 1296 2201; baseline 0 -19"><span class='ocrx_word' id='word_1_194' title='bbox 59 2130 169 2182; x_wconf 85' lang='lat' dir='ltr'><strong>aionem</strong></span> <span class='ocrx_word' id='word_1_195' title='bbox 187 2148 301 2200; x_wconf 87' lang='lat' dir='ltr'><strong>semper</strong></span> <span class='ocrx_word' id='word_1_196' title='bbox 319 2130 483 2183; x_wconf 89' lang='lat' dir='ltr'><strong>includunt.</strong></span> <span class='ocrx_word' id='word_1_197' title='bbox 520 2131 592 2184; x_wconf 86' lang='lat' dir='ltr'><strong>Vide</strong></span> <span class='ocrx_word' id='word_1_198' title='bbox 611 2148 698 2198; x_wconf 86' lang='lat' dir='ltr'><strong>supra</strong></span> <span class='ocrx_word' id='word_1_199' title='bbox 716 2146 777 2200; x_wconf 88' lang='lat' dir='ltr'><strong>cap.</strong></span> <span class='ocrx_word' id='word_1_200' title='bbox 797 2131 860 2183; x_wconf 87' lang='lat' dir='ltr'><strong>Vll.</strong></span> <span class='ocrx_word' id='word_1_201' title='bbox 896 2130 972 2184; x_wconf 84' lang='lat' dir='ltr'><strong>Hinc</strong></span> <span class='ocrx_word' id='word_1_202' title='bbox 990 2146 1127 2201; x_wconf 86' lang='lat' dir='ltr'><strong>nunquam</strong></span> <span class='ocrx_word' id='word_1_203' title='bbox 1154 2128 1215 2200; x_wconf 88' lang='lat' dir='ltr'><strong>opi·</strong></span> <span class='ocrx_word' id='word_1_204' title='bbox 1293 2164 1296 2168; x_wconf 33' lang='grc' dir='ltr'>ι</span> 
     </span>
     <span class='ocr_line' id='line_1_24' title="bbox 59 2201 1215 2270; baseline 0.003 -17"><span class='ocrx_word' id='word_1_205' title='bbox 59 2208 190 2254; x_wconf 89' lang='lat' dir='ltr'><strong>natarum</strong></span> <span class='ocrx_word' id='word_1_206' title='bbox 208 2218 267 2254; x_wconf 86' lang='lat' dir='ltr'><strong>esse</strong></span> <span class='ocrx_word' id='word_1_207' title='bbox 285 2201 436 2268; x_wconf 84' lang='lat' dir='ltr'><strong>sapientem</strong></span> <span class='ocrx_word' id='word_1_208' title='bbox 455 2209 595 2268; x_wconf 88' lang='lat' dir='ltr'><strong>statuunt,</strong></span> <span class='ocrx_word' id='word_1_209' title='bbox 615 2201 735 2270; x_wconf 80' lang='lat' dir='ltr'><strong>quodie</strong></span> <span class='ocrx_word' id='word_1_210' title='bbox 754 2201 866 2270; x_wconf 69' lang='grc' dir='ltr'><em>ἀπαθής</em></span> <span class='ocrx_word' id='word_1_211' title='bbox 885 2203 932 2270; x_wconf 89' lang='lat' dir='ltr'><strong>sit,</strong></span> <span class='ocrx_word' id='word_1_212' title='bbox 957 2204 1013 2258; x_wconf 79' lang='lat' dir='ltr'><strong>nec</strong></span> <span class='ocrx_word' id='word_1_213' title='bbox 1028 2201 1075 2255; x_wconf 88' lang='lat' dir='ltr'><strong>bis</strong></span> <span class='ocrx_word' id='word_1_214' title='bbox 1101 2202 1215 2266; x_wconf 84' lang='lat' dir='ltr'><strong>auimo·</strong></span> 
     </span>
     <span class='ocr_line' id='line_1_25' title="bbox 58 2271 1207 2326; baseline 0.003 -2"><span class='ocrx_word' id='word_1_215' title='bbox 58 2289 125 2324; x_wconf 87' lang='lat' dir='ltr'><strong>rum</strong></span> <span class='ocrx_word' id='word_1_216' title='bbox 144 2273 251 2324; x_wconf 89' lang='lat' dir='ltr'><strong>morbis</strong></span> <span class='ocrx_word' id='word_1_217' title='bbox 277 2273 396 2326; x_wconf 88' lang='lat' dir='ltr'><strong>laboret.</strong></span> <span class='ocrx_word' id='word_1_218' title='bbox 437 2273 473 2326; x_wconf 87' lang='lat' dir='ltr'><strong>D.</strong></span> <span class='ocrx_word' id='word_1_219' title='bbox 1080 2272 1083 2278; x_wconf 73' lang='grc'><strong>’</strong></span> <span class='ocrx_word' id='word_1_220' title='bbox 1170 2274 1173 2278; x_wconf 73' lang='grc'><strong>’</strong></span> <span class='ocrx_word' id='word_1_221' title='bbox 1202 2271 1207 2278; x_wconf 83' lang='grc'><strong><em>’</em></strong></span> 
     </span>
    </p>

    <p class='ocr_par' dir='ltr' id='par_1_5' title="bbox 57 2336 1319 3408">
     <span class='ocr_line' id='line_1_26' title="bbox 130 2336 1212 2408; baseline 0.004 -15"><span class='ocrx_word' id='word_1_222' title='bbox 130 2343 312 2408; x_wconf 82' lang='lat' dir='ltr'><strong>intelligatur</strong></span> <span class='ocrx_word' id='word_1_223' title='bbox 334 2343 428 2408; x_wconf 83' lang='lat' dir='ltr'><strong>igilur</strong></span> <span class='ocrx_word' id='word_1_224' title='bbox 453 2341 525 2408; x_wconf 80' lang='lat' dir='ltr'><strong>etc]</strong></span> <span class='ocrx_word' id='word_1_225' title='bbox 563 2342 710 2407; x_wconf 89' lang='lat' dir='ltr'><strong>„Nullum</strong></span> <span class='ocrx_word' id='word_1_226' title='bbox 733 2340 785 2396; x_wconf 88' lang='lat' dir='ltr'><strong>hic</strong></span> <span class='ocrx_word' id='word_1_227' title='bbox 808 2336 945 2397; x_wconf 89' lang='lat' dir='ltr'><strong>mendum</strong></span> <span class='ocrx_word' id='word_1_228' title='bbox 978 2345 1091 2408; x_wconf 85' lang='lat' dir='ltr'><strong>subesse</strong></span> <span class='ocrx_word' id='word_1_229' title='bbox 1117 2344 1212 2398; x_wconf 91' lang='lat' dir='ltr'><strong>credo.</strong></span> 
     </span>
     <span class='ocr_line' id='line_1_27' title="bbox 59 2413 1213 2484; baseline 0.003 -19"><span class='ocrx_word' id='word_1_230' title='bbox 59 2413 242 2465; x_wconf 86' lang='lat' dir='ltr'><strong>Perturbatio</strong></span> <span class='ocrx_word' id='word_1_231' title='bbox 261 2413 370 2464; x_wconf 85' lang='lat' dir='ltr'><strong>dicitur</strong></span> <span class='ocrx_word' id='word_1_232' title='bbox 388 2415 419 2465; x_wconf 90' lang='lat' dir='ltr'><strong>in</strong></span> <span class='ocrx_word' id='word_1_233' title='bbox 438 2420 579 2483; x_wconf 88' lang='lat' dir='ltr'><strong>perpetuo</strong></span> <span class='ocrx_word' id='word_1_234' title='bbox 600 2430 661 2466; x_wconf 90' lang='lat' dir='ltr'><strong>esse</strong></span> <span class='ocrx_word' id='word_1_235' title='bbox 680 2421 772 2478; x_wconf 88' lang='lat' dir='ltr'><strong>motu,</strong></span> <span class='ocrx_word' id='word_1_236' title='bbox 791 2432 887 2484; x_wconf 89' lang='lat' dir='ltr'><strong>neque</strong></span> <span class='ocrx_word' id='word_1_237' title='bbox 905 2433 1032 2484; x_wconf 89' lang='lat' dir='ltr'><strong>unquam</strong></span> <span class='ocrx_word' id='word_1_238' title='bbox 1050 2416 1213 2483; x_wconf 88' lang='lat' dir='ltr'><strong>remittere,</strong></span> 
     </span>
     <span class='ocr_line' id='line_1_28' title="bbox 60 2483 1298 2554; baseline 0.003 -20"><span class='ocrx_word' id='word_1_239' title='bbox 60 2484 196 2553; x_wconf 88' lang='lat' dir='ltr'><strong>quamdiu</strong></span> <span class='ocrx_word' id='word_1_240' title='bbox 221 2484 372 2553; x_wconf 89' lang='lat' dir='ltr'><strong>opiniones</strong></span> <span class='ocrx_word' id='word_1_241' title='bbox 401 2501 431 2536; x_wconf 90' lang='lat' dir='ltr'><strong>se</strong></span> <span class='ocrx_word' id='word_1_242' title='bbox 464 2485 664 2536; x_wconf 87' lang='lat' dir='ltr'><strong>inconstanter</strong></span> <span class='ocrx_word' id='word_1_243' title='bbox 687 2500 720 2554; x_wconf 84' lang='lat' dir='ltr'><strong>ac</strong></span> <span class='ocrx_word' id='word_1_244' title='bbox 744 2483 859 2537; x_wconf 89' lang='lat' dir='ltr'><strong>turbide</strong></span> <span class='ocrx_word' id='word_1_245' title='bbox 885 2486 1009 2550; x_wconf 77' lang='lat' dir='ltr'><strong>iactent3</strong></span> <span class='ocrx_word' id='word_1_246' title='bbox 1046 2484 1093 2539; x_wconf 88' lang='lat' dir='ltr'><strong>bis</strong></span> <span class='ocrx_word' id='word_1_247' title='bbox 1117 2494 1214 2540; x_wconf 86' lang='lat' dir='ltr'><strong>nutem</strong></span> <span class='ocrx_word' id='word_1_248' title='bbox 1294 2510 1298 2517; x_wconf 76' lang='lat'><em>-</em></span> 
     </span>
     <span class='ocr_line' id='line_1_29' title="bbox 60 2547 1296 2626; baseline 0.005 -21"><span class='ocrx_word' id='word_1_249' title='bbox 60 2554 285 2623; x_wconf 89' lang='lat' dir='ltr'><strong>quiescentibus,</strong></span> <span class='ocrx_word' id='word_1_250' title='bbox 305 2554 399 2609; x_wconf 89' lang='lat' dir='ltr'><strong>sedari</strong></span> <span class='ocrx_word' id='word_1_251' title='bbox 418 2554 533 2623; x_wconf 89' lang='lat' dir='ltr'><strong>quidem</strong></span> <span class='ocrx_word' id='word_1_252' title='bbox 557 2552 788 2623; x_wconf 87' lang='lat' dir='ltr'><strong>perturbationis</strong></span> <span class='ocrx_word' id='word_1_253' title='bbox 813 2561 936 2621; x_wconf 88' lang='lat' dir='ltr'><strong>motum,</strong></span> <span class='ocrx_word' id='word_1_254' title='bbox 961 2557 1011 2610; x_wconf 89' lang='lat' dir='ltr'><strong>sed</strong></span> <span class='ocrx_word' id='word_1_255' title='bbox 1038 2557 1130 2626; x_wconf 86' lang='lat' dir='ltr'><strong>ipsam</strong></span> <span class='ocrx_word' id='word_1_256' title='bbox 1156 2557 1215 2612; x_wconf 83' lang='lat' dir='ltr'><strong>alte</strong></span> <span class='ocrx_word' id='word_1_257' title='bbox 1254 2547 1262 2563; x_wconf 61' lang='lat'><em>²</em></span> <span class='ocrx_word' id='word_1_258' title='bbox 1294 2608 1296 2618; x_wconf 83' lang='lat'><strong><em>‚</em></strong></span> 
     </span>
     <span class='ocr_line' id='line_1_30' title="bbox 60 2624 1319 2694; baseline 0.003 -18"><span class='ocrx_word' id='word_1_259' title='bbox 60 2627 120 2677; x_wconf 88' lang='lat' dir='ltr'><strong>iam</strong></span> <span class='ocrx_word' id='word_1_260' title='bbox 140 2625 265 2678; x_wconf 89' lang='lat' dir='ltr'><strong>insidere</strong></span> <span class='ocrx_word' id='word_1_261' title='bbox 283 2627 390 2691; x_wconf 88' lang='lat' dir='ltr'><strong>animo,</strong></span> <span class='ocrx_word' id='word_1_262' title='bbox 409 2631 443 2676; x_wconf 90' lang='lat' dir='ltr'><strong>nt</strong></span> <span class='ocrx_word' id='word_1_263' title='bbox 462 2626 583 2678; x_wconf 82' lang='lat' dir='ltr'><strong>exsistat</strong></span> <span class='ocrx_word' id='word_1_264' title='bbox 601 2624 727 2680; x_wconf 88' lang='lat' dir='ltr'><strong>morbus.</strong></span> <span class='ocrx_word' id='word_1_265' title='bbox 758 2624 821 2678; x_wconf 88' lang='lat' dir='ltr'><strong>Hae</strong></span> <span class='ocrx_word' id='word_1_266' title='bbox 839 2626 956 2694; x_wconf 83' lang='lat' dir='ltr'><strong>quidem</strong></span> <span class='ocrx_word' id='word_1_267' title='bbox 975 2624 1124 2682; x_wconf 81' lang='lat' dir='ltr'><strong>cominode</strong></span> <span class='ocrx_word' id='word_1_268' title='bbox 1142 2626 1215 2680; x_wconf 84' lang='lat' dir='ltr'><strong>Tul·</strong></span> <span class='ocrx_word' id='word_1_269' title='bbox 1306 2663 1319 2680; x_wconf 46' lang='lat' dir='ltr'><strong>s</strong></span> 
     </span>
     <span class='ocr_line' id='line_1_31' title="bbox 59 2687 1214 2772; baseline 0.003 -25"><span class='ocrx_word' id='word_1_270' title='bbox 59 2695 159 2764; x_wconf 90' lang='lat' dir='ltr'><strong>licque</strong></span> <span class='ocrx_word' id='word_1_271' title='bbox 178 2687 265 2772; x_wconf 77' lang='lat' dir='ltr'><strong>digne</strong></span> <span class='ocrx_word' id='word_1_272' title='bbox 283 2696 330 2749; x_wconf 92' lang='lat' dir='ltr'><strong>his</strong></span> <span class='ocrx_word' id='word_1_273' title='bbox 348 2696 444 2751; x_wconf 87' lang='lat' dir='ltr'><strong>verbis</strong></span> <span class='ocrx_word' id='word_1_274' title='bbox 463 2696 589 2765; x_wconf 85' lang='lat' dir='ltr'><strong>exprimi</strong></span> <span class='ocrx_word' id='word_1_275' title='bbox 609 2692 743 2749; x_wconf 85' lang='lat' dir='ltr'><strong>arbitror.</strong></span> <span class='ocrx_word' id='word_1_276' title='bbox 781 2695 937 2750; x_wconf 88' lang='lat' dir='ltr'><strong>Neminem</strong></span> <span class='ocrx_word' id='word_1_277' title='bbox 961 2706 1058 2752; x_wconf 86' lang='lat' dir='ltr'><strong>nutem</strong></span> <span class='ocrx_word' id='word_1_278' title='bbox 1077 2698 1214 2762; x_wconf 84' lang='lat' dir='ltr'><strong>offendat,</strong></span> 
     </span>
     <span class='ocr_line' id='line_1_32' title="bbox 60 2762 1258 2838; baseline 0.003 -20"><span class='ocrx_word' id='word_1_279' title='bbox 60 2768 135 2834; x_wconf 88' lang='lat' dir='ltr'><strong>quod</strong></span> <span class='ocrx_word' id='word_1_280' title='bbox 151 2768 328 2834; x_wconf 81' lang='lat' dir='ltr'><strong>perturbatio</strong></span> <span class='ocrx_word' id='word_1_281' title='bbox 347 2766 457 2820; x_wconf 87' lang='lat' dir='ltr'><strong>dicitur</strong></span> <span class='ocrx_word' id='word_1_282' title='bbox 474 2767 505 2819; x_wconf 86' lang='lat' dir='ltr'><strong>in</strong></span> <span class='ocrx_word' id='word_1_283' title='bbox 519 2765 596 2820; x_wconf 62' lang='lat' dir='ltr'><strong>‘mota</strong></span> <span class='ocrx_word' id='word_1_284' title='bbox 615 2783 682 2830; x_wconf 87' lang='lat' dir='ltr'><strong>esse,</strong></span> <span class='ocrx_word' id='word_1_285' title='bbox 703 2766 734 2818; x_wconf 91' lang='lat' dir='ltr'><strong>id</strong></span> <span class='ocrx_word' id='word_1_286' title='bbox 752 2765 830 2838; x_wconf 88' lang='lat' dir='ltr'><strong>quod</strong></span> <span class='ocrx_word' id='word_1_287' title='bbox 849 2768 952 2822; x_wconf 85' lang='lat' dir='ltr'><strong>Cicero</strong></span> <span class='ocrx_word' id='word_1_288' title='bbox 971 2769 1058 2822; x_wconf 88' lang='lat' dir='ltr'><strong>etiam</strong></span> <span class='ocrx_word' id='word_1_289' title='bbox 1078 2770 1110 2822; x_wconf 91' lang='lat' dir='ltr'><strong>in</strong></span> <span class='ocrx_word' id='word_1_290' title='bbox 1129 2768 1214 2822; x_wconf 78' lang='lat' dir='ltr'><strong>libris</strong></span> <span class='ocrx_word' id='word_1_291' title='bbox 1252 2762 1258 2769; x_wconf 69' lang='grc'><em>’</em></span> 
     </span>
     <span class='ocr_line' id='line_1_33' title="bbox 58 2837 1215 2911; baseline 0.003 -23"><span class='ocrx_word' id='word_1_292' title='bbox 58 2838 94 2890; x_wconf 85' lang='lat' dir='ltr'><strong>de</strong></span> <span class='ocrx_word' id='word_1_293' title='bbox 111 2838 197 2892; x_wconf 79' lang='lat' dir='ltr'><strong>Finn.</strong></span> <span class='ocrx_word' id='word_1_294' title='bbox 217 2844 422 2909; x_wconf 85' lang='lat' dir='ltr'><strong>saepenumero</strong></span> <span class='ocrx_word' id='word_1_295' title='bbox 441 2837 586 2908; x_wconf 84' lang='lat' dir='ltr'><strong>voluptati</strong></span> <span class='ocrx_word' id='word_1_296' title='bbox 605 2837 743 2892; x_wconf 87' lang='lat' dir='ltr'><strong>tribuit.“</strong></span> <span class='ocrx_word' id='word_1_297' title='bbox 775 2839 919 2907; x_wconf 74' lang='lat' dir='ltr'><strong>Wopkens.</strong></span> <span class='ocrx_word' id='word_1_298' title='bbox 939 2838 960 2889; x_wconf 94' lang='lat' dir='ltr'><strong>l.</strong></span> <span class='ocrx_word' id='word_1_299' title='bbox 981 2856 1005 2892; x_wconf 91' lang='lat' dir='ltr'><strong>c.</strong></span> <span class='ocrx_word' id='word_1_300' title='bbox 1031 2858 1060 2911; x_wconf 91' lang='lat' dir='ltr'><strong>p.</strong></span> <span class='ocrx_word' id='word_1_301' title='bbox 1080 2843 1140 2896; x_wconf 86' lang='grc'><strong>124.</strong></span> <span class='ocrx_word' id='word_1_302' title='bbox 1164 2838 1215 2892; x_wconf 92' lang='lat' dir='ltr'><strong>ubi</strong></span> 
     </span>
     <span class='ocr_line' id='line_1_34' title="bbox 58 2906 1214 2980; baseline 0.004 -22"><span class='ocrx_word' id='word_1_303' title='bbox 58 2906 156 2960; x_wconf 88' lang='lat' dir='ltr'><strong>laudat</strong></span> <span class='ocrx_word' id='word_1_304' title='bbox 175 2908 266 2962; x_wconf 85' lang='lat' dir='ltr'><strong>Hand.</strong></span> <span class='ocrx_word' id='word_1_305' title='bbox 287 2909 346 2963; x_wconf 87' lang='lat' dir='ltr'><strong>Cic.</strong></span> <span class='ocrx_word' id='word_1_306' title='bbox 368 2910 403 2963; x_wconf 89' lang='lat' dir='ltr'><strong>de</strong></span> <span class='ocrx_word' id='word_1_307' title='bbox 422 2909 508 2960; x_wconf 87' lang='lat' dir='ltr'><strong>Finn.</strong></span> <span class='ocrx_word' id='word_1_308' title='bbox 529 2909 569 2962; x_wconf 91' lang='lat'><strong>11.</strong></span> <span class='ocrx_word' id='word_1_309' title='bbox 590 2911 615 2963; x_wconf 82' lang='lat'><strong>5.</strong></span> <span class='ocrx_word' id='word_1_310' title='bbox 636 2911 686 2963; x_wconf 82' lang='lat'><strong>16:</strong></span> <span class='ocrx_word' id='word_1_311' title='bbox 706 2907 752 2961; x_wconf 76' lang='lat' dir='ltr'><strong>sin</strong></span> <span class='ocrx_word' id='word_1_312' title='bbox 768 2916 860 2962; x_wconf 84' lang='lat' dir='ltr'><strong>autem</strong></span> <span class='ocrx_word' id='word_1_313' title='bbox 877 2912 1046 2976; x_wconf 85' lang='lat' dir='ltr'><strong>voluptatem</strong></span> <span class='ocrx_word' id='word_1_314' title='bbox 1061 2917 1141 2980; x_wconf 87' lang='lat' dir='ltr'><strong>putat</strong></span> <span class='ocrx_word' id='word_1_315' title='bbox 1162 2908 1214 2963; x_wconf 61' lang='lat' dir='ltr'><strong>adss</strong></span> 
     </span>
     <span class='ocr_line' id='line_1_35' title="bbox 57 2976 1270 3050; baseline 0.003 -20"><span class='ocrx_word' id='word_1_316' title='bbox 57 2976 228 3046; x_wconf 84' lang='lat' dir='ltr'><strong>iungendam</strong></span> <span class='ocrx_word' id='word_1_317' title='bbox 254 2995 324 3044; x_wconf 87' lang='lat' dir='ltr'><strong>eam,</strong></span> <span class='ocrx_word' id='word_1_318' title='bbox 349 2996 417 3046; x_wconf 82' lang='lat' dir='ltr'><strong>quae</strong></span> <span class='ocrx_word' id='word_1_319' title='bbox 443 2978 479 3031; x_wconf 85' lang='lat' dir='ltr'><strong>sit</strong></span> <span class='ocrx_word' id='word_1_320' title='bbox 509 2980 538 3032; x_wconf 83' lang='lat' dir='ltr'><strong>in</strong></span> <span class='ocrx_word' id='word_1_321' title='bbox 567 2985 650 3032; x_wconf 89' lang='lat' dir='ltr'><strong>mata.</strong></span> <span class='ocrx_word' id='word_1_322' title='bbox 681 2977 763 3033; x_wconf 50' lang='lat' dir='ltr'><strong>‘Cum</strong></span> <span class='ocrx_word' id='word_1_323' title='bbox 790 2979 901 3050; x_wconf 86' lang='lat' dir='ltr'><strong>Wopk.</strong></span> <span class='ocrx_word' id='word_1_324' title='bbox 924 2981 998 3034; x_wconf 80' lang='lat' dir='ltr'><strong>facit</strong></span> <span class='ocrx_word' id='word_1_325' title='bbox 1022 2978 1211 3036; x_wconf 82' lang='lat' dir='ltr'><strong>Bouhierius:</strong></span> <span class='ocrx_word' id='word_1_326' title='bbox 1267 3035 1270 3043; x_wconf 68' lang='grc'><strong>,</strong></span> 
     </span>
     <span class='ocr_line' id='line_1_36' title="bbox 57 3048 1212 3120; baseline 0.004 -21"><span class='ocrx_word' id='word_1_327' title='bbox 57 3065 151 3117; x_wconf 87' lang='lat' dir='ltr'><strong>neque</strong></span> <span class='ocrx_word' id='word_1_328' title='bbox 179 3051 331 3119; x_wconf 83' lang='lat' dir='ltr'><strong>quisquam</strong></span> <span class='ocrx_word' id='word_1_329' title='bbox 350 3050 468 3102; x_wconf 87' lang='lat' dir='ltr'><strong>Davisio</strong></span> <span class='ocrx_word' id='word_1_330' title='bbox 493 3049 706 3120; x_wconf 89' lang='lat' dir='ltr'><strong>obsequendum</strong></span> <span class='ocrx_word' id='word_1_331' title='bbox 734 3051 836 3104; x_wconf 67' lang='lat' dir='ltr'><strong>duxit:</strong></span> <span class='ocrx_word' id='word_1_332' title='bbox 864 3048 932 3105; x_wconf 79' lang='lat' dir='ltr'><strong>cod.</strong></span> <span class='ocrx_word' id='word_1_333' title='bbox 957 3054 1034 3104; x_wconf 86' lang='lat' dir='ltr'><strong>Mon.</strong></span> <span class='ocrx_word' id='word_1_334' title='bbox 1054 3056 1079 3109; x_wconf 82' lang='grc'><strong>2.</strong></span> <span class='ocrx_word' id='word_1_335' title='bbox 1104 3051 1212 3106; x_wconf 81' lang='lat' dir='ltr'><strong>intelli·</strong></span> 
     </span>
     <span class='ocr_line' id='line_1_37' title="bbox 57 3119 1280 3189; baseline 0.001 -19"><span class='ocrx_word' id='word_1_336' title='bbox 57 3125 202 3185; x_wconf 81' lang='lat' dir='ltr'><strong>gantnr.</strong></span> <span class='ocrx_word' id='word_1_337' title='bbox 221 3121 306 3172; x_wconf 80' lang='lat' dir='ltr'><strong>vino.</strong></span> <span class='ocrx_word' id='word_1_338' title='bbox 327 3125 350 3175; x_wconf 93' lang='grc'><strong>1.</strong></span> <span class='ocrx_word' id='word_1_339' title='bbox 371 3121 589 3188; x_wconf 81' lang='lat' dir='ltr'><strong>intelligamus.</strong></span> <span class='ocrx_word' id='word_1_340' title='bbox 627 3119 708 3176; x_wconf 84' lang='lat' dir='ltr'><strong>Unus</strong></span> <span class='ocrx_word' id='word_1_341' title='bbox 728 3121 778 3174; x_wconf 81' lang='lat' dir='ltr'><strong>Ox.</strong></span> <span class='ocrx_word' id='word_1_342' title='bbox 799 3122 912 3183; x_wconf 73' lang='lat' dir='ltr'><strong>ornittit</strong></span> <span class='ocrx_word' id='word_1_343' title='bbox 929 3123 1034 3189; x_wconf 79' lang='lat' dir='ltr'><strong>igitnr3</strong></span> <span class='ocrx_word' id='word_1_344' title='bbox 1058 3122 1134 3176; x_wconf 83' lang='lat' dir='ltr'><strong>alius</strong></span> <span class='ocrx_word' id='word_1_345' title='bbox 1160 3122 1212 3176; x_wconf 84' lang='lat' dir='ltr'><strong>bu·</strong></span> <span class='ocrx_word' id='word_1_346' title='bbox 1278 3167 1280 3171; x_wconf 85' lang='lat'><em>.</em></span> 
     </span>
     <span class='ocr_line' id='line_1_38' title="bbox 58 3190 1210 3264; baseline 0.004 -23"><span class='ocrx_word' id='word_1_347' title='bbox 58 3191 106 3242; x_wconf 90' lang='lat' dir='ltr'><strong>bet</strong></span> <span class='ocrx_word' id='word_1_348' title='bbox 123 3191 320 3257; x_wconf 81' lang='lat' dir='ltr'><strong>perturbatio.</strong></span> <span class='ocrx_word' id='word_1_349' title='bbox 341 3191 409 3245; x_wconf 84' lang='lat' dir='ltr'><strong>God&#39;.</strong></span> <span class='ocrx_word' id='word_1_350' title='bbox 430 3191 503 3244; x_wconf 88' lang='lat' dir='ltr'><strong>Gud.</strong></span> <span class='ocrx_word' id='word_1_351' title='bbox 524 3197 550 3244; x_wconf 85' lang='lat' dir='ltr'><strong>rt</strong></span> <span class='ocrx_word' id='word_1_352' title='bbox 569 3190 713 3243; x_wconf 82' lang='lat' dir='ltr'><strong>turbidas</strong></span> <span class='ocrx_word' id='word_1_353' title='bbox 732 3193 980 3246; x_wconf 86' lang='lat' dir='ltr'><strong>inconstanter</strong></span> <span class='ocrx_word' id='word_1_354' title='bbox 1006 3208 1066 3246; x_wconf 86' lang='lat' dir='ltr'><strong>esse</strong></span> <span class='ocrx_word' id='word_1_355' title='bbox 1093 3209 1210 3264; x_wconf 86' lang='lat' dir='ltr'><strong>semper.</strong></span> 
     </span>
     <span class='ocr_line' id='line_1_39' title="bbox 59 3259 1210 3340; baseline 0.005 -27"><span class='ocrx_word' id='word_1_356' title='bbox 59 3259 146 3313; x_wconf 85' lang='lat' dir='ltr'><strong>Oodd.</strong></span> <span class='ocrx_word' id='word_1_357' title='bbox 166 3262 206 3315; x_wconf 86' lang='lat' dir='ltr'><strong>Re</strong></span> <span class='ocrx_word' id='word_1_358' title='bbox 229 3299 236 3312; x_wconf 86' lang='lat'><strong>.</strong></span> <span class='ocrx_word' id='word_1_359' title='bbox 259 3263 332 3316; x_wconf 85' lang='lat' dir='ltr'><strong>Gud.</strong></span> <span class='ocrx_word' id='word_1_360' title='bbox 354 3268 377 3317; x_wconf 93' lang='lat'><strong>1.</strong></span> <span class='ocrx_word' id='word_1_361' title='bbox 397 3265 424 3319; x_wconf 87' lang='grc'><strong>2.</strong></span> <span class='ocrx_word' id='word_1_362' title='bbox 444 3265 570 3316; x_wconf 87' lang='lat' dir='ltr'><strong>immotas</strong></span> <span class='ocrx_word' id='word_1_363' title='bbox 588 3277 642 3331; x_wconf 87' lang='lat' dir='ltr'><strong>pro</strong></span> <span class='ocrx_word' id='word_1_364' title='bbox 661 3263 691 3315; x_wconf 87' lang='lat' dir='ltr'><strong>in</strong></span> <span class='ocrx_word' id='word_1_365' title='bbox 709 3263 792 3320; x_wconf 87' lang='lat' dir='ltr'><strong>motu.</strong></span> <span class='ocrx_word' id='word_1_366' title='bbox 812 3263 900 3316; x_wconf 85' lang='lat' dir='ltr'><strong>Marb.</strong></span> <span class='ocrx_word' id='word_1_367' title='bbox 919 3261 1012 3317; x_wconf 85' lang='lat' dir='ltr'><strong>Rebd.</strong></span> <span class='ocrx_word' id='word_1_368' title='bbox 1040 3271 1069 3317; x_wconf 89' lang='lat' dir='ltr'><strong>et</strong></span> <span class='ocrx_word' id='word_1_369' title='bbox 1086 3267 1159 3340; x_wconf 65' lang='lat' dir='ltr'><strong>Hug-</strong></span> <span class='ocrx_word' id='word_1_370' title='bbox 1179 3266 1210 3319; x_wconf 85' lang='lat' dir='ltr'><strong>in</strong></span> 
     </span>
     <span class='ocr_line' id='line_1_40' title="bbox 57 3280 1033 3408; baseline 0.001 -23"><span class='ocrx_word' id='word_1_371' title='bbox 57 3338 153 3385; x_wconf 88' lang='lat' dir='ltr'><strong>motas.</strong></span> <span class='ocrx_word' id='word_1_372' title='bbox 192 3280 267 3386; x_wconf 58' lang='lat' dir='ltr'><strong>&#39;ignem</strong></span> <span class='ocrx_word' id='word_1_373' title='bbox 286 3334 370 3389; x_wconf 89' lang='lat' dir='ltr'><strong>Vind.</strong></span> <span class='ocrx_word' id='word_1_374' title='bbox 392 3339 417 3388; x_wconf 83' lang='lat' dir='ltr'><strong>l.</strong></span> <span class='ocrx_word' id='word_1_375' title='bbox 437 3342 466 3387; x_wconf 92' lang='lat' dir='ltr'><strong>et</strong></span> <span class='ocrx_word' id='word_1_376' title='bbox 484 3331 557 3408; x_wconf 79' lang='lat' dir='ltr'><strong>Aug.</strong></span> <span class='ocrx_word' id='word_1_377' title='bbox 578 3343 685 3401; x_wconf 78' lang='lat' dir='ltr'><strong>semper</strong></span> <span class='ocrx_word' id='word_1_378' title='bbox 709 3349 776 3386; x_wconf 86' lang='lat' dir='ltr'><strong>esse.</strong></span> <span class='ocrx_word' id='word_1_379' title='bbox 812 3334 896 3386; x_wconf 72' lang='lat' dir='ltr'><strong>Mr.&#39;</strong></span> <span class='ocrx_word' id='word_1_380' title='bbox 1031 3394 1033 3399; x_wconf 28' lang='lat'>¹</span> 
     </span>
    </p>

    <p class='ocr_par' dir='ltr' id='par_1_6' title="bbox 44 3403 1297 4557">
     <span class='ocr_line' id='line_1_41' title="bbox 129 3403 1210 3475; baseline 0 -15"><span class='ocrx_word' id='word_1_381' title='bbox 129 3407 215 3460; x_wconf 86' lang='lat' dir='ltr'><strong>Quum</strong></span> <span class='ocrx_word' id='word_1_382' title='bbox 233 3411 325 3458; x_wconf 90' lang='lat' dir='ltr'><strong>autem</strong></span> <span class='ocrx_word' id='word_1_383' title='bbox 343 3403 387 3459; x_wconf 87' lang='lat' dir='ltr'><strong>bic</strong></span> <span class='ocrx_word' id='word_1_384' title='bbox 412 3409 508 3471; x_wconf 74' lang='lat' dir='ltr'><strong>ferror</strong></span> <span class='ocrx_word' id='word_1_385' title='bbox 526 3437 559 3447; x_wconf 90' lang='lat'><em>-</em></span> <span class='ocrx_word' id='word_1_386' title='bbox 579 3403 787 3471; x_wconf 80' lang='lat' dir='ltr'><strong>inveteraaerit]</strong></span> <span class='ocrx_word' id='word_1_387' title='bbox 823 3405 892 3461; x_wconf 82' lang='lat' dir='ltr'><strong>cod.</strong></span> <span class='ocrx_word' id='word_1_388' title='bbox 920 3403 1011 3461; x_wconf 82' lang='lat' dir='ltr'><strong>Rebd.</strong></span> <span class='ocrx_word' id='word_1_389' title='bbox 1038 3409 1134 3475; x_wconf 74' lang='lat' dir='ltr'><strong>serior</strong></span> <span class='ocrx_word' id='word_1_390' title='bbox 1156 3405 1210 3461; x_wconf 76' lang='lat' dir='ltr'><strong>tte.</strong></span> 
     </span>
     <span class='ocr_line' id='line_1_42' title="bbox 55 3472 1271 3551; baseline 0.007 -27"><span class='ocrx_word' id='word_1_391' title='bbox 55 3475 140 3532; x_wconf 84' lang='lat' dir='ltr'><strong>Verb.</strong></span> <span class='ocrx_word' id='word_1_392' title='bbox 160 3477 190 3528; x_wconf 90' lang='lat' dir='ltr'><strong>in</strong></span> <span class='ocrx_word' id='word_1_393' title='bbox 210 3495 301 3551; x_wconf 81' lang='lat' dir='ltr'><strong>marg.</strong></span> <span class='ocrx_word' id='word_1_394' title='bbox 329 3477 371 3529; x_wconf 89' lang='lat' dir='ltr'><strong>ait</strong></span> <span class='ocrx_word' id='word_1_395' title='bbox 394 3476 468 3529; x_wconf 87' lang='lat' dir='ltr'><strong>alios</strong></span> <span class='ocrx_word' id='word_1_396' title='bbox 492 3474 598 3530; x_wconf 88' lang='lat' dir='ltr'><strong>babere</strong></span> <span class='ocrx_word' id='word_1_397' title='bbox 625 3476 809 3529; x_wconf 74' lang='lat' dir='ltr'><strong>inveteraaits</strong></span> <span class='ocrx_word' id='word_1_398' title='bbox 844 3478 932 3547; x_wconf 87' lang='lat' dir='ltr'><strong>idque</strong></span> <span class='ocrx_word' id='word_1_399' title='bbox 956 3495 971 3530; x_wconf 94' lang='lat' dir='ltr'><strong>e</strong></span> <span class='ocrx_word' id='word_1_400' title='bbox 993 3493 1009 3531; x_wconf 92' lang='lat' dir='ltr'><strong>o</strong></span> <span class='ocrx_word' id='word_1_401' title='bbox 1036 3479 1152 3549; x_wconf 89' lang='lat' dir='ltr'><strong>reperio</strong></span> <span class='ocrx_word' id='word_1_402' title='bbox 1179 3479 1211 3532; x_wconf 91' lang='lat' dir='ltr'><strong>in</strong></span> <span class='ocrx_word' id='word_1_403' title='bbox 1268 3472 1271 3478; x_wconf 45' lang='lat'><strong>⁴</strong></span> 
     </span>
     <span class='ocr_line' id='line_1_43' title="bbox 56 3545 1213 3626; baseline 0.006 -28"><span class='ocrx_word' id='word_1_404' title='bbox 56 3545 129 3598; x_wconf 88' lang='lat' dir='ltr'><strong>Edd.</strong></span> <span class='ocrx_word' id='word_1_405' title='bbox 149 3547 231 3599; x_wconf 85' lang='lat' dir='ltr'><strong>Bnul.</strong></span> <span class='ocrx_word' id='word_1_406' title='bbox 251 3547 365 3612; x_wconf 75' lang='lat' dir='ltr'><strong>bambb.</strong></span> <span class='ocrx_word' id='word_1_407' title='bbox 386 3546 475 3601; x_wconf 87' lang='lat' dir='ltr'><strong>Gotb.</strong></span> <span class='ocrx_word' id='word_1_408' title='bbox 501 3548 551 3601; x_wconf 89' lang='lat' dir='ltr'><strong>sed</strong></span> <span class='ocrx_word' id='word_1_409' title='bbox 574 3547 753 3616; x_wconf 87' lang='lat' dir='ltr'><strong>posteriores</strong></span> <span class='ocrx_word' id='word_1_410' title='bbox 775 3549 812 3612; x_wconf 84' lang='lat' dir='ltr'><strong>in</strong></span> <span class='ocrx_word' id='word_1_411' title='bbox 836 3566 928 3626; x_wconf 77' lang='lat' dir='ltr'><strong>snarg.</strong></span> <span class='ocrx_word' id='word_1_412' title='bbox 947 3547 985 3600; x_wconf 88' lang='lat' dir='ltr'><strong>ba</strong></span> <span class='ocrx_word' id='word_1_413' title='bbox 1005 3557 1054 3602; x_wconf 92' lang='lat' dir='ltr'><strong>ent</strong></span> <span class='ocrx_word' id='word_1_414' title='bbox 1072 3550 1213 3605; x_wconf 85' lang='lat' dir='ltr'><strong>invetera-</strong></span> 
     </span>
     <span class='ocr_line' id='line_1_44' title="bbox 56 3614 1210 3698; baseline 0.003 -30"><span class='ocrx_word' id='word_1_415' title='bbox 56 3614 144 3681; x_wconf 70' lang='lat' dir='ltr'><strong>verit,</strong></span> <span class='ocrx_word' id='word_1_416' title='bbox 165 3618 196 3668; x_wconf 90' lang='lat' dir='ltr'><strong>in</strong></span> <span class='ocrx_word' id='word_1_417' title='bbox 213 3619 298 3674; x_wconf 83' lang='lat' dir='ltr'><strong>Vind.</strong></span> <span class='ocrx_word' id='word_1_418' title='bbox 320 3624 343 3673; x_wconf 95' lang='lat' dir='ltr'><strong>l.</strong></span> <span class='ocrx_word' id='word_1_419' title='bbox 365 3628 408 3673; x_wconf 87' lang='lat' dir='ltr'><strong>est</strong></span> <span class='ocrx_word' id='word_1_420' title='bbox 426 3617 650 3679; x_wconf 78' lang='lat' dir='ltr'><strong>inveteraverant,</strong></span> <span class='ocrx_word' id='word_1_421' title='bbox 677 3626 706 3670; x_wconf 90' lang='lat' dir='ltr'><strong>et</strong></span> <span class='ocrx_word' id='word_1_422' title='bbox 723 3635 790 3672; x_wconf 84' lang='lat' dir='ltr'><strong>mox</strong></span> <span class='ocrx_word' id='word_1_423' title='bbox 814 3618 982 3673; x_wconf 83' lang='lat' dir='ltr'><strong>insederint.</strong></span> <span class='ocrx_word' id='word_1_424' title='bbox 1020 3621 1120 3696; x_wconf 82' lang='lat' dir='ltr'><strong>Pergit</strong></span> <span class='ocrx_word' id='word_1_425' title='bbox 1137 3621 1210 3698; x_wconf 76' lang='lat' dir='ltr'><strong>Aug.</strong></span> 
     </span>
     <span class='ocr_line' id='line_1_45' title="bbox 57 3687 1212 3764; baseline 0.005 -24"><span class='ocrx_word' id='word_1_426' title='bbox 57 3701 189 3756; x_wconf 88' lang='lat' dir='ltr'><strong>cumpro</strong></span> <span class='ocrx_word' id='word_1_427' title='bbox 208 3695 273 3752; x_wconf 88' lang='lat' dir='ltr'><strong>tam,</strong></span> <span class='ocrx_word' id='word_1_428' title='bbox 294 3691 368 3741; x_wconf 81' lang='lat' dir='ltr'><strong>Mon.</strong></span> <span class='ocrx_word' id='word_1_429' title='bbox 388 3694 413 3744; x_wconf 90' lang='grc'><strong>2.</strong></span> <span class='ocrx_word' id='word_1_430' title='bbox 437 3698 509 3746; x_wconf 76' lang='lat' dir='ltr'><strong>trine.</strong></span> <span class='ocrx_word' id='word_1_431' title='bbox 548 3687 623 3742; x_wconf 78' lang='lat' dir='ltr'><strong>Tuan</strong></span> <span class='ocrx_word' id='word_1_432' title='bbox 642 3688 697 3741; x_wconf 81' lang='lat' dir='ltr'><strong>Ed.</strong></span> <span class='ocrx_word' id='word_1_433' title='bbox 720 3691 747 3742; x_wconf 89' lang='lat' dir='ltr'><strong>P.</strong></span> <span class='ocrx_word' id='word_1_434' title='bbox 769 3689 864 3744; x_wconf 78' lang='lat' dir='ltr'><strong>estitit</strong></span> <span class='ocrx_word' id='word_1_435' title='bbox 877 3705 946 3761; x_wconf 25' lang='lat' dir='ltr'><strong>&#39;pro</strong></span> <span class='ocrx_word' id='word_1_436' title='bbox 965 3690 1072 3764; x_wconf 77' lang='lat' dir='ltr'><strong>existit.</strong></span> <span class='ocrx_word' id='word_1_437' title='bbox 1098 3693 1212 3746; x_wconf 16' lang='lat' dir='ltr'><strong>*Variat</strong></span> 
     </span>
     <span class='ocr_line' id='line_1_46' title="bbox 56 3758 1211 3834; baseline 0.006 -23"><span class='ocrx_word' id='word_1_438' title='bbox 56 3764 155 3811; x_wconf 89' lang='lat' dir='ltr'><strong>autem</strong></span> <span class='ocrx_word' id='word_1_439' title='bbox 173 3758 202 3814; x_wconf 85' lang='lat' dir='ltr'><strong>h.</strong></span> <span class='ocrx_word' id='word_1_440' title='bbox 223 3759 242 3814; x_wconf 88' lang='lat' dir='ltr'><strong>l.</strong></span> <span class='ocrx_word' id='word_1_441' title='bbox 263 3758 367 3829; x_wconf 77' lang='lat' dir='ltr'><strong>¹Cicero</strong></span> <span class='ocrx_word' id='word_1_442' title='bbox 386 3769 580 3814; x_wconf 88' lang='lat' dir='ltr'><strong>structuram:</strong></span> <span class='ocrx_word' id='word_1_443' title='bbox 611 3759 732 3815; x_wconf 78' lang='lat' dir='ltr'><strong>debebat</strong></span> <span class='ocrx_word' id='word_1_444' title='bbox 758 3762 834 3814; x_wconf 90' lang='lat' dir='ltr'><strong>enim</strong></span> <span class='ocrx_word' id='word_1_445' title='bbox 862 3780 915 3834; x_wconf 88' lang='lat' dir='ltr'><strong>per</strong></span> <span class='ocrx_word' id='word_1_446' title='bbox 953 3779 1001 3816; x_wconf 89' lang='lat' dir='ltr'><strong>re:</strong></span> <span class='ocrx_word' id='word_1_447' title='bbox 1031 3762 1165 3817; x_wconf 77' lang='lat' dir='ltr'><strong>exsistere</strong></span> <span class='ocrx_word' id='word_1_448' title='bbox 1183 3769 1211 3818; x_wconf 84' lang='lat' dir='ltr'><strong>et</strong></span> 
     </span>
     <span class='ocr_line' id='line_1_47' title="bbox 44 3778 1297 3904; baseline 0.013 -28"><span class='ocrx_word' id='word_1_449' title='bbox 44 3829 182 3880; x_wconf 24' lang='lat' dir='ltr'><strong>,morbum</strong></span> <span class='ocrx_word' id='word_1_450' title='bbox 200 3836 268 3883; x_wconf 80' lang='lat' dir='ltr'><strong>etc·</strong></span> <span class='ocrx_word' id='word_1_451' title='bbox 292 3830 402 3883; x_wconf 87' lang='lat' dir='ltr'><strong>Laudat</strong></span> <span class='ocrx_word' id='word_1_452' title='bbox 419 3831 506 3886; x_wconf 88' lang='lat' dir='ltr'><strong>huius&#39;</strong></span> <span class='ocrx_word' id='word_1_453' title='bbox 534 3839 698 3886; x_wconf 86' lang='lat' dir='ltr'><strong>structurae</strong></span> <span class='ocrx_word' id='word_1_454' title='bbox 723 3834 899 3904; x_wconf 84' lang='lat' dir='ltr'><strong>exemplum</strong></span> <span class='ocrx_word' id='word_1_455' title='bbox 915 3778 1067 3889; x_wconf 53' lang='lat' dir='ltr'><strong>{bibuerus</strong></span> <span class='ocrx_word' id='word_1_456' title='bbox 1092 3834 1153 3889; x_wconf 81' lang='lat' dir='ltr'><strong>cic.</strong></span> <span class='ocrx_word' id='word_1_457' title='bbox 1175 3836 1211 3892; x_wconf 85' lang='lat' dir='ltr'><strong>de</strong></span> <span class='ocrx_word' id='word_1_458' title='bbox 1295 3853 1297 3862; x_wconf 93' lang='grc'><strong><em>·</em></strong></span> 
     </span>
     <span class='ocr_line' id='line_1_48' title="bbox 56 3899 1211 3976; baseline 0.009 -24"><span class='ocrx_word' id='word_1_459' title='bbox 56 3901 142 3952; x_wconf 88' lang='lat' dir='ltr'><strong>Fin&#39;n.</strong></span> <span class='ocrx_word' id='word_1_460' title='bbox 162 3899 216 3953; x_wconf 89' lang='lat'>111.</span> <span class='ocrx_word' id='word_1_461' title='bbox 241 3901 297 3953; x_wconf 83' lang='lat' dir='ltr'><strong>lb:-</strong></span> <span class='ocrx_word' id='word_1_462' title='bbox 323 3901 357 3953; x_wconf 90' lang='lat' dir='ltr'><strong>Si</strong></span> <span class='ocrx_word' id='word_1_463' title='bbox 379 3903 556 3971; x_wconf 80' lang='lat' dir='ltr'><strong>voluptas-</strong></span> <span class='ocrx_word' id='word_1_464' title='bbox 576 3903 672 3956; x_wconf 84' lang='lat' dir='ltr'><strong>sitin</strong></span> <span class='ocrx_word' id='word_1_465' title='bbox 690 3903 782 3968; x_wconf 87' lang='lat' dir='ltr'><strong>banis,</strong></span> <span class='ocrx_word' id='word_1_466' title='bbox 808 3905 925 3960; x_wconf 81' lang='lat' dir='ltr'><strong>divitias</strong></span> <span class='ocrx_word' id='word_1_467' title='bbox 949 3914 1051 3976; x_wconf 81' lang='lat' dir='ltr'><strong>quoque</strong></span> <span class='ocrx_word' id='word_1_468' title='bbox 1072 3902 1108 3959; x_wconf 78' lang='lat' dir='ltr'><strong>&#39;in</strong></span> <span class='ocrx_word' id='word_1_469' title='bbox 1131 3907 1211 3962; x_wconf 81' lang='lat' dir='ltr'><strong>bonit</strong></span> 
     </span>
     <span class='ocr_line' id='line_1_49' title="bbox 55 3971 1208 4047; baseline 0.008 -23"><span class='ocrx_word' id='word_1_470' title='bbox 55 3987 115 4024; x_wconf 84' lang='lat' dir='ltr'><strong>esse</strong></span> <span class='ocrx_word' id='word_1_471' title='bbox 131 3971 287 4038; x_wconf 87' lang='lat' dir='ltr'><strong>ponendas:</strong></span> <span class='ocrx_word' id='word_1_472' title='bbox 316 3977 347 4023; x_wconf 87' lang='lat' dir='ltr'><strong>at</strong></span> <span class='ocrx_word' id='word_1_473' title='bbox 370 3975 396 4026; x_wconf 90' lang='lat' dir='ltr'><strong>si</strong></span> <span class='ocrx_word' id='word_1_474' title='bbox 416 3974 557 4041; x_wconf 88' lang='lat' dir='ltr'><strong>sapientia</strong></span> <span class='ocrx_word' id='word_1_475' title='bbox 581 3975 679 4028; x_wconf 88' lang='lat' dir='ltr'><strong>bonam</strong></span> <span class='ocrx_word' id='word_1_476' title='bbox 705 3977 752 4037; x_wconf 86' lang='lat' dir='ltr'><strong>ait,</strong></span> <span class='ocrx_word' id='word_1_477' title='bbox 779 3991 834 4030; x_wconf 88' lang='lat' dir='ltr'><strong>non</strong></span> <span class='ocrx_word' id='word_1_478' title='bbox 852 3978 940 4047; x_wconf 85' lang='lat' dir='ltr'><strong>sequi,</strong></span> <span class='ocrx_word' id='word_1_479' title='bbox 967 3983 998 4029; x_wconf 88' lang='lat' dir='ltr'><strong>ut</strong></span> <span class='ocrx_word' id='word_1_480' title='bbox 1018 3975 1050 4014; x_wconf 54' lang='lat'><strong>⁴-</strong></span> <span class='ocrx_word' id='word_1_481' title='bbox 1069 3979 1208 4033; x_wconf 84' lang='lat' dir='ltr'><strong>dicamus:</strong></span> 
     </span>
     <span class='ocr_line' id='line_1_50' title="bbox 55 4043 1209 4112; baseline 0.01 -17"><span class='ocrx_word' id='word_1_482' title='bbox 55 4059 190 4112; x_wconf 83' lang='lat' dir='ltr'><strong>neque-</strong></span> <span class='ocrx_word' id='word_1_483' title='bbox 209 4045 328 4109; x_wconf 85' lang='lat' dir='ltr'><strong>potest</strong></span> <span class='ocrx_word' id='word_1_484' title='bbox 345 4046 399 4095; x_wconf 80' lang='lat' dir='ltr'><strong>etc.</strong></span> <span class='ocrx_word' id='word_1_485' title='bbox 431 4043 501 4097; x_wconf 88' lang='lat' dir='ltr'><strong>Add.</strong></span> <span class='ocrx_word' id='word_1_486' title='bbox 527 4061 578 4096; x_wconf 89' lang='lat' dir='ltr'><strong>nos</strong></span> <span class='ocrx_word' id='word_1_487' title='bbox 597 4045 633 4098; x_wconf 87' lang='lat' dir='ltr'><strong>ad</strong></span> <span class='ocrx_word' id='word_1_488' title='bbox 651 4046 717 4102; x_wconf 72' lang='lat' dir='ltr'><strong>Cic:</strong></span> <span class='ocrx_word' id='word_1_489' title='bbox 740 4045 774 4100; x_wconf 88' lang='lat' dir='ltr'><strong>de</strong></span> <span class='ocrx_word' id='word_1_490' title='bbox 793 4048 863 4101; x_wconf 81' lang='lat' dir='ltr'><strong>Fato</strong></span> <span class='ocrx_word' id='word_1_491' title='bbox 882 4050 927 4112; x_wconf 71' lang='lat'><strong>2⁰,</strong></span> <span class='ocrx_word' id='word_1_492' title='bbox 946 4049 990 4103; x_wconf 79' lang='lat'><strong>4⁷.</strong></span> <span class='ocrx_word' id='word_1_493' title='bbox 1026 4049 1071 4102; x_wconf 87' lang='lat' dir='ltr'><strong>Ad</strong></span> <span class='ocrx_word' id='word_1_494' title='bbox 1094 4058 1209 4106; x_wconf 87' lang='lat' dir='ltr'><strong>senteu-</strong></span> 
     </span>
     <span class='ocr_line' id='line_1_51' title="bbox 55 4111 957 4187; baseline 0.007 -22"><span class='ocrx_word' id='word_1_495' title='bbox 55 4114 126 4166; x_wconf 88' lang='lat' dir='ltr'><strong>tiam</strong></span> <span class='ocrx_word' id='word_1_496' title='bbox 146 4114 185 4165; x_wconf 65' lang='grc' dir='ltr'><strong>οἱ.</strong></span> <span class='ocrx_word' id='word_1_497' title='bbox 206 4111 315 4166; x_wconf 87' lang='lat' dir='ltr'><strong>Gernb.</strong></span> <span class='ocrx_word' id='word_1_498' title='bbox 336 4114 371 4166; x_wconf 88' lang='lat' dir='ltr'><strong>ad</strong></span> <span class='ocrx_word' id='word_1_499' title='bbox 390 4113 450 4167; x_wconf 82' lang='lat' dir='ltr'><strong>cio.</strong></span> <span class='ocrx_word' id='word_1_500' title='bbox 471 4115 506 4167; x_wconf 90' lang='lat' dir='ltr'><strong>de</strong></span> <span class='ocrx_word' id='word_1_501' title='bbox 525 4114 578 4166; x_wconf 82' lang='lat' dir='ltr'><strong>Off.</strong></span> <span class='ocrx_word' id='word_1_502' title='bbox 599 4116 683 4170; x_wconf 62' lang='lat'><strong>1:15.</strong></span> <span class='ocrx_word' id='word_1_503' title='bbox 704 4118 748 4172; x_wconf 79' lang='grc'><strong>49.</strong></span> <span class='ocrx_word' id='word_1_504' title='bbox 767 4132 795 4187; x_wconf 84' lang='lat' dir='ltr'><strong>p.</strong></span> <span class='ocrx_word' id='word_1_505' title='bbox 816 4122 859 4176; x_wconf 80' lang='lat'><strong>6⁰.</strong></span> <span class='ocrx_word' id='word_1_506' title='bbox 896 4121 957 4173; x_wconf 90' lang='lat' dir='ltr'><strong>Mr.</strong></span> 
     </span>
     <span class='ocr_line' id='line_1_52' title="bbox 63 4185 1208 4259; baseline 0.01 -23"><span class='ocrx_word' id='word_1_507' title='bbox 63 4203 65 4207; x_wconf 94' lang='lat'>·</span> <span class='ocrx_word' id='word_1_508' title='bbox 126 4201 183 4250; x_wconf 86' lang='lat' dir='ltr'><strong>eae,</strong></span> <span class='ocrx_word' id='word_1_509' title='bbox 203 4199 272 4254; x_wconf 84' lang='lat' dir='ltr'><strong>qaae</strong></span> <span class='ocrx_word' id='word_1_510' title='bbox 288 4189 353 4238; x_wconf 81' lang='lat' dir='ltr'><strong>iant</strong></span> <span class='ocrx_word' id='word_1_511' title='bbox 372 4186 414 4239; x_wconf 85' lang='lat' dir='ltr'><strong>eis</strong></span> <span class='ocrx_word' id='word_1_512' title='bbox 432 4185 537 4238; x_wconf 88' lang='lat' dir='ltr'><strong>morbis</strong></span> <span class='ocrx_word' id='word_1_513' title='bbox 556 4187 796 4253; x_wconf 80' lang='lat' dir='ltr'><strong>aegrotationibus</strong></span> <span class='ocrx_word' id='word_1_514' title='bbox 817 4206 848 4241; x_wconf 88' lang='lat' dir='ltr'><strong>ae</strong></span> <span class='ocrx_word' id='word_1_515' title='bbox 866 4191 1048 4259; x_wconf 73' lang='lat' dir='ltr'><strong>contrariae]</strong></span> <span class='ocrx_word' id='word_1_516' title='bbox 1085 4193 1140 4246; x_wconf 88' lang='lat' dir='ltr'><strong>Pro</strong></span> <span class='ocrx_word' id='word_1_517' title='bbox 1159 4210 1208 4247; x_wconf 85' lang='lat' dir='ltr'><strong>eae</strong></span> 
     </span>
     <span class='ocr_line' id='line_1_53' title="bbox 56 4207 1205 4320; baseline 0.006 -11"><span class='ocrx_word' id='word_1_518' title='bbox 56 4261 100 4309; x_wconf 88' lang='lat' dir='ltr'><strong>est</strong></span> <span class='ocrx_word' id='word_1_519' title='bbox 118 4254 169 4309; x_wconf 86' lang='lat' dir='ltr'><strong>bae</strong></span> <span class='ocrx_word' id='word_1_520' title='bbox 187 4256 218 4308; x_wconf 90' lang='lat' dir='ltr'><strong>in</strong></span> <span class='ocrx_word' id='word_1_521' title='bbox 238 4255 325 4309; x_wconf 84' lang='lat' dir='ltr'><strong>Godd.</strong></span> <span class='ocrx_word' id='word_1_522' title='bbox 345 4257 433 4310; x_wconf 83' lang='lat' dir='ltr'><strong>Msrb.</strong></span> <span class='ocrx_word' id='word_1_523' title='bbox 453 4258 529 4309; x_wconf 86' lang='lat' dir='ltr'><strong>Mon.</strong></span> <span class='ocrx_word' id='word_1_524' title='bbox 547 4259 574 4313; x_wconf 88' lang='grc'><strong>2.</strong></span> <span class='ocrx_word' id='word_1_525' title='bbox 587 4256 684 4310; x_wconf 89' lang='lat' dir='ltr'><strong>·Vind.</strong></span> <span class='ocrx_word' id='word_1_526' title='bbox 706 4262 730 4312; x_wconf 92' lang='grc' dir='ltr'><strong>Ι.</strong></span> <span class='ocrx_word' id='word_1_527' title='bbox 754 4207 843 4315; x_wconf 57' lang='lat' dir='ltr'><strong>Rebi,</strong></span> <span class='ocrx_word' id='word_1_528' title='bbox 871 4259 944 4314; x_wconf 82' lang='lat' dir='ltr'><strong>Edd.</strong></span> <span class='ocrx_word' id='word_1_529' title='bbox 968 4263 998 4315; x_wconf 91' lang='lat' dir='ltr'><strong>P.</strong></span> <span class='ocrx_word' id='word_1_530' title='bbox 1018 4263 1051 4315; x_wconf 89' lang='lat' dir='ltr'><strong>A.</strong></span> <span class='ocrx_word' id='word_1_531' title='bbox 1068 4261 1103 4317; x_wconf 85' lang='lat' dir='ltr'><strong>B.</strong></span> <span class='ocrx_word' id='word_1_532' title='bbox 1123 4261 1151 4320; x_wconf 87' lang='lat' dir='ltr'><strong>S.</strong></span> <span class='ocrx_word' id='word_1_533' title='bbox 1171 4263 1205 4316; x_wconf 82' lang='grc' dir='ltr'><strong>Ε.</strong></span> 
     </span>
     <span class='ocr_line' id='line_1_54' title="bbox 54 4325 1207 4409; baseline 0.007 -31"><span class='ocrx_word' id='word_1_534' title='bbox 54 4325 87 4379; x_wconf 81' lang='lat' dir='ltr'><strong>C.</strong></span> <span class='ocrx_word' id='word_1_535' title='bbox 106 4329 139 4378; x_wconf 82' lang='lat' dir='ltr'><strong>V.</strong></span> <span class='ocrx_word' id='word_1_536' title='bbox 159 4327 228 4381; x_wconf 86' lang='lat' dir='ltr'><strong>Rob.</strong></span> <span class='ocrx_word' id='word_1_537' title='bbox 248 4326 346 4398; x_wconf 85' lang='lat' dir='ltr'><strong>Steph.</strong></span> <span class='ocrx_word' id='word_1_538' title='bbox 369 4328 439 4381; x_wconf 88' lang='lat' dir='ltr'><strong>Ven.</strong></span> <span class='ocrx_word' id='word_1_539' title='bbox 459 4334 549 4380; x_wconf 88' lang='lat' dir='ltr'><strong>nostr.</strong></span> <span class='ocrx_word' id='word_1_540' title='bbox 568 4329 633 4382; x_wconf 87' lang='lat' dir='ltr'><strong>Asc.</strong></span> <span class='ocrx_word' id='word_1_541' title='bbox 645 4332 679 4383; x_wconf 36' lang='lat' dir='ltr'><strong>fl.</strong></span> <span class='ocrx_word' id='word_1_542' title='bbox 698 4331 724 4385; x_wconf 83' lang='grc'><strong>2.</strong></span> <span class='ocrx_word' id='word_1_543' title='bbox 745 4329 827 4386; x_wconf 88' lang='lat' dir='ltr'><strong>Junt.</strong></span> <span class='ocrx_word' id='word_1_544' title='bbox 847 4331 944 4388; x_wconf 86' lang='lat' dir='ltr'><strong>Herw.</strong></span> <span class='ocrx_word' id='word_1_545' title='bbox 965 4364 998 4376; x_wconf 91' lang='lat'><em>-</em></span> <span class='ocrx_word' id='word_1_546' title='bbox 1018 4333 1143 4409; x_wconf 78' lang='lat' dir='ltr'><strong>ln&#39;Aug.</strong></span> <span class='ocrx_word' id='word_1_547' title='bbox 1164 4343 1207 4387; x_wconf 89' lang='lat' dir='ltr'><strong>est</strong></span> 
     </span>
     <span class='ocr_line' id='line_1_55' title="bbox 55 4395 1208 4475; baseline 0.01 -25"><span class='ocrx_word' id='word_1_548' title='bbox 55 4395 119 4463; x_wconf 85' lang='lat' dir='ltr'><strong>bec,</strong></span> <span class='ocrx_word' id='word_1_549' title='bbox 149 4399 180 4452; x_wconf 91' lang='lat' dir='ltr'><strong>in</strong></span> <span class='ocrx_word' id='word_1_550' title='bbox 210 4398 284 4451; x_wconf 82' lang='lat' dir='ltr'><strong>Gud</strong></span> <span class='ocrx_word' id='word_1_551' title='bbox 311 4407 340 4453; x_wconf 91' lang='lat' dir='ltr'><strong>et</strong></span> <span class='ocrx_word' id='word_1_552' title='bbox 361 4397 545 4465; x_wconf 54' lang='lat' dir='ltr'><strong>Duisbrbee.</strong></span> <span class='ocrx_word' id='word_1_553' title='bbox 581 4400 681 4475; x_wconf 73' lang='lat' dir='ltr'><strong>Pergit</strong></span> <span class='ocrx_word' id='word_1_554' title='bbox 703 4401 849 4470; x_wconf 88' lang='lat' dir='ltr'><strong>posterior</strong></span> <span class='ocrx_word' id='word_1_555' title='bbox 872 4409 904 4457; x_wconf 81' lang='lat' dir='ltr'><strong>et</strong></span> <span class='ocrx_word' id='word_1_556' title='bbox 930 4419 999 4475; x_wconf 84' lang='lat' dir='ltr'><strong>quae</strong></span> <span class='ocrx_word' id='word_1_557' title='bbox 1024 4411 1094 4459; x_wconf 87' lang='lat' dir='ltr'><strong>sant.</strong></span> <span class='ocrx_word' id='word_1_558' title='bbox 1131 4402 1208 4462; x_wconf 83' lang='lat' dir='ltr'><strong>Tum</strong></span> 
     </span>
     <span class='ocr_line' id='line_1_56' title="bbox 54 4467 1116 4557; baseline 0.007 -35"><span class='ocrx_word' id='word_1_559' title='bbox 54 4467 143 4523; x_wconf 75' lang='lat' dir='ltr'><strong>asta.</strong></span> <span class='ocrx_word' id='word_1_560' title='bbox 163 4469 210 4524; x_wconf 81' lang='lat' dir='ltr'><strong>iis.</strong></span> <span class='ocrx_word' id='word_1_561' title='bbox 231 4469 317 4528; x_wconf 79' lang='lat' dir='ltr'><strong>Vind.</strong></span> <span class='ocrx_word' id='word_1_562' title='bbox 336 4476 361 4530; x_wconf 84' lang='lat'><strong>1.</strong></span> <span class='ocrx_word' id='word_1_563' title='bbox 383 4481 413 4527; x_wconf 88' lang='lat' dir='ltr'><strong>et</strong></span> <span class='ocrx_word' id='word_1_564' title='bbox 431 4469 505 4528; x_wconf 86' lang='lat' dir='ltr'><strong>Gud.</strong></span> <span class='ocrx_word' id='word_1_565' title='bbox 523 4473 549 4528; x_wconf 89' lang='grc'><strong>2.</strong></span> <span class='ocrx_word' id='word_1_566' title='bbox 569 4470 818 4542; x_wconf 60' lang='lat' dir='ltr'><strong>nepotationibus,</strong></span> <span class='ocrx_word' id='word_1_567' title='bbox 837 4470 1017 4557; x_wconf 68' lang='lat' dir='ltr'><strong>omissoque.</strong></span> <span class='ocrx_word' id='word_1_568' title='bbox 1056 4476 1116 4531; x_wconf 83' lang='lat' dir='ltr'><strong>Mr.</strong></span> 
     </span>
    </p>
   </div>
   <div class='ocr_carea' id='block_1_4' title="bbox 0 0 1426 5070">
    <p class='ocr_par' dir='ltr' id='par_1_7' title="bbox 0 0 1426 5070">
     <span class='ocr_line' id='line_1_57' title="bbox 0 0 1426 5070; baseline 0 2"><span class='ocrx_word' id='word_1_569' title='bbox 0 0 1426 5070; x_wconf 95' lang='lat' dir='ltr'><strong> </strong></span> 
     </span>
    </p>
   </div>
  </div>
 </body>
</html>
