2842 5070
207 329 269 394 ³24
413 320 644 386 CICERONIS
666 319 911 387 TUSCULAN.
934 321 1165 387 DISPUTAT.

207 491 410 578 cogitatione
447 498 636 571 possumus·
654 487 809 551 morbum
836 488 878 550 ab
909 489 1139 570 aegrotatione
1171 489 1365 576 seiungere.

212 575 383 640 Vitiositor
396 579 513 633 autem
535 581 585 632 est
607 571 739 633 habitus
761 580 819 633 aut
840 573 981 649 affectio,
1004 573 1040 631 in
1062 578 1134 630 tota
1155 573 1226 632 vita
1245 575 1365 634 incon-

108 709 113 720 .
206 668 295 720 stans
318 664 352 718 et
372 675 392 716 a
413 673 448 715 se
469 656 541 736 ipsa
562 654 772 717 dissentiens.
813 649 873 714 lta
893 653 943 731 fit,
969 662 1009 714 ut
1036 655 1071 713 in
1094 654 1211 730 altera,
1242 675 1365 718 corru-

204 745 320 826 ptione
343 739 539 820 opinionum
558 737 695 801 morbus
714 737 877 798 efficiatur
899 744 933 796 et
954 737 1172 822 aegrotatior·
1190 739 1226 797 in
1244 740 1365 817 altera,

203 821 428 885 inconstantia
449 830 483 881 et
505 823 734 904 repugnantia.
775 818 854 879 Non
876 819 964 895 enim
987 837 1091 880 omne
1105 820 1227 880 vitium
1248 831 1365 902 partes

203 991 285 1044 Junt.
306 987 368 1040 Asc.
390 991 414 1042 2.
435 985 558 1042 HWolf.
580 992 687 1056 tuntum
704 987 732 1038 in
752 984 855 1037 animo.
890 983 966 1036 Tum
984 986 1070 1038 Vind.
1090 992 1114 1040 l.
1141 990 1267 1043 morbum
1285 996 1365 1062 cogi-

134 1066 154 1083 ·“
203 1062 307 1113 tatione
323 1075 476 1127 possumus.
515 1057 616 1132 Pergit
635 1056 709 1110 Gud.
731 1060 755 1111 Ἃ.
776 1057 810 1107 ob
829 1057 1033 1122 egritudine
1050 1059 1207 1126 seiungere.
1244 1064 1307 1116 Mr.
1386 1072 1389 1079 '

251 1176 256 1183 .
278 1131 426 1184 Vitiositas
444 1135 536 1181 autem
555 1135 594 1180 est
613 1125 722 1188 babitus
741 1134 789 1178 not
806 1127 929 1192 affectio]
968 1126 1036 1180 Cod.
1053 1126 1154 1182 buisb.
1182 1140 1212 1184 et
1237 1135 1362 1202 affectio,

201 1201 286 1258 Vind,
298 1206 322 1256 l.
343 1207 376 1253 et
395 1199 527 1267 effectio,
548 1197 622 1252 Gud.
634 1201 659 1255 2.
679 1204 728 1250 ant
747 1198 934 1264 oddefcctio‚
953 1199 1030 1266 quod
1043 1199 1176 1254 vocabuli
1196 1213 1362 1261 monstrum

202 1281 298 1325 ortum
317 1280 361 1325 est
380 1289 415 1324 ex
433 1270 637 1324 coniunctione
656 1270 850 1338 scriptionum
868 1268 991 1332 adfectio
1019 1279 1049 1323 et
1074 1274 1203 1340 defectio,
1236 1294 1362 1345 quarum

200 1345 396 1414 posteriorem
414 1341 500 1396 habet
517 1359 592 1393 uuus
611 1340 661 1392 Ox.
701 1340 743 1392 Ad
762 1341 911 1405 sequentia
930 1340 1035 1393 similis
1056 1351 1099 1395 est
1118 1344 1198 1398 locus
1218 1347 1252 1399 de
1271 1348 1360 1405 Finn.

200 1418 233 1469 V.
254 1418 296 1470 nt.
318 1416 367 1468 to:
418 1415 468 1466 uid
493 1418 650 1464 constanter
674 1410 797 1474 dicator,
822 1410 893 1479 quid
914 1412 1023 1478 ipsum
1042 1428 1059 1465 a
1084 1431 1119 1466 se
1141 1416 1359 1474 dissentiat.

202 1485 269 1540 (lod.
291 1485 381 1538 Rehd.
401 1432 488 1536 babet
513 1498 530 1534 a
555 1488 614 1535 tota
641 1486 723 1538 aito.
760 1484 868 1534 Vocem
887 1481 1076 1536 oito'omittit
1096 1487 1168 1540 Gud.
1189 1491 1215 1544 2.
1254 1489 1310 1545 Sed
1328 1494 1362 1546 in

199 1572 260 1610 uno
278 1557 328 1610 Ox.
350 1564 392 1608 est
410 1554 652 1608 additamentum:
675 1553 789 1628 legitur
816 1553 913 1608 enim:
939 1569 956 1603 a
975 1571 1005 1606 se
1029 1555 1093 1624 ipsa
1118 1559 1297 1626 dissentiens,
1323 1570 1362 1616 ut

201 1637 332 1693 essetne,
365 1629 422 1694 qui
452 1641 516 1678 non
545 1624 649 1690 longe
678 1641 696 1676 a
724 1622 911 1689 sapientia
943 1625 1073 1679 absunt.
1120 1629 1234 1699 Itaque
1259 1635 1292 1698 fit
1316 1666 1357 1686 -.

200 1699 284 1752 Alius
304 1699 354 1750 Ox.
381 1697 492 1750 omittit
521 1712 644 1764 sequens
668 1703 706 1747 nt.
745 1695 838 1748 Habet
862 1696 949 1747 etiam
973 1696 1081 1766 itaque
1100 1699 1169 1756 eon.
1196 1701 1288 1756 Rehd.
1324 1707 1361 1758 In

88 1783 90 1787 ’
200 1787 280 1838 seqq.
310 1769 359 1822 Ox.
388 1785 463 1820 unus
489 1763 573 1818 habet
600 1769 631 1819 in
656 1768 757 1819 altero
784 1767 950 1819 constantio.
988 1770 1134 1823 Posterius
1159 1770 1246 1827 habet
1273 1777 1360 1831 etiam

201 1840 276 1903 (jod,¹
290 1840 395 1902 pla-b„-
415 1837 557 1907 scribitur
577 1834 657 1888 babet
673 1836 796 1905 partis.
833 1837 887 1890 Est
905 1838 992 1891 etiam
1008 1832 1121 1908 bortis
1140 1875 1173 1885 -
1193 1845 1360 1900 dissentien-

199 1913 246 1964 ηε
266 1911 297 1961 in
318 1910 405 1963 Codri.
425 1907 525 1961 Duisb.
548 1907 622 1960 Gud.
643 1911 668 1963 2.
708 1906 800 1961 Verba
816 1912 847 1960 ut
868 1940 899 1949 -
918 1909 1017 1963 norunt
1035 1913 1212 1967 omittuntur
1240 1916 1272 1970 in
1300 1934 1359 1972 uno

149 2010 153 2025 ,
199 1981 250 2035 ox,
273 1981 341 2035 cod.
361 1980 452 2035 Marbs
469 1977 556 2032 babet
574 1980 623 2047 qui
641 1978 734 2046 longe,
755 1996 821 2031 cum
841 1979 951 2032 duobus
966 1982 1047 2047 Oxx,
1068 1987 1172 2038 omisso
1191 2001 1261 2040 non:
1282 1987 1361 2058 quod

199 2052 321 2105 videtur
338 2050 513 2115 correctoris
532 2059 739 2106 commentum.
775 2049 857 2103 Unus
877 2049 927 2101 01.
948 2068 1032 2117 quoe
1055 2069 1117 2108 non.
1154 2057 1214 2112 Me.

272 2123 386 2188 affectio
405 2127 445 2176 est
462 2120 512 2175 illo
531 2120 641 2190 quidem
660 2121 823 2188 discrepans
842 2121 898 2190 sibi
915 2122 988 2190 ipsa]
1028 2141 1073 2189 „a
1090 2142 1119 2178 se
1136 2125 1213 2192 ipsa:
1239 2127 1356 2197 Duplex

201 2202 245 2248 est
262 2195 361 2248 lectio.
399 2194 434 2247 ln
453 2191 519 2244 aliis
538 2178 625 2244 Oodd.
646 2191 762 2260 quidam
782 2192 886 2266 legunt
903 2191 938 2244 od
956 2194 1029 2260 ipso,
1056 2194 1170 2264 quidam
1189 2198 1242 2251 sibi
1260 2200 1357 2266 ipsa.“

200 2266 306 2319 comm,
336 2266 427 2317 Aaou.
455 2279 499 2332 ap.
527 2260 649 2334 Leodeg.
676 2279 691 2313 a
716 2262 769 2328 Qu.
806 2262 895 2326 „Sibi
921 2268 1084 2332 permutavi
1114 2264 1221 2331 [voluit
1255 2269 1357 2324 dicere

200 2333 344 2397 gafastai]
369 2336 407 2398 τῷ
431 2350 449 2384 α
475 2347 504 2383 se
532 2349 568 2384 ex
585 2330 665 2384 Edit.
690 2332 764 2388 Vict.
789 2333 859 2388 Pall.
885 2336 1014 2404 quinque
1040 2336 1123 2389 Febr.
1149 2354 1181 2390 ac
1199 2340 1359 2394 Vatican.“

200 2403 282 2459 Gedb.
321 2404 438 2461 Quidem
456 2402 568 2460 abesto
587 2401 661 2455 Gon..
674 2403 774 2457 Duisb.
795 2411 833 2469 ct,
852 2413 886 2456 ut
903 2406 1037 2470 videtur,¹
1049 2425 1066 2459 a
1084 2406 1189 2461 duobus
1211 2410 1281 2465 Oxx.
1302 2415 1357 2465 Pro

199 2478 258 2531 25⁶2·
276 2476 338 2546 ipsa
356 2484 399 2531 est
417 2472 475 2527 sibi
500 2472 573 2541 ipsi
599 2473 631 2525 iu
651 2473 738 2532 chd.
760 2477 835 2528 Mon.
856 2479 881 2529 l.
900 2476 975 2553 Aug.
990 2477 1048 2532 Ed.
1069 2478 1114 2544 P.;
1142 2494 1160 2531 o
1182 2497 1212 2532 se
1239 2481 1302 2549 ipso
1326 2485 1357 2534 in

201 2546 270 2602 eod.
290 2547 375 2600 Vind.
396 2551 420 2601 l.
441 2542 514 2597 Edd.
533 2544 567 2595 A.
587 2545 616 2596 B.
639 2544 670 2598 G.
690 2547 726 2600 tn.
748 2547 779 2602 L.
799 2544 871 2598 Ven.
892 2555 982 2599 nostr.
1003 2549 1066 2601 Asc.
1088 2555 1112 2605 l·
1134 2551 1158 2602 2·
1174 2548 1251 2607 ‘Ata
1271 2554 1358 2608 [ιθθᾶῖ

202 2619 284 2672 Junt.
304 2617 386 2670 Boul.
408 2616 474 2670 Car.
494 2613 594 2684 Steph.
614 2615 736 2671 brut-s
758 2616 795 2668 lb.
818 2617 1065 2682 Goth.t1W01f.;
1089 2621 1123 2672 ab
1143 2620 1206 2687 apso
1233 2623 1265 2674 in
1282 2623 1355 2676 Edd.
1388 2663 1393 2679 ·

202 2688 231 2743 S.
252 2690 286 2745 E.
323 2689 447 2763 Legitur
464 2702 512 2739 nec
527 2701 638 2753 porco
657 2687 687 2738 in
706 2636 759 2740 Ed.
780 2687 843 2740 Asc.
863 2691 904 2754 23
923 2690 977 2741 oel
990 2706 1082 2758 provo
1101 2692 1133 2743 in
1152 2691 1220 2745 cod.
1242 2695 1314 2747 Gud.
1330 2698 1354 2750 2.

202 2760 247 2814 Ad
272 2761 435 2830 superiores
461 2772 574 2811 errores
599 2756 645 2811 or.
673 2757 740 2811 vide
758 2776 805 2824 ne,
833 2759 883 2824 ait,
911 2761 1012 2814 turbae
1036 2763 1107 2815 istae
1133 2770 1213 2816 ortae
1232 2766 1296 2825 sint
1322 2783 1356 2818 ex

199 2831 330 2884 formula
347 2846 417 2890 vera
435 2827 591 2892 tuniano,
609 2827 773 2897 ‘lumnam
798 2845 858 2882 cum
876 2845 907 2882 ⁸⁶
925 2833 998 2898 ipse,
1027 2849 1100 2902 quae
1128 2835 1293 2905 saepissime
1315 2844 1356 2890 est

204 2901 367 2954 obliterata.
405 2901 466 2954 Mt.-

270 2971 334 3025 Non
358 2974 429 3026 enim
456 2985 535 3023 omne
560 2969 659 3024 uitium
682 2971 775 3041 partis
800 2970 880 3026 tutet
904 2972 1112 3039 sissentientis]
1149 2976 1235 3028 Hunc
1259 2979 1355 3033 ¹⁰0¹¹¹f¹

200 3043 279 3095 sicco
297 3042 371 3113 pede
389 3040 498 3110 reliqui
516 3048 704 3110 praetereunt
722 3045 913 3114 interpretest
933 3061 962 3101 se,
980 3060 1039 3096 11011
1057 3044 1230 3119 intelleget&
1248 3051 1357 3103 saleim*

200 3113 299 3170 Joach.
321 3113 510 3168 Camerarius.
548 3112 592 3165 Ad
609 3130 656 3166 me
675 3126 743 3167 sane
762 3114 839 3184 quod
857 3114 971 3178 attinet,
1002 3112 1078 3166 hand
1103 3119 1238 3185 eqnidem
1264 3120 1355 3190 ⁰³Pi⁰s
1397 3116 1399 3121 Ι

200 3188 251 3255 qul
270 3201 349 3238 omne
366 3183 464 3237 vitium
482 3190 580 3254 partes
600 3199 654 3237 non
671 3181 769 3237 babent
788 3184 1001 3248 dissentientes,
1021 3201 1086 3237 cum
1106 3204 1209 3256 eorum,
1239 3192 1285 3258 qui
1303 3190 1356 3244 non

144 3313 147 3321 ι
199 3258 282 3324 longe
300 3273 318 3308 u
341 3254 481 3324 snpientia
507 3255 615 3320 obeunt,
641 3255 765 3319 adfectio
789 3255 828 3312 sit
853 3257 905 3309 illc
928 3256 1095 3325 discrepans
1122 3259 1186 3327 ipsa
1210 3261 1287 3316 sibi?
1324 3261 1355 3314 Si

200 3329 280 3380 enim
299 3329 405 3379 vitium
422 3332 522 3395 partes
541 3342 599 3377 non
618 3323 705 3378 habet
723 3325 932 3390 dissentientes,
952 3327 1093 3396 quomodo
1112 3330 1180 3383 fieri
1198 3342 1304 3401 potest,
1322 3339 1357 3385 ut

201 3399 240 3451 sit
259 3399 384 3451 adfectio
405 3397 460 3449 sibi
478 3398 541 3466 ipsa
559 3395 747 3464 discrepans?
784 3396 840 3450 Sed
858 3395 937 3448 bunc
956 3396 1072 3461 nodum,
1093 3408 1125 3451 ut
1145 3409 1173 3454 et
1192 3404 1264 3467 alios
1283 3405 1356 3457 bene
1396 3409 1402 3421 ⁸

200 3469 318 3531 multos,
347 3468 529 3541 sagacissima
556 3468 725 3521 coniectura
760 3467 850 3520 solvit
874 3468 1087 3520 eruditissimus
1112 3471 1271 3537 Bentleius,
1305 3474 1356 3544 qui

199 3541 317 3610 reponit
333 3555 419 3607 pares
437 3537 517 3591 babet
535 3537 727 3590 dissidentiae.
749 3538 834 3591 Dere
845 3539 907 3607 ipsa
923 3536 989 3590 vide
999 3538 1135 3592 Senecam
1144 3542 1239 3613 Epist.
1250 3546 1293 3600 75.
1318 3547 1355 3597 D.
1407 3566 1411 3570 ·

200 3615 202 3619 '
270 3610 333 3664 Non
352 3612 422 3663 enim
441 3626 521 3662 oenoe
540 3610 637 3661 vitium
655 3598 756 3660 —¹sed
773 3625 828 3662 non
853 3609 970 3661 distorto
996 3625 1044 3661 nec
1064 3615 1164 3680 pravo]
1202 3616 1237 3667 ln
1256 3625 1355 3669 annot.

164 3703 167 3707 .
197 3682 251 3737 ΕΦ
274 3688 297 3736 1¹
318 3681 452 3736 Davisius
471 3686 544 3752 post,
556 3680 657 3731 verba:
688 3681 859 3749 „quomodo
886 3680 952 3732 fieri
972 3688 1067 3749 potest
1088 3711 1119 3720 -
1140 3685 1194 3738 sibi
1217 3686 1280 3754 ipsa
1300 3688 1358 3739 dis·

154 3794 157 3798 ·
200 3753 349 3823 ,repauso
377 3754 418 3805 ita
444 3741 629 3820 p‘errexerat:
661 3751 829 3815 „Etenim
852 3767 931 3803 omne
957 3751 1059 3803 vitium
1076 3762 1174 3820 portes
1198 3754 1280 3809 babet
1299 3754 1359 3810 dis-

124 3885 129 3890 .
198 3828 358 3878 sentientes:
389 3840 421 3876 ac
448 3830 511 3874 tum
537 3819 655 3872 demum
681 3820 813 3875 solvetur
837 3821 939 3888 nodus,
973 3830 1022 3872 aut
1046 3825 1149 3878 saltem
1176 3827 1359 3881 secabitur.“

198 3893 364 3956 Bentleium
389 3893 551 3946 correxisse
575 3890 616 3942 ait
637 3891 721 3944 Verb.
751 3893 785 3944 in·
814 3911 912 3965 marg„
949 3892 1013 3945 Non
1047 3896 1118 3947 enim
1151 3915 1230 3950 ontne
1250 3899 1358 3952 citium

196 3983 304 4034 pam
331 3964 412 4018 habet
441 3962 699 4016 dissensiones.
738 3962 793 4016 Sed
816 3965 850 4017 de
876 3964 932 4016 hoc
960 3962 1097 4018 universo
1122 3965 1196 4033 loco,
1226 3988 1300 4039 quae
1320 3987 1358 4023 cx

197 4037 325 4090 aliorum
345 4043 501 4102 nostraque
521 4033 665 4085 sententia
685 4033 806 4087 dicenda
824 4036 971 4096 videntur,
1000 4050 1068 4087 cum
1085 4039 1187 4106 paullo
1214 4042 1273 4092 sint
1292 4043 1377 4094 lon·¹

197 4110 289 4184 gion,
317 4125 350 4160 ea
367 4106 401 4157 in
419 4118 573 4167 excursum
592 4104 713 4156 fuerunt
731 4106 923 4159 coniicienda.
962 4105 996 4155 ln
1015 4105 1068 4158 Ed.
1088 4112 1114 4162 2.
1141 4109 1211 4161 Dav.
1241 4113 1273 4163 iu
1293 4128 1359 4165 ora·

197 4180 243 4232 nis
268 4179 374 4241 seriem
398 4174 511 4244 recepit
536 4172 645 4241 poris
674 4173 754 4228 babet
783 4174 1042 4232 dissidentiae.
1088 4180 1132 4231 Ad
1156 4185 1357 4236 structuram:

197 4251 307 4317 specus
326 4252 368 4300 eu
386 4243 457 4297 etta
475 4245 612 4313 quarem
636 4246 694 4301 vu.
714 4264 765 4300 nos
782 4245 819 4300 ut
838 4245 898 4300 crs.
924 4248 959 4300 ae
978 4245 1042 4299 niv.
1064 4249 1087 4302 1.
1107 4253 1147 4304 no.
1169 4255 1213 4307 ss·
1236 4271 1264 4322 n·
1286 4258 1356 4314 1⁰1³

195 4323 231 4374 aa
250 4319 311 4374 oto.
332 4317 366 4370 ae
385 4316 454 4384 nep.
473 4316 511 4368 11.
532 4320 576 4371 11.
596 4332 624 4385 p.
643 4318 713 4384 ose,
747 4324 777 4371 u
805 4334 890 4387 supra
915 4318 951 4372 aa
970 4319 991 4370 1.
1013 4323 1038 4372 a.
1059 4323 1084 4375 o.
1112 4321 1183 4374 Ado.
1204 4323 1299 4378 Beier.
1319 4323 1357 4378 ad

195 4390 255 4448 οἱα
283 4389 319 4442 ,10
346 4386 399 4441 off,
419 4387 456 4438 11,
485 4390 510 4443 6,
530 4389 574 4442 21.
600 4384 679 4443 Gort.
707 4385 743 4440 ad
768 4387 827 4441 cic.
854 4386 950 4459 Epist.
969 4388 1033 4441 x11.
1054 4394 1080 4445 9.
1100 4394 1126 4445 9.
1153 4393 1291 4452 Ochsner.
1320 4395 1358 4448 ad

193 4460 254 4516 cu.
283 4458 407 4535 uotogg.
440 4475 469 4530 p.
494 4460 555 4517 194.
584 4457 628 4512 ed.
653 4461 680 4516 ³.
716 4456 877 4514 russum.
906 4459 944 4516 u
974 4460 1125 4539 ruissent.
1157 4482 1186 4535 Ρ·
1215 4466 1277 4522 ³5⁵·
1310 4465 1356 4521 0¹¹·
