2858 5062
591 299 720 369 mnnn
740 299 801 379 1v‚·
819 302 853 367 s.
1025 260 1079 350 ·'
1148 378 1155 389 l
1226 303 1289 371 aot
1369 346 1379 361 s

132 466 184 528 ira
205 463 387 529 ulciscendi
409 474 538 549 tempus
561 466 758 532 observante
781 465 956 545 discordia,
977 465 1031 526 ira
1051 465 1218 545 acerbior,
1238 469 1289 531 in·

132 551 215 612 timo
239 544 329 624 [odio
351 549 395 627 et]
428 548 531 627 corde
552 559 730 631 concepta:
762 552 956 630 indigentia,
979 547 1084 610 libido
1105 551 1289 694 inexplebi-
1332 621 1336 626 ,

116 631 186 695 ‚list
231 632 431 708 desiderium,
467 631 569 694 libido
601 634 691 710 eius,
728 635 784 713 qui
823 631 972 694 nondum
1000 631 1103 709 adsit,
1139 633 1176 695 vi
1200 632 1287 699 endi.

131 713 354 800 Distinguunt
384 713 602 792 illudentem,
634 725 674 783 ut
704 713 809 775 libido
841 717 886 777 sit
908 734 1024 777 carum
1045 733 1172 793 rernm,
1204 735 1288 797 quae
1323 778 1326 782 ,

202 872 297 953 odiam
316 879 364 953 ira
382 899 550 967 inveterato]
569 901 665 953 Duisb.
687 906 716 954 et
734 904 808 954 Mon.
829 901 854 954 2.
876 897 972 953 odium
990 905 1043 954 est
1061 899 1123 965 irn‚·
1142 919 1216 955 unus
1235 901 1286 956 Ox.

129 971 230 1046 pergit
248 977 336 1024 mente
353 974 427 1027 rato.
466 974 530 1025 Post
548 968 701 1026 inimicitia
720 971 794 1026 Gud.
814 970 971 1026 inmittit
997 970 1052 1024 ira.
1090 973 1152 1025 Mc.

202 1059 306 1111 intimo
325 1059 419 1113 animo
438 1067 465 1114 ct
484 1060 577 1126 corde]
614 1050 663 1114 Sic
680 1079 697 1113 r
735 1059 879 1113 nuendum
896 1059 1021 1113 coniecit
1038 1061 1202 1128 Lambinus,
1220 1070 1300 1133 pro-'

130 1130 214 1183 bante
233 1130 276 1182 cl.
295 1129 439 1185 Bentleio:
460 1150 525 1184 nam
543 1131 660 1186 Codices
677 1131 715 1185 ha
735 1140 784 1185 ent
802 1131 902 1185 intimo
922 1130 1032 1187 odiost
1051 1130 1144 1186 corde.

202 1220 325 1273 intimo
349 1220 426 1274 odio
450 1227 476 1273 et
502 1222 585 1274 corde
609 1219 758 1289 concepta]
795 1219 925 1286 „intimo
951 1218 1055 1286 [odio]‚
1093 1220 1151 1272 alte
1185 1218 1287 1286 infixo,
1355 1277 1357 1281 ,

132 1290 208 1357 quod
225 1290 340 1360 penitus
359 1291 523 1345 inoleverit.
560 1294 600 1346 Ut
618 1308 700 1345 amor
717 1291 870 1364 coniungit
889 1291 984 1356 corda,
1003 1292 1045 1343 sic
1063 1291 1161 1343 odium
1179 1289 1288 1357 disiun-

128 1361 190 1433 git:
216 1361 293 1430 quod
314 1362 364 1413 ubi
391 1363 494 1415 intime
516 1362 685 1432 penetravit
711 1363 900 1426 inanimum,
924 1362 965 1413 sic
983 1361 1116 1416 dissociat
1134 1361 1228 1428 corda,
1254 1371 1288 1416 ut

129 1430 293 1484 conse'ntire
311 1428 391 1484 ultra
409 1442 561 1502 nequeant.
591 1435 666 1499 ¹Non
686 1440 792 1497 tamen,
820 1440 854 1484 ut
865 1432 1024 1485 concordia
1042 1450 1100 1485 csse
1118 1447 1177 1501 non
1194 1440 1289 1504 potest

128 1502 186 1554 nisi
205 1511 314 1566 inatus,
342 1504 583 1573 quemadmodum
601 1522 655 1558 nec
673 1504 809 1568 amicitia,
836 1504 878 1555 sic
899 1502 949 1555 vel
974 1503 1147 1556 discordiam
1164 1505 1214 1556 vel
1231 1505 1288 1557 ini-

129 1573 304 1626 micitiamo
326 1583 401 1627 ortet
421 1593 479 1628 esse
498 1585 636 1627 mutuam.
673 1576 768 1628 Potest
787 1574 917 1640 animis,
937 1591 1023 1643 quem
1039 1579 1075 1626 tu
1092 1590 1176 1640 amas,
1195 1575 1286 1628 odisse

129 1652 167 1695 te.
203 1592 351 1698 Discordia
369 1643 427 1697 fuit
444 1647 523 1698 inter
542 1647 690 1700 Socratem
709 1654 738 1697 et
753 1645 898 1716 Anytum:
919 1654 962 1698 est
979 1645 1082 1715 probos
1101 1643 1182 1699 iuter
1199 1654 1288 1715 atque

129 1715 287 1782 improbos:
316 1717 361 1767 ira
385 1716 481 1767 tamen
504 1717 535 1782 in
557 1716 790 1771 cordefSocratis
814 1733 847 1770 ac
868 1716 1026 1787 proborum
1055 1715 1145 1782 nullaj
1181 1717 1303 1770 nedmn.

130 1785 292 1841 acerbior.“
327 1785 515 1840 Passeratius.
685 1818 687 1822 ·

202 1855 299 1909 intimo
322 1856 388 1909 odio
413 1863 439 1910 et
466 1858 551 1911 corde
574 1856 751 1926 conceptos}
770 1857 949 1923 „hambinus
974 1856 1029 1923 [est
1050 1857 1190 1911 videlicet
1216 1856 1287 1913 haec

130 1926 298 1979 coniectura
315 1927 346 1979 in
364 1943 456 2004 marg.
475 1929 590 1981 Lambb.
611 1932 640 1982 et
658 1926 758 1992 Goth]
783 1937 812 1981 et
839 1936 904 1998 post
928 1934 995 1980 eum
1012 1928 1106 1981 Bentl.
1128 1936 1164 1980 et
1180 1928 1286 1996 navis,

130 1997 202 2051 bene
220 1998 357 2051 viderunt
376 2017 435 2052 esse
451 2000 513 2054 h.1.
532 2000 646 2070 aliquid
661 1998 778 2053 erroriss
798 1998 996 2052 correxerunt
1014 1999 1107 2072 igitur
1125 1996 1241 2053 animo
1259 2008 1288 2054 ct

130 2070 223 2121 corde.
243 2070 305 2122 Nec
322 2087 392 2122 vero
411 2071 686 2135 animadverterunt,
707 2088 768 2122 eam
786 2075 864 2122 nunc
882 2070 1080 2122 definitionem
1092 2070 1288 2140 plane·etiam

99 2162 101 2169 ·
129 2141 285 2192 convenire
300 2140 365 2193 odio
384 2151 414 2194 et
430 2142 608 2197 inimicitiae.
630 2142 721 2208 Quare
735 2141 812 2193 mihi
829 2141 945 2193 videtui·
958 2140 1127 2216 legendum:
1147 2142 1194 2195 ira
1210 2157 1293 2197 cccr-¹

128 2209 202 2278 tior,
221 2212 321 2264 inter
338 2213 424 2266 dnos
436 2214 520 2266 corde
535 2219 674 2281 concepto.
695 2212 862 2277 inimicitia,
881 2211 988 2275 odium
1007 2213 1050 2264 ira
1060 2226 1120 2265 non
1131 2213 1287 2266 necessario

128 2290 195 2334 sunt
217 2290 330 2348 mutua:
358 2283 414 2336 hoc
433 2301 502 2338 vero
521 2284 678 2337 discordiae
706 2292 749 2336 est
770 2283 932 2353 proprium.
968 2283 1067 2336 Facile
1089 2283 1168 2336 vides
1196 2285 1289 2354 respi-

128 2370 195 2407 cere
220 2353 390 2408 Ciceronem
418 2355 580 2410 discordiae
606 2355 751 2429 originem
773 2373 794 2410 s.
819 2355 915 2424 ipsum
941 2354 1021 2406 vocis
1046 2353 1178 2421 itnnov.“
1197 2352 1285 2412 Βοιώ.

98 2480 111 2505 x
128 2424 200 2477 Ern.
219 2425 300 2477 nullo
325 2425 432 2479 iudicio
457 2426 551 2480 addito
571 2435 600 2479 et
617 2425 693 2478 hanc
711 2434 740 2477 et
756 2425 865 2478 Davisii
884 2424 1056 2477 sententiam
1075 2427 1176 2478 refert.
1200 2426 1302 2482 Wol-x

129 2494 182 2548 iius
201 2496 232 2548 in
249 2496 355 2549 scholis
373 2497 409 2553 ad
426 2495 553 2552 Bentleii
570 2497 742 2551 sententiam
760 2513 790 2549 se
809 2495 949 2566 applicat:
977 2495 1008 2546 in
1026 2496 1098 2549 Edd.
1116 2512 1201 2550 voces
1216 2497 1286 2552 odio

130 2571 156 2620 et
173 2568 288 2629 uncinis
307 2568 440 2622 inclusit:
461 2569 547 2623 Schz.
565 2569 652 2641 plane
670 2568 766 2620 eiecit.
791 2567 842 2619 nt
858 2565 910 2618 hio
927 2565 1044 2636 quidem
1062 2567 1192 2620 calidius.
1220 2569 1287 2622 Nis-
1381 2624 1383 2629 A

130 2639 225 2691 senius
248 2637 347 2692 intimo
370 2639 435 2694 odio
461 2641 587 2710 explicat
609 2655 714 2693 summo
737 2637 811 2692 odio.
848 2638 918 2690 Non
939 2637 1112 2760 nepli'genda
1135 2646 1179 2691 est
1196 2639 1287 2692 lectio

131 2708 198 2763 eoo.
224 2713 299 2763 Mon.
322 2714 343 2765 l.
372 2711 475 2764 intimo
499 2711 565 2764 odio
591 2712 674 2764 corde
698 2715 843 2778 conceptae
869 2726 941 2778 quae
961 2725 998 2774 e,
1026 2727 1075 2761 cm
1097 2726 1156 2762 non
1178 2708 1289 2762 sufficit
1367 2726 1371 2730 ⁴

131 2778 274 2834 librorum
290 2781 387 2849 lectio,
415 2784 451 2836 ad
467 2784 621 2836 veritatem
639 2781 841 2851 reperiendam
862 2779 940 2832 viam
963 2782 1126 2834 monstrare
1143 2789 1224 2852 posse
1243 2780 1289 2834 vi·

131 2851 255 2908 debitur.
292 2851 347 2904 Sed
358 2854 440 2907 »insto
459 2854 639 2923 acquiescere
659 2853 690 2904 in
709 2851 869 2921 scriptione
887 2849 985 2905 intimo
997 2851 1072 2916 odio,
1092 2851 1289 2910 commendata

132 2924 220 2974 etiam
237 2941 254 2974 a
272 2923 387 2979 Klotzio
406 2925 440 2976 ad
457 2925 517 2977 cto.
537 2926 617 2978 lael.
636 2923 747 2979 lene
767 2941 796 2992 p·
818 2923 877 2977 141.
902 2923 953 2992 qui
977 2922 1074 2975 laudat
1097 2923 1200 2977 Onde
1218 2924 1288 2998 Leg.

131 2992 202 3069 Agr.
222 2991 260 3044 11.
279 2997 312 3048 6:
329 2997 370 3048 14.
391 2995 456 3050 odio
472 2995 585 3063 penitas
603 2995 700 3050 insito.
718 2993 884 3075 NDavisium
902 3010 986 3046 neruo
1005 3003 1118 3046 secutus
1137 3003 1188 3049 est.
1225 2995 1286 3048 Mc.

165 3084 168 3089 ⁴
203 3079 377 3149 Indigenis,
404 3082 492 3136 iibido
516 3081 715 3153 inexplebilis]
756 3080 861 3149 „Alibi
885 3083 1075 3151 indigentiam
1099 3083 1216 3149 ivisset,
1243 3083 1289 3136 in-

132 3152 236 3222 opiam,
254 3153 414 3222 penuriam,
434 3163 589 3238 egestatem
607 3153 769 3240 significare
787 3153 899 3209 scimus.
926 3149 1001 3220 Quas
1019 3154 1075 3206 hoc
1093 3154 1159 3207 loco
1177 3151 1288 3207 obtinet

131 3223 317 3300 significatio,
335 3225 422 3295 plane
440 3225 594 3300 singularis
614 3223 765 3279 videtur.“
783 3222 864 3277 Gesn.
902 3223 962 3275 lam
981 3224 1038 3280 vid.
1064 3226 1099 3277 de
1118 3225 1147 3280 h.
1167 3242 1195 3276 v.
1214 3224 1289 3291 Dae

130 3294 251 3348 derlein.
272 3297 332 3350 Lat.
353 3294 461 3366 Synon.
481 3315 510 3349 u.
530 3295 555 3349 E
592 3297 662 3349 mol.
682 3296 734 3350 111.
754 3307 783 3367 p.
804 3299 863 3351 111.
884 3303 913 3346 et
933 3297 989 3351 113.
1012 3318 1044 3332 ·-·
1082 3294 1227 3348 Scribitm·
1244 3295 1289 3370 ing

131 3367 282 3436 dignantia
300 3367 331 3418 in
348 3382 406 3420 uno
425 3368 489 3435 Ox„
508 3368 539 3419 in
558 3369 616 3420 aio
635 3366 795 3435 diligentia.
834 3366 973 3435 Sequitur
991 3363 1027 3418 in
1052 3365 1126 3419 Gud.
1147 3368 1173 3421 2.
1197 3366 1288 3421 iibido

130 3437 427 3507 inexplicabilis,
453 3440 484 3491 in
506 3438 578 3492 Edd.
604 3438 635 3492 0.
664 3440 698 3491 V.
723 3439 786 3494 Asc.
806 3440 832 3493 2.
856 3438 956 3492 Herw·
982 3435 1050 3491 Rob.
1071 3430 1170 3507 Steph.
1207 3439 1289 3492 Unus
1371 3445 1372 3448 ’
1406 3400 1407 3405 ¹

131 3511 180 3564 Ox.
203 3510 313 3565 omittit
331 3510 425 3565 libido.
446 3511 520 3565 Gud.
540 3513 566 3566 2.
585 3509 673 3574 habet
690 3506 719 3562 ci
735 3517 788 3587 pro
807 3509 876 3574 cicc,
896 3517 959 3561 orto
979 3516 1078 3562 errore
1097 3526 1132 3560 ex
1151 3509 1287 3584 neglecto
1329 3555 1333 3561 .

130 3580 298 3650 compendio
316 3582 385 3649 1319.
423 3584 521 3659 Pergit
539 3582 616 3635 Mon.
635 3580 661 3638 2.
681 3582 731 3652 qni
747 3581 886 3634 modom
905 3578 1005 3632 osstt.
1036 3579 1129 3632 Media
1146 3594 1203 3632 vox
1222 3586 1285 3632 orta

131 3669 166 3704 ex
188 3652 267 3715 nidi,
294 3651 397 3703 ultima
415 3663 458 3706 est
485 3654 603 3723 antiqua
629 3652 712 3706 verbi
737 3651 865 3722 scriptio.
896 3648 930 3703 V.
951 3649 1110 3702 Forcellin.
1132 3667 1160 3701 v.
1185 3649 1285 3716 odonna

130 3723 182 3778 fin.
219 3722 309 3775 Habet
328 3722 413 3774 etiam
432 3725 505 3777 assit
523 3724 589 3777 Cod.
609 3720 715 3789 nenas
741 3722 874 3806 idemque
894 3738 961 3775 cum
978 3736 1036 3774 uno
1055 3718 1105 3775 ox.
1124 3720 1286 3777 inveniendi

129 3810 183 3864 pro
202 3792 334 3846 videndi.-
353 3793 429 3862 quod
448 3805 490 3848 est
508 3794 677 3867 interpretis
694 3794 795 3866 putide
814 3792 970 3869 diligentis.
1009 3792 1070 3850 Mr.

200 3882 386 3950 Distinguunt
405 3883 492 3938 ctiam
510 3882 593 3952 iilud,
611 3892 644 3939 nt
661 3887 699 3940 cit
719 3882 808 3939 iibido
826 3892 926 3936 earnm
941 3898 1044 3946 rernm,
1068 3896 1136 3953 qnos
1155 3879 1284 3935 dicuntur

130 3952 197 4020 etc.]
235 3952 495 4030 „Distinguuntun
515 3973 587 4027 quae
605 3956 724 4010 definita
741 3957 799 4008 iam
816 3958 891 4020 sunt,
920 3952 1086 4008 desiderium
1105 3962 1134 4008 et
1152 3952 1284 4023 indigen·

87 4035 92 4042 '
129 4026 182 4081 tia.
203 4026 251 4092 sed
268 4025 366 4096 paullo
384 4018 501 4096 plenius
523 4036 595 4080 esset
613 4034 643 4080 nt
667 4018 885 4080 desiderium
908 4024 1060 4079 stetistis.
1097 4024 1149 4078 Sin
1176 4024 1285 4078 deside-

130 4098 209 4150 rium
236 4096 406 4163 omittimus,
430 4092 579 4151 subaudire
592 4096 720 4151 ¹necesse
747 4100 804 4151 est:
833 4096 882 4151 sed
899 4095 964 4149 addi
982 4095 1091 4160 malim,
1136 4113 1203 4148 uam
1221 4095 1284 4147 sub-

129 4168 233 4224 audiri.
271 4169 366 4223 Posset
386 4169 471 4221 etiam
490 4169 542 4234 sici
559 4170 647 4223 verbo
665 4167 741 4225 ittet
758 4168 789 4220 in
808 4169 897 4220 alium
920 4166 1019 4219 locum
1043 4113 1197 4220 translatos
1234 4165 1289 4219 Di·

103 4271 118 4276 -
130 4238 278 4308 stingnnnt
295 4238 390 4306 ctione,
409 4246 439 4296 nt
458 4238 533 4294 illud
551 4238 590 4291 cit
607 4236 705 4295 iibido.
733 4241 777 4293 lta
795 4237 968 4293 desiderium
985 4237 1143 4322 significari
1161 4250 1287 4290 commo·

130 4307 193 4363 dius
220 4311 414 4388 intelligetur.
456 4310 611 4377 Distinctio
638 4309 759 4380 quidem*
778 4309 850 4381 baec
874 4310 907 4362 in
932 4311 1058 4373 hairtin,
1088 4309 1139 4361 ubi
1164 4305 1287 4359 Zenonis

130 4381 312 4437 definitiones
330 4384 526 4455 persequitur,
545 4398 603 4436 non
621 4398 652 4435 re
675 4378 778 4434 eritur.
813 4382 881 4435 Non
897 4380 993 4452 placet
1011 4387 1116 4445 autem,
1147 4377 1223 4449 quqd
1240 4378 1287 4453 su}

129 4452 237 4523 spicari
253 4452 358 4527 aliquis
376 4457 497 4511 fortasse
514 4462 619 4527 posset,
646 4399 817 4508 &iseronem
834 4467 893 4505 non
911 4451 1079 4506 desiderium
1101 4456 1134 4502 'et
1155 4448 1287 4517 intigen-
