2842 5070
314 312 317 317 -
506 278 772 364 arenauno.
817 318 831 329 ..
1182 289 1223 352 ar

72 421 107 516 id
129 463 188 528 est,
210 449 443 516 tantummodo
465 450 578 524 utiles3
610 458 645 510 at
665 449 747 512 illud
769 457 820 511 est
841 451 949 512 latius.
1001 451 1114 512 Omnis
1136 453 1224 513 euim

141 639 188 712 qui
215 637 300 706 frugi
324 636 448 711 domines
470 639 670 707 χρησίμους
695 635 851 706 appellant]
887 635 957 690 coa.
983 640 1057 691 Mon.
1077 640 1102 694 2
1148 644 1223 710 aaut·
1279 643 1283 648 ’

70 729 140 779 μοις.
178 710 251 762 Eius
268 709 349 762 vocis
367 707 432 760 loco
451 706 519 758 (lod.
540 707 613 759 Gud.
633 706 720 761 habet
738 722 861 775 gramm.
898 709 991 761 Verba
1008 708 1042 762 id
1059 715 1100 762 est
1139 719 1224 764 esunt

70 785 102 835 in
122 781 190 834 (lod.
211 784 286 833 Mon.
307 785 331 833 1.
369 779 434 830 Post
452 778 527 831 illud
544 779 693 829 omittitur
711 784 753 830 est
771 780 801 829 in
821 786 946 846 quatuor
965 779 1053 833 Godd.
1068 780 1222 837 Oxx.Edd.

70 855 107 907 Μ.
128 854 162 906 h.
181 852 262 904 Boul.
282 849 346 902 Ald.
366 849 446 913 Brut.
464 849 551 901 Laod.
571 846 651 916 sylb.
669 847 732 903 Gar.
753 846 852 917 Steph.
890 850 950 903 Mr.

23 985 35 993 ,,
141 938 243 992 latius:
267 937 358 991 onmis
382 936 455 989 euim
478 935 660 1000 abstinentia,
684 935 776 988 omnis
799 937 966 1003 innocentia]
986 953 1021 1002 ·„
1029 939 1154 992 Victorii
1181 940 1223 993 sie

71 1010 157 1064 habet
180 1009 278 1073 editio,
307 1024 395 1077 quam
418 1008 575 1061 lectionem
600 1007 769 1060 custodiunt
794 1009 924 1078 quinque
952 1009 1022 1063 Pell.
1042 1008 1126 1062 Febr.
1145 1009 1221 1063 Pith.

70 1082 231 1133 Vaticanus.
251 1079 354 1154 Vulgo.
376 1079 471 1133 latius.
492 1085 535 1130 est
555 1079 629 1130 euim
645 1077 737 1130 earnis
754 1077 855 1131 obstita
876 1078 952 1132 etc.“
971 1079 1053 1134 Gabi.
1074 1079 1109 1131 ln
1126 1079 1180 1136 Ed.
1192 1085 1221 1137 2

69 1151 181 1204 Davisii
206 1151 355 1203 annotatio
380 1165 439 1202 nou
458 1149 614 1203 coneordat
632 1166 698 1201 curn
720 1150 881 1202 contextis:
913 1151 1056 1221 scriptum
1083 1152 1161 1203 enim
1180 1152 1222 1204 ibi

71 1231 114 1276 est
145 1239 181 1275 ex
205 1221 357 1283 sententia,
388 1229 421 1273 ut
446 1221 571 1284 videtur,
595 1219 737 1272 Bentleii:
776 1234 883 1272 omnem
917 1222 990 1274 enim
1013 1221 1220 1286 abstinentiam,

38 1322 51 1331 -
70 1309 175 1346 mem
193 1292 394 1345 innocentiam.-
412 1309 485 1362 quae
504 1299 548 1343 est
568 1291 730 1343 emendatio
749 1288 888 1354 Turnebi,
913 1294 962 1362 qui
986 1293 1153 1346 Adversarr.
1181 1290 1220 1344 ll.

61 1367 95 1418 a.
115 1370 268 1433 postquam
296 1379 359 1415 eam
382 1361 519 1432 protulit,
544 1361 638 1414 addit:
675 1359 784 1427 „Quod
809 1361 924 1429 quidem
943 1379 1058 1416 necesse
1076 1370 1129 1426 est,
1154 1370 1188 1414 ut
1205 1381 1222 1416 a

70 1442 152 1487 tanto
170 1434 314 1503 scriptore
342 1440 371 1485 et
389 1441 503 1486 oratore
520 1439 706 1486 removeatur
727 1430 895 1484 soloecismi
919 1433 1040 1487 foeditas
1063 1440 1153 1502 atque
1171 1433 1222 1487 de-

69 1503 233 1557 formitas.“
255 1503 412 1556 Bouhierio
438 1504 531 1578 magis
549 1501 682 1572 placebat
699 1500 832 1554 Lambini
856 1505 1011 1568 correctio,
1042 1521 1127 1571 quam
1145 1502 1223 1557 hanc

71 1592 130 1628 esse
149 1575 204 1626 ait:
222 1574 321 1626 Ouinia
338 1575 412 1627 euim
431 1581 472 1626 est
490 1573 662 1627 abstinentia
682 1580 735 1627 eto.
763 1572 818 1626 Sed
834 1573 931 1625 hamb.
952 1572 1059 1627 edidit:
1080 1575 1132 1625 Est
1149 1576 1223 1626 euim

70 1646 159 1698 omnis
187 1645 372 1709 abstinentiae
404 1651 433 1696 et
455 1645 498 1696 sic
517 1644 586 1696 (lar.-
600 1642 700 1713 Steph.
725 1643 806 1696 Boul.
831 1642 898 1696 Ald.
922 1645 1004 1699 Brut.
1033 1642 1112 1714 Sylh.
1134 1641 1221 1697 head.

70 1717 201 1782 itemque
219 1715 310 1766 Nobb.
349 1716 408 1766 Mr.

110 1817 112 1820 <
142 1784 181 1835 At
198 1783 272 1835 illud
290 1784 330 1836 esi
348 1783 451 1836 latius:
472 1785 566 1836 omnis
586 1783 657 1836 euim
674 1785 857 1849 abstinentia,
882 1787 977 1839 omnis
1001 1785 1169 1838 innocentia
1188 1810 1221 1823 «-

69 1855 198 1924 reliquas
216 1855 301 1906 etiam
319 1855 444 1907 virtutes
461 1854 616 1938 frugalitas
635 1855 779 1922 continet]
815 1850 964 1909 Manucius
983 1851 1082 1920 edidit,
1102 1857 1222 1909 utillud

71 1926 173 1993 latium
192 1931 233 1978 est
253 1925 327 1977 enim
345 1924 436 1977 omnia
453 1925 636 1990 absteneatia3
659 1933 691 1978 et
712 1926 753 1977 ite
779 1927 842 1978 fare
859 1924 893 1976 De
914 1924 1078 1978 Lambinus.
1116 1924 1222 1977 Laode-

70 1995 173 2063 garius
199 2011 216 2046 a
236 1997 343 2050 Quercu
367 1997 494 2064 reponit,
519 2012 624 2049 amnem
648 1994 722 2048 enim
745 1995 950 2061 abstinentiam,
974 2011 1079 2048 omnem
1095 1997 1223 2048 innocen·

70 2066 140 2120 tiana
158 2096 190 2108 -
210 2065 335 2136 reliquas
360 2069 444 2120 etiam
473 2065 593 2120 uirtutes
620 2061 778 2134 frugalitas
799 2067 929 2120 cantitat.
968 2067 1012 2119 lta
1041 2065 1159 2135 quidem
1187 2064 1223 2118 ad

70 2138 206 2190 usitatam
224 2138 352 2196 statuite
368 2145 523 2191 revocatur
541 2139 648 2201 orati03
675 2137 725 2190 sed
748 2131 815 2190 adm
841 2136 923 2191 Mssti
941 2138 1109 2202 lectionem,
1134 2148 1222 2206 quam

71 2208 210 2271 dedimus,
242 2210 375 2260 unanimi
399 2224 540 2260 consensu
564 2214 791 2276 repraesentent,
817 2207 851 2260 ab
884 2209 920 2260 iis
948 2209 1081 2260 standum
1108 2223 1222 2261 censeo.
1247 2235 1261 2247 ν

71 2278 158 2332 Certe
176 2286 290 2331 veteres
309 2280 429 2330 initium
447 2279 482 2330 ab
500 2296 556 2330 una
573 2277 674 2347 phrasi
691 2278 839 2343 facientes,
866 2278 987 2332 alterius
1011 2287 1124 2348 partem
1149 2294 1224 2330 non·

70 2363 217 2416 nunquam
241 2349 400 2401 subiiciunt
407 2366 417 2412 ,·
435 2347 475 2400 ‘id
502 2349 579 2417 quod
606 2346 794 2422 o’guaadlavtov
816 2366 831 2401 a
859 2348 1067 2402 Grammaticis
1091 2357 1221 2401 vocatur.

71 2417 193 2484 [Laudat
209 2416 239 2468 h.
258 2418 279 2469 l.
300 2420 332 2470 in
350 2419 403 2470 Ed.
424 2424 448 2473 1.
467 2417 602 2471 Davisius
622 2435 702 2468 suam
721 2425 817 2472 annot.
842 2416 876 2470 ad
895 2417 995 2472 Tusco·
1016 2420 1054 2471 11.
1076 2422 1101 2473 1.
1125 2428 1155 2474 et
1173 2419 1225 2473 Pe·

70 2489 166 2611 ginon.
196 2488 233 2541 ad
258 2487 354 2545 Sanct.
382 2490 451 2540 Min.
479 2488 527 2540 lv.
552 2491 579 2544 2.
609 2505 638 2556 p.
663 2486 743 2553 833]
784 2486 941 2542 Terentius
970 2490 1040 2542 Hac.
1077 2489 1141 2542 Act.
1167 2491 1223 2542 111.

91 2576 116 2614 e.
137 2562 162 2623 l,
187 2561 213 2613 6.

141 2629 215 2682 Nam
230 2646 282 2683 nos
300 2646 410 2696 omnes,
429 2629 586 2700 quibueeet
604 2627 731 2682 alicunde
748 2630 854 2697 aliquis
870 2628 996 2684 obiectas
1014 2632 1102 2695 labos,
1127 2646 1129 2651 ⁸

128 2701 229 2754 'Omne
240 2704 311 2770 qaod
323 2709 364 2754 est
375 2702 483 2754 interea
497 2707 609 2767 tempus,
626 2699 792 2766 priusquam
803 2700 836 2752 id
853 2704 984 2754 nescitam
1004 2707 1056 2768 est,
1074 2702 1158 2753 lucro
1174 2708 1224 2754 est.

72 2772 189 2842 incepit
204 2781 341 2844 tanquam
360 2773 493 2825 dicturus
513 2778 596 2834 esset,
621 2775 700 2824 lucro
719 2769 874 2838 antemna
886 2773 998 2837 dnivst,
1029 2771 1110 2842 quasi
1136 2771 1226 2824 dixis*

74 2849 129 2905 set,
148 2842 227 2894 nobie
245 2844 378 2897 omuibus.
415 2842 531 2894 Hirtius
550 2840 623 2895 Bell.
642 2841 735 2893 Afric.
756 2859 816 2910 cap.
837 2843 909 2894 XIX.
948 2842 1010 2894 liae
1027 2859 1075 2910 spe
1094 2848 1173 2910 atque
1191 2858 1226 2895 ea

72 2913 195 2965 audacia
227 2914 422 2965 inflammatus
449 2911 608 2977 Labienus,
646 2926 706 2963 oum
734 2914 869 2978 equitibus
899 2913 992 2968 Gallie
1022 2914 1227 2982 Geimaaisque

73 2981 152 3036 MDO
173 3014 203 3024 -
223 2985 254 3034 iu
272 2983 379 3049 campis
395 2982 571 3054 planissimis
587 2981 802 3051 purissimisque
826 2984 860 3035 ab
887 2982 958 3036 dora
985 2983 1046 3039 diei
1064 2986 1159 3052 quinta
1177 2992 1226 3035 as-

73 3069 124 3120 pae
141 3053 180 3104 ad
197 3050 276 3104 Solis
294 3068 422 3105 occasum
441 3060 482 3103 est
507 3051 691 3115 decertatum.
728 3053 839 3104 lterum
862 3064 923 3122 cap.
944 3055 1027 3106 XXV.
1063 3054 1125 3106 Rex
1143 3054 1224 3116 Iuba,

73 3121 201 3190 cognitis
220 3122 355 3174 Caesaris
371 3121 591 3186 difficultatibus
608 3123 798 3188 copiarumque
812 3128 964 3189 paucitate,
988 3136 1048 3176 non
1067 3132 1111 3176 est
1127 3124 1224 3177 visum

74 3196 143 3247 dare
161 3193 283 3261 epatium
300 3192 530 3314 conualeaeeppii.-
549 3190 706 3260 Euripides
725 3192 844 3260 Hippol.
862 3210 903 3245 vs.
922 3197 967 3248 23.

238 3292 274 3305 -
293 3268 335 3317 Τὰ
352 3263 438 3315 πολλὰ

239 3337 326 3386 Πάλαι
343 3332 563 3399 ΠΡΟΚΟ’ψΑΣ,
582 3330 615 3383 οὐ
633 3333 721 3384 πόνου
738 3333 843 3385 πολλοῦ
859 3335 917 3383 Ma
934 3333 1010 3384 ΔΕΓ.

75 3405 131 3459 Ubi
150 3400 342 3460 scholiastes:
359 3409 453 3458 Τοῦτο
473 3402 655 3470 ἐσολοίκησεν,
675 3404 786 3473 inquitr
811 3403 883 3456 οὕτω
901 3405 955 3475 γὰρ
978 3404 1034 3457 idea
1056 3403 1155 3468 εἰπεῖν,
1184 3407 1226 3459 Τὰ

76 3479 163 3529 πολλὰ
181 3476 212 3529 δὲ
230 3478 311 3528 πάλαι
328 3477 508 3547 apompeus,
528 3472 576 3527 οὐκ
596 3475 634 3526 ἔτι
651 3475 738 3526 πολὺν
756 3477 813 3542 ἔχω
831 3477 929 3528 πόνον.
966 3474 1022 3527 Adi
1041 3476 1080 3526 sis
1100 3475 1227 3538 etPhde-

76 3548 145 3600 nisa.
165 3566 206 3600 vs.
226 3549 288 3602 290.
325 3547 478 3600 Aelianum
496 3547 532 3595 Vr
550 3545 585 3596 H.
605 3543 656 3596 lib.
676 3545 713 3597 11.
733 3560 796 3614 cap.
816 3542 864 3598 XI.
893 3563 926 3599 ac
949 3537 1073 3598 Dionem
1101 3546 1228 3616 Chryso·-

76 3626 200 3672 stomum
219 3617 295 3672 Oret.
315 3617 378 3669 Vll.
399 3634 484 3691 pagg.
507 3618 567 3680 115,
588 3618 647 3670 llo.
685 3615 750 3667 Pari
768 3616 853 3678 modo
878 3625 979 3668 noster
1002 3616 1142 3685 loquendi
1167 3634 1230 3671 mo·

77 3689 146 3742 dum
166 3689 307 3752 variavit;
328 3689 437 3741 etenim
456 3686 594 3738 sinadam
614 3685 658 3738 uti
676 3686 789 3758 ratione
803 3693 1028 3754 perseverasset,
1048 3687 1079 3740 in
1091 3688 1231 3743 orationis

78 3759 160 3812 exitu
177 3757 341 3827 ponendam
360 3757 429 3822 fait,
457 3758 583 3825 reliquae
601 3757 687 3809 etiam
705 3759 821 3808 uirtutes
838 3757 888 3809 sub
907 3757 1075 3823 frugalitate
1093 3759 1232 3812 cassinen

77 3833 132 3883 tur.
170 3829 205 3881 D.
227 3848 231 3860 ¹
324 3842 327 3850 ¹
367 3858 370 3862 ·
478 3845 482 3852 ·
544 3845 548 3850 ’
616 3851 619 3858 ·

84 3928 87 3933 ·
147 3899 186 3951 ,a
203 3900 276 3953 illud
293 3904 336 3950 est
355 3899 452 3949 latiare
471 3895 561 3949 amnis
579 3898 654 3950 enim
667 3894 849 3960 abstinentia,
869 3899 960 3950 omnis
974 3897 1131 3950 innocentia
1150 3895 1232 3968 (qaae

78 4008 113 4026 ..
135 4006 143 4021 .
162 3977 256 4022 noceat
278 3967 393 4031 nemini)
417 3967 541 4033 reliquas
565 3970 649 4020 etiam
674 3969 791 4021 virtutes
814 3968 969 4032 frugalitas
996 3969 1127 4034 eonauet]
1156 3970 1233 4034 ,lta

78 4039 168 4094 codd.
188 4041 282 4092 nostri
301 4055 367 4090 cum
385 4036 561 4088 Victorienis
580 4036 667 4090 head.
688 4055 704 4088 a
722 4036 838 4102 Quercu,
849 4034 1021 4107 reponebat}
1041 4039 1233 4092 omnemenim

78 4110 275 4164 abstinentiam
295 4116 348 4162 ete.
388 4105 441 4158 Sed
460 4105 540 4158 nihil
559 4122 628 4174 opus
647 4115 691 4160 est
709 4107 887 4158 mutatione:
916 4114 958 4160 est
981 4109 1060 4160 enim
1084 4106 1233 4162 isandica·

78 4188 141 4246 aaa,
160 4178 237 4253 quod
263 4177 436 4248 interposita
460 4175 630 4243 parenthesi
657 4177 745 4244 paulo
770 4176 827 4228 lon'
844 4177 906 4230 iore
928 4194 988 4231 non
1013 4178 1164 4232 insolitum
1189 4187 1234 4232 est

78 4249 154 4334 apud
172 4251 330 4320 scriptores
359 4244 518 4316 optimos.“
543 4245 747 4312 tellemauaua
784 4195 910 4336 „dulps
935 4251 1023 4302 amaia
1042 4277 1075 4286 -
1094 4251 1233 4303 abstinea-

79 4331 130 4388 tta,
157 4322 249 4374 omnia
272 4316 446 4374 innocentia:
475 4315 553 4386 quod
581 4316 631 4384 qui
655 4316 823 4382 defendunt,
859 4320 1048 4372 auaadlovteu
1073 4321 1233 4372 orationem

80 4409 140 4448 esse
158 4393 270 4456 dicunt,
289 4397 411 4461 propter
428 4386 624 4459 parenthesin»
661 4385 718 4440 Sed
735 4394 779 4441 est
796 4387 901 4442 dunum
919 4389 949 4446 h.
969 4390 990 4440 l.
1019 4389 1142 4443 Secutus
1169 4404 1232 4442 sum

988 4493 1032 4557 4*
