2842 5070
188 298 230 366 ss
328 242 357 304 Ὗ
387 297 615 363 monaoms
641 289 886 361 rusorum.
909 287 1138 363 orsrurnr.

143 460 149 482 ⁷
189 453 396 526 foeditatem:
420 465 555 540 lacerat,
580 472 671 525 exest
691 465 848 541 animum,
870 464 1029 545 planeque
1051 465 1194 526 conficit.
1243 467 1341 530 Hanc

189 549 255 607 nisi
277 548 428 608 exuimus
451 548 509 623 sic,
542 554 581 607 ut
601 547 807 621 abiiciamus,
836 549 970 607 miseria
1000 565 1116 607 carere
1137 567 1203 607 non
1225 569 1341 630 possu-

105 624 167 685 18.
187 649 269 690 mus.
312 630 422 709 Atque
444 629 506 688 hoc
528 629 659 708 quidem
682 629 895 709 perspicuum
918 636 979 703 est,
1001 637 1072 687 tum
1095 631 1340 714 aegritudinem

107 705 110 709 ’
189 713 358 786 exsistere,
393 730 493 790 quum
524 709 604 791 quid
625 713 673 769 ita
703 713 811 770 visum
837 713 892 784 sit,
920 719 960 770 ut
992 731 1148 796 magnum
1176 714 1340 793 quoddam

187 794 310 855 malum
339 790 452 853 adesse
481 801 514 853 et
539 811 663 877 urgere
689 791 855 856 uideatur.
879 867 884 873 ,
905 792 1049 872 Epicuro
1078 801 1190 854 autem
1219 797 1339 878 placet,
1408 795 1412 803 '

186 979 316 1048 ineptam
343 994 404 1030 esse
431 976 491 1040 ait).
529 975 647 1045 Reliqui
674 977 744 1029 libri
768 975 953 1042 afflictionem.
986 977 1085 1030 Lectio
1110 978 1282 1043 affectionem
1306 980 1339 1035 iu

182 1049 269 1102 nullo
294 1055 463 1100 nostrorum
491 1055 644 1117 comparet.
690 1048 770 1100 Unus
799 1047 848 1100 Ox.
878 1047 990 1099 omittit
1016 1048 1186 1112 foeditatem.
1223 1050 1256 1102 ln
1281 1050 1335 1104 Ed.

185 1127 284 1173 autem
302 1117 351 1173 Fr.
370 1118 453 1173 Fabr.
473 1117 545 1170 haec
565 1125 607 1171 est
624 1119 787 1174 annotatio:
814 1116 1025 1182 „affcctionemJ
1051 1117 1190 1171 Erratum
1212 1119 1269 1173 hoc
1295 1130 1339 1174 est

188 1205 357 1258 operarum:
385 1198 418 1240 tu
435 1189 617 1253 afflictionem
636 1204 751 1257 repone.
782 1185 942 1241 Cratander
969 1189 1000 1240 in
1019 1204 1068 1240 ora
1087 1188 1156 1241 libri
1175 1191 1338 1254 afflictatio·

70 1257 74 1263 ’
171 1276 248 1322 „nem
273 1259 435 1328 adscripsit,
463 1259 560 1328 itaque
587 1260 730 1310 Manutius
754 1261 812 1310 iam
836 1260 867 1310 in
893 1266 1061 1311 contextum
1086 1261 1204 1330 recepit·
1247 1263 1337 1316 Libro

186 1347 245 1399 seq.
266 1330 419 1382 afflictatio
438 1328 617 1398 inpartibus
636 1347 668 1381 ae
691 1329 828 1381 situdinis
846 1337 1026 1393 numeratur.
1038 1329 1056 1355 ‘⁴
1089 1335 1145 1382 Mr.

257 1398 386 1464 Lacerat,
420 1406 496 1451 exest
515 1401 640 1453 oninium
656 1348 790 1469 pinnaque
816 1399 944 1464 conficit]
982 1398 1213 1463 „lnobservatus
1238 1402 1338 1457 latitat

116 1521 119 1526 .
185 1471 323 1535 senarius,
350 1479 382 1521 ut
402 1471 513 1540 opinor,
545 1470 666 1522 alicuius
684 1473 783 1539 poetae
807 1471 838 1521 in
855 1469 900 1520 his
919 1469 1027 1522 verbis:
1062 1472 1193 1523 modulus
1219 1474 1341 1542 quidem

207 1541 291 1596 edum
310 1549 339 1592 et
357 1558 492 1593 numerus
510 1559 624 1593 versum
642 1541 815 1592 adiudicat.“
843 1540 984 1592 Turnebus
1008 1540 1079 1592 Adv.
1104 1545 1147 1606 26,
1172 1545 1198 1598 6.
1236 1545 1339 1598 Probat

223 1629 259 1673 nc
282 1612 474 1681 suspicionem
498 1612 587 1663 Bouh.
624 1611 771 1666 Nissenius
797 1627 867 1663 vero
894 1647 913 1675 ,‚
921 1611 1034 1676 Versus,
1059 1612 1109 1677 ait,
1138 1614 1265 1680 senarius
1284 1613 1336 1668 est.
1414 1609 1417 1618 '

185 1679 241 1735 sed
259 1682 346 1733 multi
373 1682 513 1734 eiusmodi
534 1680 637 1752 priscis
661 1681 802 1746 excidere,
831 1698 884 1733 nec
910 1697 988 1750 opus,
1012 1691 1046 1733 ut
1069 1682 1140 1735 haec
1164 1693 1263 1754 poetae
1282 1686 1337 1737 tri·
1386 1712 1389 1716 ·

184 1750 317 1816 buantur,
336 1751 411 1803 sicut
428 1751 600 1804 Bouhierius
618 1750 762 1805 volebat.⁴“
798 1750 833 1803 In
852 1767 907 1821 quo
932 1751 985 1803 duo
1013 1763 1089 1817 sunt,
1113 1771 1184 1823 quae
1209 1755 1335 1808 mireris,

183 1822 314 1874 Primum
333 1823 409 1891 quod
426 1839 484 1874 non
502 1823 577 1874 vidit
595 1823 668 1874 Niss.
689 1823 835 1892 poeticum
854 1822 981 1875 colorem
999 1840 1058 1875 non
1076 1825 1108 1875 in
1126 1825 1254 1878 numeris
1273 1835 1337 1878 tau-

126 1937 134 1947 ,
184 1899 248 1943 tum
266 1909 421 1961 versusque
440 1892 554 1946 modulo
579 1910 725 1963 apparere,
755 1893 804 1945 sed
830 1894 861 1944 in
888 1891 1005 1944 vocibus
1024 1895 1094 1964 ipsis
1122 1912 1276 1966 earumque
1305 1907 1336 1950 et

182 1963 277 2015 forma
296 1973 325 2015 et
344 1964 452 2016 ordine.
490 1963 598 2015 Deinde
618 1964 694 2032 quod
712 1963 865 2016 credidisse
891 1962 1017 2028 videtur,
1042 1965 1113 2019 haec
1137 1966 1222 2019 verba
1248 1967 1335 2035 plane

183 2041 218 2083 ut
247 2035 354 2103 scripta
377 2044 452 2100 sunt,
477 2033 620 2086 senarium
642 2034 792 2087 conficere.
836 2034 920 2100 Quasi
953 2050 1021 2086 vero
1053 2035 1178 2088 senarius
1207 2038 1336 2110 tragicus

182 2099 258 2156 banc
276 2122 440 2156 mensuram
461 2104 566 2156 habere
588 2105 691 2174 possit:
718 2127 810 2169 υυυ,
829 2142 883 2156 ..-
899 2103 904 2172 l
920 2125 1011 2169 υυ-,
1031 2144 1085 2158 --
1101 2106 1105 2174 l
1121 2127 1185 2172 υ-,
1204 2124 1273 2160 vx:
1301 2118 1335 2163 ut

182 2175 343 2245 exscriptus
363 2183 404 2226 est
423 2175 454 2224 in
471 2173 523 2226 Ed.
543 2174 632 2225 Tbnr.
666 2176 776 2240 Talem,
797 2175 908 2245 opinor,
932 2194 1048 2228 versum
1065 2177 1214 2230 Turnebus
1239 2179 1271 2229 in
1288 2178 1336 2232 his

181 2244 278 2295 verbis
296 2261 354 2296 non
372 2245 497 2316 agnovit.
536 2243 568 2295 Si
586 2261 684 2296 versus
703 2247 781 2309 fuit,
795 2245 870 2314 quod
888 2247 969 2298 nobis
988 2264 1102 2317 quoque
1127 2247 1191 2302 veri
1216 2249 1336 2303 videtur

182 2313 286 2377 simile,
306 2315 376 2366 haec
393 2314 441 2366 vel
461 2315 564 2366 similis
583 2315 644 2366 eius
663 2317 756 2367 forma
774 2317 849 2367 suit:
1086 2367 1089 2372 ,
1327 2369 1330 2378 ,

116 2385 119 2391 ”
167 2387 172 2402 “
253 2385 314 2441 Heu
333 2386 450 2448 lacerat,
470 2392 545 2439 exest
563 2386 692 2459 animum,
709 2385 793 2454 plane
812 2386 925 2454 conficit.
952 2388 994 2441 Cf.
1014 2397 1112 2442 tamen
1129 2391 1229 2442 Herm.
1240 2391 1334 2444 Elem.

723 2465 725 2470 ’
825 2477 827 2481 ’
884 2458 979 2510 Doctr.
1000 2463 1082 2513 llletr.
1102 2479 1130 2530 p.
1150 2464 1194 2516 99.
1272 2515 1275 2518 .

84 2568 87 2572 .
148 2540 150 2543 ’
182 2527 319 2583 Ceterum
338 2529 424 2584 etiam
443 2530 578 2582 nonnihil
595 2531 709 2583 variant
727 2529 806 2594 libri,
837 2530 1009 2599 praesertim
1035 2531 1066 2581 in
1084 2533 1208 2584 secundo
1226 2534 1333 2602 'verbu

180 2599 261 2652 Unus
280 2600 329 2652 Ox.
349 2599 437 2657 habet.
453 2601 582 2666 lacerati,
611 2601 642 2651 in
660 2601 716 2655 alio
735 2601 866 2670 sequitur
892 2599 979 2652 enim
998 2601 1130 2671 animum,
1157 2602 1189 2653 in
1215 2602 1287 2655 Gud.
1308 2607 1334 2658 2.

136 2672 141 2677 “
181 2683 216 2720 ecc
233 2685 270 2722 se
289 2671 421 2738 animum,
441 2672 472 2722 in
491 2675 564 2724 llllon.
584 2676 609 2727 2.
631 2681 660 2723 et
679 2670 755 2724 uss.
785 2670 881 2722 nescio
906 2670 1007 2739 quilius
1032 2673 1106 2743 apud
1125 2672 1208 2724 Verb.
1230 2675 1334 2740 exedit,

179 2738 231 2790 alii
250 2758 292 2810 ap.
313 2743 397 2794 Verb.
419 2742 534 2808 excedit,
554 2750 583 2794 et
601 2741 642 2792 sic
662 2750 758 2793 noster
775 2740 889 2805 Duisb.;
921 2742 951 2791 in
974 2743 1046 2794 Gud.
1073 2743 1267 2812 denique'est
1286 2761 1335 2796 en-

179 2815 270 2862 ectuat
290 2810 363 2876 (sic).
402 2815 435 2865 ln
452 2831 531 2882 seqq.
553 2813 607 2864 duo
626 2812 694 2864 Oxx.
715 2809 789 2876 laec,
807 2830 880 2862 unus
899 2828 961 2863 narn
980 2831 1032 2883 pro
1052 2811 1130 2865 banc.
1167 2814 1243 2866 Tum
1268 2833 1334 2866 cum

178 2896 236 2931 uno
257 2881 306 2934 Ox.
330 2882 403 2935 Gud.
423 2887 449 2939 2.
469 2883 542 2955 Aul.
563 2882 623 2939 nisi
647 2898 826 2939 eruamur:
846 2884 988 2952 posterior
1006 2886 1105 2958 pergit
1124 2883 1168 2935 sic
1184 2885 1243 2936 nel
1257 2885 1334 2938 sive

179 2949 390 3005 adiciemus.
419 2955 499 3007 Unus
515 2902 569 3008 bx.
590 2953 701 3005 omittit
721 2958 757 3004 ul.
796 2954 856 3006 Mr.

252 3040 341 3109 Atque
358 3040 408 3096 loc
427 3043 536 3113 quidem
553 3027 730 3112 perspicuum
749 3041 811 3107 est,]
826 3108 833 3113 „
848 3042 921 3106 „Sic
941 3044 1068 3113 quinque
1087 3044 1156 3095 Pell.
1171 3045 1238 3097 Fab.
1256 3046 1333 3110 Pith.

178 3110 241 3162 Vat.
261 3130 314 3164 nec
332 3114 419 3188 longe
438 3114 598 3166 Victorius:
625 3111 705 3180 atqui
731 3110 789 3164 loc.
827 3114 921 3186 Vulgo
946 3119 981 3164 at
1006 3112 1055 3166 loc
1080 3115 1223 3183 ‘quideme‘
1248 3116 1331 3170 Gett.

177 3180 380 3238 victorianum
404 3186 493 3253 Atqui
519 3185 631 3252 recepit
660 3181 804 3236 FAWolf.
834 3201 886 3238 nec
918 3201 987 3236 vero
1016 3203 1189 3254 quemquam
1216 3196 1334 3257 praeter

125 3310 128 3315 ⁴
177 3251 313 3307 Koelium
333 3254 537 3324 obsequentem
559 3253 675 3307 habuit:
700 3252 853 3306 Kiihnerus
880 3270 950 3306 vero
970 3255 999 3306 id
1017 3258 1127 3307 factum
1153 3258 1258 3308 merito
1278 3258 1345 3309 im-'

89 3371 91 3376 Α
177 3323 290 3393 probat,
318 3342 384 3377 cum
407 3325 435 3376 h.
456 3325 476 3380 l.
505 3341 563 3376 non
586 3325 624 3375 sit
649 3324 802 3392 assumptio
830 3325 861 3376 in
885 3325 1080 3378 conclusione:
1121 3326 1223 3378 addens
1249 3333 1333 3397 atque

178 3394 340 3461 saepissime
367 3395 399 3446 in
427 3395 569 3447 enuntiati
592 3393 748 3462 principio,
777 3393 911 3447 adiuncta
936 3396 999 3447 fere
1017 3396 1120 3448 vocula
1144 3396 1265 3466 quidem,
1292 3401 1333 3450 ita

177 3463 257 3531 poni,
276 3473 309 3516 ut
327 3466 482 3516 transitum
500 3463 534 3516 ad
553 3482 615 3515 rem
633 3480 734 3515 novam
759 3464 883 3522 denotet.
921 3465 1057 3522 Ceterum
1082 3467 1219 3519 scribitur
1247 3475 1276 3520 al
1300 3470 1332 3520 in

177 3533 224 3584 Au
247 3571 253 3584 .
274 3543 303 3585 et
320 3551 378 3587 uno
398 3536 463 3588 Cod.
485 3535 534 3587 Ox.
555 3535 626 3586 Edd.
646 3537 675 3586 P.
695 3533 728 3585 A.
748 3535 778 3586 B.
800 3534 828 3587 S.
848 3538 883 3593 E'.
905 3535 935 3588 C.
956 3538 992 3588 ut.
1012 3538 1044 3589 L.
1065 3537 1135 3589 Ven.
1155 3546 1243 3590 nostr.
1264 3539 1329 3593 Asc.

179 3607 204 3657 1.
225 3550 250 3659 ξ.
271 3604 347 3660 Crat.
369 3605 431 3659 Car.
457 3604 555 3675 steph.
586 3604 645 3668 (hic
664 3621 733 3656 vero
754 3623 788 3656 ex
811 3616 869 3659 vet.
891 3606 956 3658 Cod.
985 3609 1112 3662 enotavit
1130 3607 1220 3677 atquc)
1247 3610 1328 3663 Brut.

177 3673 258 3726 Boul.
279 3677 392 3728 liarnbb.
414 3676 501 3729 Goth.
522 3675 601 3745 Sylb.
625 3675 717 3743 Atque
735 3675 840 3733 habent
860 3677 945 3730 Oodd.
965 3679 1084 3746 reliqui,
1102 3679 1174 3737 Edd.
1195 3680 1280 3732 Leod.
1302 3690 1331 3734 et

167 3744 301 3810 HWolf.
322 3746 412 3798 Gebh.
432 3747 503 3801 Ern.
524 3747 589 3797 rell.
618 3744 743 3815 (practer
761 3745 875 3813 FAW.)
901 3749 1100 3805 victorianum
1122 3749 1210 3818 Atqui
1233 3753 1330 3822 reperi
1383 3797 1385 3802 .

177 3813 265 3866 etiam
283 3815 314 3865 in
332 3816 403 3868 Edd.
424 3816 522 3868 Horw.
542 3816 698 3868 etSturm.
735 3817 861 3885 Sequens
880 3816 939 3871 tuni
962 3819 993 3869 in
1011 3819 1077 3872 Cod.
1097 3820 1170 3872 Gud.
1193 3825 1217 3875 l.
1245 3839 1331 3892 supra

176 3883 307 3940 linat.
327 3895 364 3936 m.
385 3886 559 3955 adscriptum
579 3895 628 3939 est.
660 3889 745 3940 Unus
764 3889 813 3941 Ox.
833 3888 918 3941 habet
946 3889 1156 3956 aegritudine3
1184 3891 1256 3947 alius
1282 3909 1354 3956 as-,

176 3954 279 4007 cistere
298 3973 350 4026 pro
370 3959 499 4011 existere.
537 3959 596 4011 Mr.

249 4060 329 4111 quum
347 4047 415 4113 quid
432 4047 475 4098 ita
492 4049 601 4101 visum
625 4047 694 4113 sit,
719 4053 749 4100 ut
769 4075 801 4089 -
820 4047 1006 4112 videatur]
1042 4048 1084 4101 De
1102 4051 1229 4104 eiusdem
1247 4054 1330 4115 verbi

155 4122 157 4127 '
176 4115 361 4184 repetitione,
379 4119 474 4187 paucis
494 4118 665 4183 interiectis,
684 4118 742 4169 vid.
763 4137 835 4187 quae
853 4120 974 4193 collegit
987 4120 1117 4190 exempla
1133 4131 1162 4174 et
1178 4138 1248 4190 quos
1266 4124 1329 4175 lau·

176 4184 224 4236 dat
242 4185 376 4239 Ochsner.
397 4190 432 4240 ad
449 4190 552 4243 Olivet.
573 4189 693 4264 Eclogg.
715 4188 775 4241 (lic.
796 4208 824 4259 p.
844 4194 870 4246 6.
890 4190 943 4242 Ed.
964 4192 989 4243 3.
1015 4192 1069 4242 Pro
1089 4191 1158 4260 quid
1181 4194 1237 4244 duo
1257 4194 1327 4246 Oxx.

176 4256 250 4328 quod
276 4273 341 4309 cuin
363 4261 436 4311 Mon.
459 4265 481 4316 1.
517 4260 572 4315 Sed
595 4262 669 4312 Mon.
690 4263 715 4314 2.
749 4260 859 4313 omittit
886 4260 961 4328 quid.
1004 4262 1103 4334 Pergit
1132 4264 1205 4316 Gud.
1230 4266 1255 4318 2.
1286 4265 1329 4318 ita
1385 4307 1391 4319 ι

176 4325 249 4378 vila
274 4328 362 4382 visum
392 4331 445 4384 sits
484 4332 531 4384 sed
554 4330 613 4383 vila
637 4331 752 4402 punctis
780 4340 908 4384 notatum
933 4339 983 4384 est.
1021 4332 1102 4384 Unus
1130 4335 1178 4386 Ox.
1213 4351 1267 4406 pro
1297 4342 1327 4390 ul
1403 4398 1405 4404 Ι

176 4411 308 4464 magnum
326 4400 411 4455 habet
429 4402 478 4460 ite.
516 4405 550 4457 ln
567 4417 646 4474 seqq.
666 4416 738 4458 unus
758 4401 808 4455 Ox.
829 4402 940 4455 omittit
955 4401 1056 4471 placet.
1094 4405 1180 4458 Mr..
