2842 5070
211 313 273 378 no
416 266 646 376 cicnnoms
665 308 911 378 rusorum.
933 312 1160 378 nueurar.

210 477 530 573 solationesaneture
547 477 704 559 primum,
722 476 1070 561 quodpossesccidere
1084 476 1142 540 diu
1150 480 1362 564 cogitaverit,

208 661 297 714 iidem
321 662 441 727 faciunt,
469 664 592 728 fruatur
612 664 778 731 profectum
805 679 862 715 esse
888 680 904 714 a
928 662 1075 715 Cicerone.
1113 662 1191 727 Quod
1216 664 1362 717 siveram

211 741 262 799 est,
282 733 346 786 iam.
358 750 417 786 non
436 733 467 784 id
485 733 646 801 quaeritur,
666 734 736 802 quid
752 749 803 785 nos
821 733 1020 796 scriberemus,
1039 733 1089 784 vel
1106 734 1176 802 quid
1194 734 1361 788 faciendum

210 811 293 869 esset,
312 805 461 868 sisinum,
480 803 528 855 vel
547 803 594 854 illi
613 813 703 868 certe,
723 821 793 872 quos
803 805 936 866 diximus,
950 807 980 855 in
996 804 1134 871 fungatur
1147 807 1358 859 consentirent:

209 874 258 927 sed
278 883 377 928 utrum
403 875 504 928 Cicero
529 874 605 926 salva
619 893 678 934 ¹sua
703 875 845 949 elegantia
870 877 985 939 fruatur
1009 876 1133 928 scribere
1157 877 1296 945 potuerit,
1324 895 1360 928 an

208 949 307 998 secus?
341 945 493 998 Ktihnerus
512 961 580 995 vero
600 945 630 995 in
649 944 705 996 alia
730 946 825 997 omnia
850 946 917 1010 abit,
946 944 1068 996 offensus
1094 953 1122 998 et
1140 962 1211 999 voce
1231 948 1358 1015 proprio,

209 1017 233 1069 si
251 1032 345 1066 serves
363 1018 491 1080 fruatur:
519 1023 547 1066 et
564 1016 620 1067 hoc
638 1015 732 1085 ipsum
751 1018 869 1083 fruatur
895 1034 911 1065 a
929 1015 1097 1068 delicatiore
1122 1016 1245 1084 quodam
1264 1034 1361 1071 corre-

209 1094 290 1138 ctore
310 1086 459 1138 inductum
471 1101 535 1150 *esse
555 1086 729 1149 existimans,
748 1088 799 1153 qui
818 1085 943 1154 repetito
961 1085 1058 1156 paucis
1077 1088 1238 1140 interiectis
1257 1089 1359 1140 eodem¹

106 1157 108 1161 ’
207 1157 295 1208 verbo
314 1155 517 1209 offenderetur.
555 1156 640 1207 Vides
667 1172 725 1207 nan
749 1156 843 1208 deesse
868 1155 993 1208 rationes
1021 1158 1170 1209 sententiis
1187 1159 1273 1227 plane
1293 1176 1360 1211 con-

208 1226 307 1278 trariis
326 1227 518 1280 delendendis.
556 1226 668 1278 Habent
686 1235 781 1278 autem
799 1228 937 1292 fungatur
954 1227 1038 1278 Codd.
1060 1227 1104 1279 Au
1127 1267 1132 1279 .
1156 1238 1185 1280 et
1209 1238 1267 1280 tres
1286 1230 1355 1281 (lxx.

209 1297 290 1366 iique
308 1298 422 1348 infinita
440 1313 594 1366 pravarum
611 1297 771 1349 lectionum
788 1297 865 1348 mole
883 1297 1009 1372 insignes
1029 1297 1075 1364 [D.
1095 1247 1129 1351 H.
1150 1299 1186 1364 1.]
1205 1300 1276 1355 Edd.
1287 1300 1357 1353 Dav.

209 1367 563 1436 Lal1.Ern.Bip.N0bb.
602 1368 661 1420 Jttr.
829 1424 832 1430 .

278 1436 412 1489 Adversis
431 1438 539 1490 casibus
559 1438 668 1505 triplici
686 1438 871 1491 consolatione
889 1438 1014 1504 sanetur]
1037 1441 1114 1492 Haec
1131 1439 1268 1508 loquendi
1283 1439 1358 1493 ratio

165 1531 169 1552 ι
207 1506 326 1560 videtur
343 1509 413 1560 dura
432 1524 484 1560 nec
502 1509 601 1561 Tullio
621 1510 714 1582 digna.
752 1509 843 1573 Quare
862 1509 905 1561 Cl.
925 1509 980 1561 Th.
1000 1511 1148 1563 Bentleius
1166 1511 1239 1584 legit
1258 1511 1357 1564 adaer-

208 1593 258 1630 sus
275 1593 358 1630 casus
376 1579 487 1646 triplici
504 1580 693 1633 consolatione
711 1585 843 1631 armetur.
878 1579 969 1649 Supra
996 1598 1056 1649 cap.
1076 1584 1135 1633 XV.
1173 1582 1265 1635 Quare
1283 1582 1358 1633 acci·

204 1648 254 1718 pia
273 1650 398 1717 equidem
417 1665 435 1702 a
454 1650 620 1718 Cyrenaicis
638 1649 705 1702 baec
722 1668 799 1701 arma
818 1659 915 1702 contra
935 1667 1013 1702 casus
1038 1657 1065 1704 et
1084 1659 1201 1704 euentus.
1239 1654 1307 1727 Reg.
1328 1661 1357 1705 et

69 1766 76 1779 ,
104 1767 106 1771 ,
207 1719 354 1773 Pithoeau.
383 1727 523 1773 sanentur.
567 1723 675 1796 Forsan
704 1721 820 1772 aduersi
847 1736 929 1773 casus
957 1721 1070 1789 triplici
1093 1723 1283 1776 consolatione
1309 1739 1357 1776 sa·

208 1797 317 1843 nentur.
341 1791 392 1844 b.

279 1862 306 1914 ei
323 1861 450 1915 aduersis
468 1863 578 1916 casibus
596 1861 707 1930 triplici
724 1861 910 1916 consolatione
929 1863 1054 1928 sanetur]
1085 1864 1151 1915 Non
1169 1872 1281 1916 tantum
1297 1882 1355 1918 non

207 1933 404 1998 necessariam,
425 1935 473 1986 sed
490 1935 592 1986 falsam
611 1934 698 1986 etiam
717 1952 774 1986 esse
782 1935 907 1986 Bentleii
926 1935 1119 1986 coniecturam
1133 1935 1268 1986 ctdaersus
1287 1936 1318 2000 [i.
1331 1955 1355 1988 e.

207 2003 318 2069 contra]
336 2020 417 2056 casus
437 2005 542 2070 iudico,
569 2021 634 2056 eum
659 2005 787 2056 aduersis
810 2005 923 2057 casibus
942 2006 1000 2055 sint
1021 2005 1145 2060 Ablativi
1164 2006 1295 2070 absoluti,
1320 2006 1356 2059 ad

207 2090 277 2142 quos
295 2074 519 2148 intelligendum
549 2075 586 2126 sit
609 2072 681 2128 odos.
719 2077 754 2127 111
780 2075 897 2127 eandem
921 2070 1092 2128 'sententiam
1115 2075 1240 2144 disputat
1258 2076 1354 2128 Kiihn.

204 2143 320 2197 laudans
338 2146 485 2197 Bremium
510 2145 544 2196 ad
563 2146 647 2198 Corn.
668 2148 712 2197 Ne
735 2184 741 2196 .
762 2146 902 2213 Themist.
922 2147 1000 2198 Vlll.
1021 2149 1045 2199 2.
1066 2163 1093 2215 p.
1105 2149 1148 2199 31.
1167 2145 1304 2197 Heldium
1322 2148 1357 2200 ad

206 2215 316 2268 Caesar.
336 2217 367 2267 B.
388 2217 450 2268 (liv.
471 2217 493 2268 Ι.
514 2217 557 2271 85.
577 2234 605 2287 p·
625 2220 669 2272 91.
704 2163 823 2290 tinguet.
853 2217 886 2268 ad
911 2216 998 2268 eiusd.
1022 2217 1051 2267 B.
1081 2217 1115 2269 G.
1136 2216 1176 2268 lt.
1194 2219 1219 2271 9.
1245 2234 1273 2286 p.
1296 2221 1354 2272 119.

205 2285 277 2338 Add.
297 2285 388 2337 Hand.
408 2286 565 2338 Tursellin.
586 2289 608 2339 Ι.
623 2305 656 2356 p.
677 2285 737 2342 492.
759 2284 969 2358 Wyttenbach.
994 2287 1027 2338 ad
1045 2286 1105 2339 cic.
1130 2286 1164 2339 de
1192 2289 1231 2340 Le
1275 2326 1280 2339 .
1301 2288 1354 2341 111.

207 2358 249 2411 16.
291 2359 379 2411 .452.
401 2356 443 2408 ed.
463 2366 550 2408 nostr.
582 2366 610 2410 et
629 2359 692 2420 Cr.;
722 2375 772 2410 nos
795 2359 829 2410 ad
848 2359 906 2410 Cic.
934 2357 968 2409 de
986 2358 1053 2428 Rep.
1074 2358 1096 2409 Ι.
1119 2361 1160 2412 19.
1180 2363 1228 2427 p(
1271 2359 1289 2426 ς’
1306 2373 1357 2412 nos

206 2424 241 2478 ed
282 2427 318 2478 ic.
338 2427 373 2479 de
390 2428 454 2479 Div.
475 2427 513 2479 11.
533 2431 576 2483 67.
596 2445 624 2498 p·
645 2431 705 2484 535.
726 2430 785 2481 Cic.
812 2446 865 2498 pro
883 2428 962 2481 Sext.
985 2432 1038 2483 13.·
1055 2427 1104 2480 liae
1121 2426 1245 2482 bomine:
1273 2431 1358 2482 item-

206 2512 263 2566 que
282 2497 313 2549 in
330 2498 412 2551 Verr.
433 2499 456 2551 Ι.
477 2502 518 2553 16.
555 2499 598 2551 De
617 2500 664 2551 Or.
684 2500 735 2552 111.
757 2505 780 2555 1.
800 2502 826 2554 2.
846 2500 896 2551 illa
914 2504 1028 2564 senatu3
1046 2499 1150 2551 Acadd.
1171 2501 1208 2552 11.
1229 2503 1277 2556 31:
1306 2498 1357 2553 bac

206 2565 418 2636 tranquillitate.
456 2570 547 2621 Hasce
565 2568 710 2621 Ablativos
735 2588 800 2622 cum
819 2587 876 2622 non
895 2570 985 2642 magis
1012 2579 1204 2639 concoqueret
1231 2571 1357 2640 scriptor
1386 2592 1402 2635 ᾳ

205 2636 317 2693 codicis
334 2640 423 2692 Rehd.
443 2640 521 2692 dedit
546 2640 735 2698 inadversis
757 2641 874 2694 casibus.
912 2639 993 2692 ldem
1018 2649 1046 2692 et
1064 2643 1138 2693 Mon.
1159 2643 1184 2694 2.
1214 2659 1281 2693 eum
1298 2658 1357 2694 unc
1380 2691 1382 2694 .

205 2709 255 2763 Ox.
277 2710 394 2763 exhibet
416 2710 544 2775 satietur,
572 2728 625 2781 pro
652 2717 776 2763 sanetur.
813 2711 857 2764 Ad
882 2711 1052 2763 sententiam
1075 2713 1176 2763 confer
1199 2712 1355 2781 Wyttenb.

205 2781 241 2833 ad
257 2781 403 2834 Plutarch.
431 2782 542 2834 Consol.
568 2782 602 2834 ad
626 2781 760 2852 Apollon.
780 2799 808 2852 p.
831 2784 890 2836 118.
914 2782 945 2832 Β.
973 2782 1006 2833 T.
1028 2782 1065 2834 11.
1090 2799 1117 2850 p.
1138 2785 1180 2836 97.
1206 2782 1249 2834 ed.
1277 2783 1354 2852 Lips.

205 2851 240 2903 In
260 2851 333 2904 Gud.
356 2857 379 2907 1.
410 2860 453 2905 est
480 2858 625 2904 sanentur.
661 2852 841 2923 liuprobavit
864 2852 988 2904 Bentleii
1009 2852 1151 2904 rationem
1178 2852 1266 2904 etiam
1283 2854 1357 2905 Bou-

133 2911 136 2916 ’
203 2920 322 2979 hierius.
361 2924 421 2977 Mr.

275 3010 412 3077 Primum,
432 3013 505 3082 quod
519 3028 602 3080 posse
621 3011 749 3065 accidere
768 3009 818 3064 clia
835 3009 1095 3080 cogitauerim]
1132 3012 1286 3066 Obsecutus
1313 3022 1356 3066 est

202 3081 272 3143 Dav.
301 3083 333 3135 in
359 3085 412 3136 Ed.
432 3088 458 3139 2.
482 3084 623 3148 Bentleio‚
656 3082 708 3151 qui
732 3099 768 3134 ex
792 3098 849 3135 uno
868 3083 935 3136 Cod.
961 3082 1160 3151 recipiendum
1186 3083 1213 3134 ei
1232 3092 1356 3138 suaserat

204 3152 355 3222 cogitauit:
393 3155 534 3213 nimirum
559 3153 627 3223 quia
649 3169 716 3204 mox
742 3153 873 3221 sequitur
902 3153 975 3220 quad
998 3179 1031 3190 -
1057 3152 1198 3220 intelligit
1228 3181 1257 3191 -
1282 3155 1366 3224 quod!

203 3225 298 3280 uidet:
323 3227 415 3295 isque,
435 3226 552 3278 eandem
571 3225 605 3276 ob
624 3240 745 3287 causam,
774 3223 978 3292 obsequentem
1001 3223 1101 3276 habuit
1118 3225 1294 3280 Ernestumr
1320 3224 1356 3278 ad

203 3299 332 3351 cuiusse
350 3304 447 3366 partes
466 3295 667 3366 applicuerunt
685 3294 746 3362 Bip.
768 3292 852 3360 Schz.
869 3295 958 3347 Nobb.
970 3295 1041 3346 Tbn.
1062 3291 1204 3347 nimirum
1223 3295 1267 3346 nil
1283 3295 1356 3348 moti

203 3384 246 3435 ec,
266 3367 342 3437 quod
358 3367 490 3419 Bentleio
514 3365 648 3434 opposuit
665 3364 863 3433 Wopkensius
888 3382 917 3434 p.
939 3367 1096 3430 los-tlt,
1124 3380 1247 3435 quarum
1273 3366 1356 3440 pagi-

203 3456 305 3493 aarum
329 3437 483 3487 maximam
506 3444 619 3504 partem
645 3443 765 3503 occupat
784 3436 982 3506 exemplorum
1004 3437 1139 3510 farrago,¹
1157 3437 1259 3506 quibus
1279 3437 1356 3496 Medi

202 3509 374 3569 variantur„
399 3507 483 3572 Quasi
505 3521 575 3558 vero
599 3504 975 3559 variandorum·1n0dorum
1007 3523 1065 3559 non
1089 3507 1197 3576 ubique
1223 3507 1283 3559 sint
1305 3507 1356 3560 vel

155 3579 158 3584 ’
204 3597 263 3634 esse
281 3578 391 3649 possint
409 3579 519 3630 causae!
557 3576 601 3626 lta
625 3584 722 3629 autem
740 3577 889 3646 principio
915 3577 1116 3646 disputationis
1139 3578 1352 3646 Wopkensius:

202 3649 389 3718 „Toleranda
406 3647 522 3699 videtur
539 3647 689 3697 modorum
707 3648 892 3716 permutatio,
919 3665 987 3699 cum
1000 3649 1183 3716 praesertim
1200 3648 1355 3702 indicativi

202 3740 218 3774 a
236 3719 418 3774 subiunctivo
437 3727 497 3768 tam
514 3717 600 3791 louge
619 3718 724 3783 remoti
742 3727 817 3783 sunt,
840 3727 875 3769 ut
891 3718 937 3769 nil
955 3718 1063 3774 mirum
1084 3720 1130 3783 sit,
1156 3719 1181 3771 ei
1198 3720 1355 3773 memoriae

202 3792 276 3845 vitio
295 3791 326 3840 in
345 3806 407 3840 eam
425 3787 562 3840 inciderit
580 3788 714 3840 Cicero.“
749 3786 794 3842 Ad
813 3806 884 3858 quae
902 3789 1010 3858 optime
1029 3790 1168 3842 Handius:
1188 3791 1356 3855 „Memoria

203 3863 247 3914 nil
266 3863 355 3925 iuvat,
374 3859 423 3910 sed
440 3860 524 3911 ratio.
562 3859 736 3928 Quamquam
761 3878 796 3911 ex
819 3859 875 3924 his,
902 3877 973 3928 quae
1001 3861 1099 3913 attulit
1117 3861 1186 3925 W.‚
1214 3861 1355 3931 exemplis

204 3931 242 3998 [v.
263 3950 287 3985 c.
309 3930 342 3983 de
360 3930 446 3981 Finn.
466 3931 488 3982 Ι.
510 3934 551 3985 10.
572 3931 607 3982 ad
624 3932 733 3983 Famm.
752 3931 800 3981 vl.
821 3934 863 3984 17.
884 3931 918 3982 de
936 3933 972 3982 N.
988 3932 1021 3983 D.
1036 3931 1072 3983 H.
1086 3935 1127 3987 16.
1148 3940 1177 3984 et
1195 3934 1238 3986 38.
1252 3933 1353 3984 Tusce.

203 4004 252 4056 lv.
273 4004 316 4057 37.
337 4001 371 4052 de
388 4001 452 4053 Div.
473 4002 510 4054 ll.
536 4003 579 4058 to.
610 4011 642 4057 et
656 4003 698 4055 72.
725 4000 758 4053 de
785 4000 870 4052 Finn.
890 4003 924 4052 V.
946 4004 987 4056 17.
1015 4000 1119 4054 Acadd.
1140 4002 1177 4054 ll.
1197 4005 1240 4058 46.
1268 4002 1353 4055 Tusc.

202 4075 225 4128 1.
245 4072 302 4138 32]
322 4072 424 4146 colligi
440 4081 544 4142 potest,
565 4081 705 4142 quantum
723 4071 830 4123 distent
847 4072 982 4124 volubilis
1000 4091 1033 4125 ac
1051 4072 1195 4125 mutabilis
1215 4074 1354 4126 sermonis

202 4145 313 4197 formae
332 4161 348 4195 a
365 4145 618 4218 grammaticorum
642 4141 752 4216 regulis
778 4143 928 4195 restrictis.
967 4143 1021 4210 Qui
1043 4144 1081 4195 ita
1108 4143 1260 4196 variantur
1277 4144 1357 4196 enodi

100 4217 104 4226 “
202 4231 261 4268 non
279 4215 476 4268 destituuntur
493 4214 696 4285 explicatione,
721 4212 770 4264 sed
792 4215 960 4287 regularum
986 4215 1186 4267 necessitatem
1213 4216 1356 4268 excedunt

202 4304 256 4358 per
273 4287 422 4339 licentiam
440 4285 623 4356 loquentibus
641 4283 816 4352 permissam.
854 4285 888 4338 Id
905 4299 963 4338 non
981 4302 1094 4356 semper
1120 4286 1355 4339 animadvertunt

203 4358 310 4410 critici.
347 4359 496 4428 Exemplis
515 4356 584 4408 adde
602 4355 673 4406 haec
692 4371 728 4406 ex
744 4355 960 4424 poetis:·Plaut.
980 4356 1084 4425 Amph.
1109 4355 1185 4408 Prol.
1207 4361 1255 4411 17:
1284 4372 1358 4410 nunc

112 4431 115 4435 ⁴
203 4428 284 4483 cuius
305 4430 385 4486 iussu
410 4427 522 4494 uenis,
556 4429 582 4479 et
600 4440 682 4495 quam
706 4426 739 4479 eb
757 4442 818 4481 rem
835 4427 1007 4494 uenerias,
1038 4426 1138 4480 dicam.
1165 4429 1293 4498 Propert.
1314 4429 1353 4483 ll.
