2842 5070
65 248 71 263 ²
200 310 262 381 376
388 304 903 399 olcuaoltlsfruscutnn.
924 305 1156 374 msourar.

201 476 412 542 Perturbalio
443 479 490 549 ait
522 478 702 558 oppetitur·
718 474 945 540 uehementior:
976 474 1210 539 veliementior
1245 482 1363 538 antem

51 610 61 618 .
138 559 182 616 48·
202 563 413 647 intelligatur
433 562 478 636 is‚-
496 563 555 642 qui
577 559 696 643 procul
717 561 805 636 absit
826 579 845 620 a
866 567 1007 622 naturae
1020 558 1226 620 constantia.
1269 557 1363 623 Quid

201 644 243 707 ad
263 646 323 708 has
339 644 557 707 definitiones
573 644 703 725 possint
723 639 856 704 dicerol
878 642 982 721 Atqui
1004 641 1085 702 haec
1107 640 1266 722 pleraque
1279 651 1363 705 snut

201 727 387 810 prudenter
416 736 578 808 acuteque
600 725 852 787 disserentium:
873 724 932 784 illa
954 721 1090 805 quidem
1111 743 1150 784 ex
1180 723 1362 786 rhetorum

201 829 333 893 pompa,
362 811 495 873 ardores
515 811 699 901 cainonem,
728 817 876 889 coteeque
902 809 1066 870 virtutum.
1109 805 1164 867 Au
1190 826 1276 870 vero
1304 808 1364 872 vir

85 1040 89 1047 ,
177 997 272 1060 „ciust
309 997 385 1062 Quin
404 1000 433 1049 et
451 996 482 1047 in
500 994 556 1048 hec
572 995 744 1048 definitione
762 1003 862 1048 noster
880 993 998 1048 eandem
1016 990 1119 1066 φράσιν
1136 993 1256 1056 adhibet
1271 1012 1363 1066 supra

202 1086 263 1140 cap.
282 1067 333 1120 Vl.
361 1067 432 1121 Vide
451 1067 530 1120 et'ca
552 1068 622 1122 .15.
660 1066 695 1119 D.
1132 1132 1135 1136 ι
1236 1085 1238 1088 ·
1319 1109 1324 1115 .

241 1200 244 1204 ⁴
273 1153 375 1192 caereo
393 1156 410 1192 α
428 1139 536 1193 ratione
583 1138 628 1189 Ita
650 1122 716 1190 dedi
742 1153 810 1188 cum
827 1135 897 1193 Dav.
925 1134 967 1190 ex‘
984 1136 1071 1194 codd.
1089 1136 1175 1191 Bern.
1203 1133 1233 1200 (a
1250 1139 1277 1191 2.
1297 1153 1362 1201 m.;
1399 1204 1401 1208 ἡ

202 1209 298 1282 prima
317 1209 416 1263 omisit
434 1209 462 1276 o)
485 1207 598 1280 Grypln
626 1209 701 1261 Mon.
723 1212 750 1263 l.
768 1206 865 1260 Duisb.
893 1205 1028 1278 idemque
1051 1203 1277 1263 fecemnt'tall.
1299 1209 1363 1262 Oli-

201 1290 262 1335 vet.
282 1280 428 1349 FAWolf.
455 1279 539 1333 Schz.
560 1279 607 1333 Or.
627 1277 718 1333 Nobb.
743 1277 817 1331 -Tbn-
846 1286 876 1331 et
892 1279 1007 1349 pridem
1025 1279 1097 1332 Edd.
1116 1280 1150 1333 E.
1170 1278 1268 1335 Lamb-
1290 1278 1361 1331 Frc.

95 1387 99 1397 ·
178 1368 180 1373 ⁴
202 1352 286 1406 Febr.
314 1361 343 1404 et
365 1351 489 1408 HWolf.
526 1345 632 1419 Neque
653 1349 825 1402 dissentiunt
852 1349 875 1400 ii
897 1349 977 1416 libri,
1007 1349 1040 1402 in
1066 1349 1169 1424 quibus
1196 1358 1239 1406 est
1257 1365 1363 1403 ovem

202 1423 315 1477 ratione
339 1420 623 1487 lnvnrsAnarronEJ,
651 1420 790 1474 videlicet
816 1419 890 1473 Gud.
911 1424 935 1474 1.
962 1422 1003 1475 Re
1025 1460 1032 1472 .
1057 1422 1131 1488 (sine
1148 1422 1244 1488 dubio)
1269 1422 1361 1475 Bern.

105 1503 109 1510 ‘
177 1494 230 1567 ⁸(a
249 1499 273 1549 1.
293 1494 344 1562 m.)
372 1493 445 1546 Gud.
464 1497 492 1549 Ἰ.
519 1491 607 1547 Marb.
626 1491 723 1545 aeliu
744 1500 773 1545 et
786 1507 854 1544 uno
873 1492 926 1546 Ox.
961 1439 1080 1563 aedqui
1103 1490 1210 1561 habeut
1231 1492 1362 1565 'adarna

202 1566 322 1632 ratione,
342 1566 397 1617 nisi
416 1563 492 1635 quod
511 1564 542 1628 in
560 1562 613 1618 Ed.
633 1562 661 1617 S.
680 1563 811 1616 veritatis
828 1563 987 1637 vestigium
1004 1571 1150 1619 servatum
1170 1573 1222 1632 est,
1247 1565 1362 1635 quippe

202 1655 275 1709 quae
294 1635 411 1690 exhibet
449 1653 594 1706 erperam:
614 1635 764 1689 aduerso
782 1650 802 1686 a
817 1635 934 1689 ratione.
950 1665 983 1676 -
1001 1629 1037 1688 ln
1054 1651 1113 1689 uno
1132 1632 1189 1690 Ox(
1203 1644 1245 1691 est
1264 1636 1362 1690 breuia

200 1725 254 1779 pro
273 1706 393 1761 oreatus.
427 1653 557 1781 Sequens
575 1712 605 1759 nt
624 1706 734 1759 omittit
753 1702 819 1761 Cod.
839 1704 914 1779 Aug.
945 1706 980 1758 In
1000 1704 1075 1760 G'ud.
1102 1716 1145 1760 est
1166 1705 1363 1761 veliementior

89 1795 92 1816 ¹
201 1781 347 1847 appetitur.
385 1776 570 1831 Adiectiv'um
586 1775 771 1830 uehementior
788 1777 881 1829 abesse
901 1776 942 1828 ait
960 1795 976 1829 a
995 1776 1061 1830 God.
1081 1778 1177 1833 nescio
1196 1773 1253 1848 quo
1264 1778 1361 1832 'Verlu

201 1851 235 1903 in
252 1866 362 1914 marr.;
392 1849 470 1902 idem
493 1865 542 1902 nos
566 1849 659 1902 'abesae
683 1847 813 1903 videmus
841 1866 857 1900 a
881 1846 967 1903 Codd.
993 1847 1067 1901 Gud.
1093 1853 1119 1904 1.
1139 1851 1165 1906 2.
1196 1857 1227 1905 et
1249 1844 1361 1902 duobus

202 1893 362 1975 Gebhardi:
388 1920 463 1990 quod
484 1919 646 1990 saepissime
670 1917 737 1971 fieri
760 1917 957 1974 invocabulo
979 1919 1021 1972 bis
1045 1921 1176 1990 ponendo
1203 1937 1289 1974 nemo
1315 1928 1361 1972 est

223 1993 255 2044 ui
273 1991 391 2044 nesciat.
429 1993 463 2044 ln
481 1991 587 2044 duobus
607 1991 677 2045 Oxx.
696 1991 776 2043 deest
793 1996 893 2054 aretem,
919 2008 993 2042 unus
1012 1991 1073 2045 eius
1089 1992 1154 2046 loco
1176 1991 1262 2045 habet
1281 1995 1359 2045 ante.

135 2070 137 2075 ’
201 2011 269 2119 dod.
288 2063 362 2138 Aug.
382 2061 470 2132 habet
487 2060 674 2128 intelligitur,·
694 2059 768 2114 Gud.
788 2068 817 2114 et
834 2060 932 2114 Duisb.
951 2059 1010 2115 tin
1024 2079 1080 2133 pro
1097 2063 1132 2117 ie.
1153 2061 1225 2123 Gud.
1244 2063 1285 2114 eit
1300 2078 1360 2130 pro

200 2133 285 2199 abrit,
304 2133 402 2186 Duisb.
423 2132 530 2199 obeint3
549 2151 622 2186 unus
641 2133 691 2190 Ox.
710 2138 823 2186 aeterra.
849 2131 916 2186 Cod.
936 2134 1013 2187 lllon.
1033 2138 1058 2189 1.
1072 2134 1172 2203 ,adsit
1196 2147 1214 2183 o
1233 2137 1358 2184 naturae

200 2212 285 2261 court.
323 2208 383 2259 Mr.
1045 2258 1047 2263 ,
1330 2246 1333 2249 .

211 2340 213 2344 .
271 2277 382 2342 Possint
400 2275 504 2342 dicere]
541 2275 590 2330 Sic
609 2283 689 2329 recte
707 2273 750 2329 Gl.
769 2273 931 2341 Bentleius5
955 2272 1161 2352 intelliguntur
1178 2273 1255 2326 enim
1273 2271 1362 2325 Peri-

199 2348 330 2418 patetici.
356 2348 450 2422 Vulgo
467 2346 583 2415 poesim.
603 2352 612 2386 ἰ
620 2345 657 2398 D.
1052 2388 1055 2393 .
1129 2392 1132 2397 .

210 2480 213 2486 .
269 2433 528 2508 poeaimsticere]
565 2434 692 2500 „Facile
714 2452 782 2489 cum
799 2435 931 2496 Bentleio
957 2443 986 2489 et
1002 2434 1119 2489 Divisio
1141 2443 1175 2487 ut
1198 2432 1361 2486 scriberem

81 2537 94 2548 ι
198 2505 309 2629 porum
335 2507 502 2573 adducerer,
526 2505 550 2558 si
573 2506 730 2560 accederet
744 2508 792 2560 vel
815 2526 889 2560 unus
914 2507 990 2559 liber
1006 2506 1066 2560 Ms.
1104 2505 1161 2560 set
1178 2504 1362 2559 commodam

223 2577 289 2630 abet
305 2579 481 2631 sententiam
494 2575 615 2646 pneeim:
636 2577 726 2642 Quid?
744 2578 857 2632 etiamsi
875 2577 1093 2631 contradicere
1111 2576 1226 2641 liberet,
1256 2575 1362 2630 adver·

200 2666 247 2701 sus
266 2648 332 2701 istas
352 2648 545 2713 definitiones,
565 2664 580 2700 e
602 2663 618 2699 o
637 2649 742 2717 possim
760 2649 874 2703 dicere?
910 2651 1029 2701 Prorsus
1055 2648 1226 2704 enim2eunt
1242 2654 1379 2705 ‚rectaea

198 2720 346 2790 Loquitur
363 2717 505 2773 nimirum
521 2727 555 2771 ut
599 2719 790 2772 rademirus.“
807 2716 897 2773 Βοιώ.
933 2715 1362 2788 ,‚1mopoaint,5so.Aristo-

200 2791 293 2845 telici.
333 2789 381 2844 Sic
404 2799 433 2843 et
454 2788 634 2844 Bentleius.“
656 2791 728 2843 Era.
764 2791 941 2860 Quamquam
967 2790 1045 2843 haud
1070 2791 1191 2843 absurda
1219 2796 1263 2842 est
1277 2789 1361 2843 Bou-

145 2871 151 2904 ?
199 2860 291 2914 hierii
309 2861 437 2914 defensio
454 2862 599 2935 vulgatae,
622 2862 749 2931 praetuli
770 2870 867 2915 tamen
885 2860 1011 2934 Bentleii
1035 2862 1245 2929 coniecturam,
1271 2859 1360 2930 qua'm

101 2961 103 2965 ν
200 2932 323 2985 totidem
341 2932 436 2985 literis
453 2931 539 2987 habet
552 2950 627 3006 egre
647 2934 691 2984 ius
710 2933 777 2988 Cod.
797 2934 883 2987 Bern.
903 2951 919 2985 a
938 2937 963 2993 l,
982 2931 1044 2984 m.“
1062 2932 1113 2986 Or.
1140 2930 1262 2984 Accedit
1280 2948 1360 2984 nunc

198 3004 459 3073 praestantissimus
479 3003 597 3059 Gudsl.
627 2951 757 3080 degitur
773 3020 885 3072 pereum
904 3003 936 3055 in
954 3002 1040 3057 Godd.
1059 3003 1150 3057 Rahd.
1170 3001 1256 3055 Vind.
1275 3005 1303 3057 2.
1330 3009 1361 3066 et

198 3091 258 3126 uno
277 3075 341 3139 01„
365 3076 443 3144 porei
471 3075 543 3143 [sic]
560 3075 592 3127 in
614 3075 668 3129 Ed.
693 3077 722 3128 P.
759 3077 942 3145 Receperunt
962 3075 1081 3142 poeeint,
1108 3082 1173 3146 post
1196 3073 1359 3140 Dauniam,

199 3143 345 3202 FAWolf.
371 3145 456 3200 Schz.
476 3147 523 3200 Or.
549 3148 637 3200 Recte
661 3143 728 3198 llaec
753 3147 850 3199 Kiihn.
876 3145 948 3199 dicit
976 3154 1106 3216 spectare
1130 3145 1166 3198 ad
1183 3145 1361 3198 sententiam

169 3224 175 3239 ·’
200 3214 374 3282 Stoicorum
400 3217 455 3272 itta
473 3217 508 3270 ad
531 3234 574 3281 ea,
601 3222 673 3287 qu'ae
697 3216 929 3289 aPeripateticis
953 3216 1109 3275 iactantur.
1144 3219 1199 3270 Pro
1224 3221 1359 3285 acuteque

200 3287 275 3342 Gud.
296 3296 326 3340 et
344 3288 418 3340 Gud.
438 3291 465 3344 2
484 3288 688 3355 acuta-nunt.
708 3296 786 3352 acute
802 3288 1063 3357 prudenterque
1082 3286 1356 3355 disputantium.

199 3358 244 3411 Ad
261 3374 408 3429 u-pompo
426 3359 498 3412 Ern.
520 3361 551 3428 in
570 3360 648 3413 clav.
669 3359 728 3414 Cic.
766 3360 869 3428 „Quian
894 3357 944 3424 ait,
963 3358 1033 3412 illae
1056 3374 1177 3429 pompae
1201 3358 1358 3482 mefnifice

199 3437 284 3483 erant
302 3437 462 3499 apparatae,
490 3439 644 3554 propterea
661 3433 839 3485 transfertur
860 3429 895 3482 ad
920 3429 1082 3485 orationem
1106 3428 1223 3504 generis
1262 3445 1360 3483 emon-

199 3500 323 3565 strativi,
342 3501 373 3553 in
393 3519 449 3570 qua
467 3503 546 3554 omni
564 3521 597 3554 us
608 3503 791 3555 ornamentis
814 3501 895 3554 locus
922 3509 973 3568 est,
1000 3509 1029 3554 et
1052 3500 1177 3571 quaein
1199 3500 1305 3570 primis
1322 3499 1360 3553 ad

199 3570 421 3640 ostentationem
439 3572 551 3647 ingenii
570 3580 600 3627 et
618 3572 801 3642 eloquentiae
822 3572 955 3644 pertinet
980 3579 1011 3624 et
1028 3572 1152 3624 orationi
1176 3567 1288 3629 forensi
1307 3587 1360 3640 op-

198 3641 353 3714 ponitur.“
387 3644 453 3697 Post
468 3661 570 3714 pmnpo
593 3643 625 3695 in
647 3659 705 3696 uno
724 3646 775 3698 Ox.
796 3653 826 3697 et
843 3642 911 3696 cod.
932 3642 1006 3696 Gud.
1033 3642 1179 3713 sequitur:
1209 3642 1293 3698 Quod
1308 3644 1360 3697 tate

197 3711 456 3782 reprehendentium
471 3722 566 3783 pretet,
584 3715 712 3769 secedere
729 3731 809 3769 vocer
825 3713 863 3770 iu,
875 3713 994 3767 laudem.
1031 3715 1086 3767 Pro
1105 3720 1179 3766 colea
1197 3712 1229 3764 in
1240 3712 1316 3766 Gud.
1332 3715 1358 3768 2.

200 3795 243 3839 est
261 3790 452 3855 cautesque,
476 3786 594 3851 incod.
622 3785 705 3838 Vind.
728 3790 752 3841 1.
773 3794 816 3839 est
840 3786 975 3855 comiter.
1012 3786 1067 3838 Pro
1092 3799 1130 3836 on
1148 3783 1204 3838 duo
1224 3783 1298 3837 Oxx.
1319 3789 1358 3839 ot.

198 3855 300 3930 Pergit
317 3857 521 3925 lllon.,l.,uou
538 3856 585 3911 uir
603 3854 673 3922 niet,
692 3855 796 3911 omisso
812 3857 910 3923 fortia.
946 3857 1002 3910 Pro
1020 3853 1080 3910 uiri
1099 3855 1166 3908 God.
1187 3854 1286 3909 nescio
1307 3856 1360 3926 qui

200 3927 232 3979 in
250 3943 341 4000 marg.
360 3927 444 3981 Verb.
464 3920 524 3981 att
558 3927 620 3981 Mr.
697 3958 701 3965 ,

188 4015 195 4023 ’
250 4061 253 4067 ,
270 4015 338 4070 Nise·
351 4012 524 4069 stomachari
543 4013 650 4085 coepit]
685 4016 780 4092 Vulgo
797 4011 928 4087 coeperit,
946 4024 1048 4072 contra
1065 4033 1151 4086 quam
1168 4016 1274 4069 volunt
1287 4017 1359 4089 Reg.

199 4085 344 4141 Pithoeen.
365 4096 395 4140 et
412 4085 563 4140 Men-n,
794 4133 798 4141 .
891 4133 895 4142 .
966 4105 1001 4120 ··
1084 4137 1087 4141 ,
1217 4086 1224 4097 ‘

78 4172 88 4184 “
269 4159 329 4213 uisi
345 4155 524 4213 stomachari.
537 4156 671 4228 coepit]
691 4159 710 4211 i.
731 4176 756 4213 e.
775 4158 834 4214 πίει·
851 4175 932 4226 quum
944 4156 1117 4215 comatam·
1126 4157 1224 4226 coepit.
1246 4157 1362 4230 Scripsi

199 4237 297 4284 autem
316 4227 406 4297 coepit
423 4227 578 4281 cum'Dav.
599 4245 636 4282 ex
653 4229 738 4284 Codd.
758 4231 827 4306 aeg.
846 4231 922 4284 Pith.
941 4231 1014 4285 Med.
1035 4231 1155 4286 (iudi.
1175 4233 1201 4286 2
1220 4229 1310 4282 Vind.
1335 4234 1361 4285 1.

199 4300 289 4354 llehd.
308 4299 396 4354 lllarb.
417 4307 446 4352 et
464 4299 508 4356 ad.
526 4300 693 4354 ret.1Boub.
715 4320 888 4373 quamquam
905 4302 993 4356 facile
1012 4302 1125 4378 largior
1141 4300 1269 4371 potuisse
1285 4301 1364 4354 oriri

200 4389 263 4455 eam
280 4371 435 4497 tottionem
455 4388 491 4424 ex
508 4371 642 4446 neglecto
659 4373 830 4446 compendio
848 4373 956 4443 coep'it.
977 4373 1043 4429 God.
1063 4374 1137 4449 Aug.
1157 4371 1244 4427 habet
1261 4371 1297 4426 ni
1308 4370 1364 4444 pro

199 4458 265 4497 nter.
339 4460 362 4495 r.
746 4481 751 4488 .
1200 4455 1207 4460 “
1287 4476 1289 4481 -
