2842 5070
448 219 816 367 *nunnus-1.
1003 314 1008 321 .
1228 258 1249 326 r

100 429 275 511 ααίαςαεηι
295 426 461 491 rationem
483 445 523 487 ac
543 423 733 489 doctrinam
761 425 963 506 requireret.
1005 423 1108 489 Nono
1126 443 1250 508 pervu-

99 513 151 576 los
171 511 269 574 nobis
291 509 383 572 dedit
402 509 576 595 igniculos,
596 528 680 589 quos
701 507 862 571 celeriter
882 509 976 570 malie
997 508 1148 571 moribus
1176 507 1250 590 opi·

99 594 320 685 nionibusque
340 590 530 674 depravatis
551 593 599 653 sic
612 592 862 677 restinguimus,
883 599 1096 672 utnusquam
1109 599 1251 654 naturae

629 718 812 727 ..ι-..Μ
1037 718 1249 727 -α--ι-ο---Ἄ

98 772 152 825 leuc
171 799 204 810 -
223 773 356 843 requiret)
374 771 448 829 Gud.
466 775 493 828 2.
513 772 575 837 (hle
592 771 761 842 requirent),
781 772 837 827 duo
846 773 918 826 011.
938 771 1122 828 Gud.Duieb.
1141 771 1251 840 (hicet)

10 891 12 896 .
99 843 185 897 Vind.
204 843 229 896 2.
249 846 323 900 Mon.
343 847 383 901 2¹
399 844 435 897 ln
452 843 537 897 Vind.
559 847 583 899 l.
604 851 646 897 eet
663 845 777 898 ratione
795 850 821 898 et
839 844 968 899 dodrino
986 844 1108 899 doceri
1123 843 1252 913 require-

100 921 151 969 ret.
173 914 204 967 in
221 917 295 968 Mon.
318 919 341 970 l.
361 914 470 968 duobus
489 914 559 968 Oxx.
579 915 734 968 doctrinam
752 931 823 969 cam
840 923 973 969 notura
997 913 1192 981 sufficeret
1207 930 1253 968 re·

101 985 232 1054 quire-ret.
268 985 399 1039 Eandem
437 985 546 1040 lorsam
564 986 614 1039 sed
630 994 698 1055 post
716 989 879 1056 requireret,
897 985 1004 1041 habent
1021 984 1094 1039 Edd.
1113 985 1179 1042 Asc.
1189 988 1213 1040 1.
1223 985 1251 1040 ².

100 1058 169 1110 Van.
187 1063 279 1109 nostr.
300 1056 381 1110 tant.
445 1072 501 1110 nus
518 1057 569 1110 01.
589 1055 710 1110 exhibet
735 1056 874 1122 rationem
899 1055 958 1110 out
982 1057 1147 1122 doctrinam,
1175 1055 1253 1111 alies

99 1127 236 1181 rationem
259 1128 304 1180 ed
330 1129 505 1182 doctrinam.
535 1125 659 1182 liothius
684 1129 716 1180 in
739 1127 851 1194 libello,
876 1145 963 1198 quem
987 1128 1138 1197 inscripsit
1154 1126 1253 1181 Taciti

98 1198 269 1267 synonyma
286 1206 315 1250 et
332 1215 387 1268 per
403 1199 529 1272 figuram
547 1195 579 1250 ir
596 1198 644 1251 ded
662 1197 742 1252 δυοῖν
760 1199 846 1264 dicta,
865 1197 1004 1252 hocloco
1022 1216 1051 1269 p.
1070 1201 1115 1253 23.
1135 1198 1251 1253 laudato

99 1270 185 1322 dicits
203 1269 305 1344 lingua
323 1268 415 1322 latina
434 1284 467 1323 eo
485 1269 642 1334 adiectivo,
670 1270 747 1339 quod
764 1268 793 1322 h.
813 1270 834 1325 1.
854 1286 925 1324 voce
943 1272 1082 1325 rationem
1104 1269 1253 1323 indicatur

98 1340 257 1415 [intelligit
275 1339 329 1405 adj.
347 1340 522 1408 μεθοδικδς],
541 1357 600 1394 non
618 1341 726 1407 minus,
744 1358 831 1410 quem
849 1348 949 1395 nostra
965 1341 1089 1395 carebat.
1125 1339 1170 1394 Ad
1188 1357 1253 1396 sen-

99 1412 222 1467 tentiam
241 1418 271 1464 et
288 1410 446 1466 lectionem
463 1430 491 1464 v.
510 1408 793 1466 Turnebi'Adverss.
813 1411 851 1464 11.
871 1414 897 1466 d.
918 1429 947 1482 p.
966 1415 1011 1468 43.
1047 1413 1109 1466 Mr.

168 1480 392 1550 Nuncspcrouloe
408 1482 489 1546 nodie
502 1481 582 1535 dedit
604 1483 759 1549 igninum]
780 1479 868 1535 Godd.
887 1482 972 1536 vind.
992 1485 1018 1539 2.
1038 1485 1114 1536 ltlon.
1135 1485 1159 1537 1.
1179 1482 1253 1535 Nom

99 1553 173 1607 Edd.
192 1553 224 1606 A
244 1555 275 1609 B.
297 1552 324 1606 S.
345 1551 380 1605 Ε.
401 1554 441 1610 0.·
453 1554 536 1606 dunt.
555 1553 626 1609 Ven.
644 1561 736 1607 nostr.
755 1553 820 1607 Asc.
839 1555 865 1607 2.
890 1552 973 1606 Nunc
989 1570 1063 1609 vero.
1086 1553 1160 1605 Ern.
1185 1566 1253 1623 quor

98 1627 262 1694 repositum
288 1623 403 1679 volebat
424 1633 491 1694 post
518 1640 598 1678 nunc.
635 1624 679 1678 Ad
700 1642 763 1680 rem
789 1622 956 1678 Beroaldus.
998 1624 1053 1678 Est
1086 1632 1189 1676 natura
1210 1624 1254 1679 eic

98 1705 236 1769 generata
258 1696 303 1748 vis
326 1693 465 1760 hominis,
490 1702 524 1746 ut
553 1695 589 1747 ad
603 1697 731 1749 'omnem
761 1695 903 1749 virtutem
930 1692 1149 1766 percipiendam
1175 1696 1254 1749 laete

99 1782 162 1819 esse
188 1766 329 1821 rideatur.
359 1765 431 1817 hino
456 1765 487 1817 in
511 1766 612 1833 pueris
637 1768 718 1834 quasi
743 1765 919 1820 scintillulae
936 1767 1079 1832 ridemus,
1104 1783 1120 1820 e
1147 1765 1252 1835 quibus

99 1836 219 1889 accendi
240 1834 285 1900 (ut
302 1843 370 1888 utar
386 1834 483 1888 verbis
500 1835 539 1888 M.
558 1834 653 1888 Tullii
672 1853 708 1889 ex
725 1835 801 1888 libro
820 1836 977 1905 quintode
996 1837 1094 1901 Fiam)
1123 1835 1253 1908 philoso-

99 1906 153 1976 phi
172 1907 247 1960 ratio
265 1903 359 1972 debet,
384 1914 426 1971 ut,
451 1921 514 1958 eam
537 1906 620 1975 quasi
639 1907 725 1960 deum
748 1907 852 1961 ducem
872 1906 956 1961 subse
977 1925 1057 1974 uens,
1082 1907 1118 1960 ad
1131 1916 1252 1962 naturae

97 1979 251 2048 perveniat
277 1985 449 2038 extremum.
486 1977 579 2033 Locus
607 1978 642 2032 de
666 1978 752 2031 Finn.
773 1984 818 2031 est
835 1979 870 2032 V.
891 1979 933 2034 15.
984 1978 1031 2030 dd.
1058 1977 1093 2030 de
1111 1979 1198 2030 Finn.
1217 1980 1251 2035 V.

98 2051 124 2103 ’1.
145 2051 189 2105 18.
209 2048 246 2101 de
264 2049 354 2124 [segg.
374 2049 396 2101 l.
417 2050 460 2103 11.
480 2051 523 2106 33.
544 2066 572 2120 p·
593 2052 636 2106 49.
656 2064 729 2120 quos
746 2049 827 2102 locos
845 2048 977 2103 laudavit
1000 2047 1095 2102 Kiihn.
1133 2047 1177 2101 Ad
1199 2062 1253 2118 po-

97 2121 252 2174 steriorem
270 2118 368 2172 locum
385 2137 414 2173 v.
434 2117 612 2175 Turnebum.
633 2121 676 2173 ed.
697 2127 786 2174 nostr.
807 2127 838 2173 et
856 2119 903 2174 Gr.
922 2138 951 2191 p.
972 2122 1032 2176 19⁶.
1054 2150 1085 2160 -
1107 2118 1254 2173 Similiter

97 2207 132 2244 ac
148 2189 177 2242 h.
198 2191 218 2247 l.
245 2191 435 2244 deminutivis
454 2189 634 2244 Substantivi
659 2199 689 2244 et
713 2191 860 2251 Adiectivi
882 2209 951 2244 usus
979 2199 1023 2245 est
1041 2190 1143 2244 Cicero
1162 2190 1197 2243 de
1214 2191 1251 2243 N.

97 2261 208 2317 n.111.
230 2265 272 2316 17.
299 2264 415 2315 aureolo
439 2262 624 2315 oratiuncula.
652 2260 739 2315 Acad.
759 2261 797 2316 11.
824 2265 868 2318 44.
890 2261 948 2318 135.
973 2265 1105 2315 aureolus
1128 2260 1252 2315 lidettoe.

97 2334 134 2386 ln
160 2331 249 2385 Godd.
277 2333 365 2386 llarb.
385 2331 460 2408 Aug.
480 2341 525 2387 est
549 2333 627 2387 dedit
652 2333 741 2389 nobie.
780 2333 881 2408 Pergit
909 2334 990 2387 lunt.
1018 2335 1092 2402 quod
1109 2333 1251 2386 celeriter.

99 2402 175 2456 Gud.
196 2405 222 2457 2.
244 2419 311 2471 quor
334 2405 540 2458 sceleriter:
566 2403 785 2480 elegantissima
808 2405 1000 2475 correctione.
1036 2405 1102 2457 Post
1129 2403 1253 2456 moritur

98 2473 180 2528 addit
202 2473 271 2526 Cod.
297 2474 395 2527 Gueli.
419 2474 561 2539 omnibus,
590 2475 668 2543 quod
693 2473 866 2527 vocabulum
888 2475 976 2546 plane
1006 2488 1254 2544 supervacaneum

98 2553 195 2599 ortum
215 2552 258 2597 est
277 2563 312 2598 ex
331 2545 478 2614 sequentis
497 2546 669 2615 compendio
686 2562 841 2616 perperam
860 2546 946 2599 lecto.
967 2563 1040 2598 unus
1054 2545 1102 2597 Ox.
1113 2545 1253 2599 moribus-

98 2634 158 2686 que,
177 2616 283 2668 omisso
302 2615 489 2683 opinionibus.
515 2615 558 2670 De
575 2614 630 2670 usu
647 2633 677 2669 r.
696 2616 787 2681 Nunc,
814 2617 867 2687 qui
893 2616 943 2669 hio
962 2615 1083 2682 obtinet,
1110 2634 1138 2670 v.
1157 2615 1251 2670 Kritz.

98 2688 134 2742 ad
153 2687 225 2742 Sall.
245 2686 312 2760 δας.
334 2688 376 2741 14.
397 2705 424 2757 p.
445 2690 498 2755 85.
528 2689 587 2742 Mr.
1033 2697 1035 2701 ’

152 2759 247 2812 ,Ναπα
268 2761 403 2825 purvulos
425 2759 504 2812 nobie
531 2757 608 2812 dedit
630 2756 787 2826 igniculos]
823 2757 1024 2812 'l‘heodoretus
1049 2756 1176 2827 Therap.
1202 2757 1253 2813 lv,

118 2848 162 2904 ag.
189 2831 233 2885 tili
271 2829 444 2900 Δημόκριτον
463 2833 584 2900 -φασὶ
604 2822 895 2896 παραπλησίαν,εἶναι
920 2835 955 2897 τῇ
972 2836 1058 2897 ,φύσει
1089 2827 1175 2897 λέγειν
1204 2831 1254 2896 τὴν

35 2897 40 2904 ’
96 2847 212 2968 detorpv
231 2899 423 2955 διδασκαλίαν·
447 2907 649 2974 μεταμορφοῦα
671 2903 725 2970 γὰρ
744 2899 789 2954 δεῖ
810 2901 856 2953 καὶ
872 2899 1104 2972 μεταρῤυθμίζεια
1131 2900 1199 2970 πρὸς
1221 2899 1253 2952 td

97 2974 203 3039 βέλτιον
225 2973 274 3036 τὴν
298 2978 398 3038 ψυχήν,
426 2975 471 3022 καὶ
497 2971 558 3032 τοὺς
585 2969 925 3042 παλαιοὺςιᾶνανεοῦσδαι
944 2972 1128 3042 χαρακτῆρας,
1157 2969 1206 3030 οὓς
1224 2967 1254 3031 ἔξ

98 3038 225 3107 ἀρχῆς-ἦ
253 3046 334 3108 φύσις
360 3040 447 3106 ἔθηκε.
486 3041 560 3094 Gom
582 3042 687 3110 primis
712 3051 808 3096 autem
832 3043 940 3096 eximia
963 3049 1045 3107 sunt,
1071 3058 1144 3112 quae
1166 3039 1253 3094 hebet

97 3109 203 3164 cicero
224 3110 257 3162 de
276 3110 365 3184 legg.
384 3110 435 3166 lib.
455 3110 479 3161 1.
498 3127 579 3189 capp.
602 3112 645 3174 11,
666 3115 709 3167 17.
746 3113 782 3167 D.

168 3180 399 3251 opinionibusque
416 3180 622 3248 depravati]
657 3181 733 3248 „Sic
750 3182 917 3259 legendum,
935 3196 1004 3246 non,
1027 3191 1062 3234 ut
1080 3182 1179 3256 vulgo,
1205 3182 1254 3234 de·

94 3255 240 3322 precatio,
267 3253 399 3323 quamvis
421 3253 472 3304 -ite
492 3252 633 3321 scriptum
668 3254 699 3305 in
722 3253 892 3322 qussnusdam
913 3252 999 3305 libris
1021 3250 1098 3305 MSS.
1123 3251 1253 3325 reperia-

96 3332 160 3386 tur-a
186 3339 252 3375 nam
276 3339 292 3375 e
309 3331 489 3394 postremum
508 3320 638 3377 adcrevit
661 3322 733 3378 huic
753 3324 861 3393 pertici
883 3324 911 3377 io
935 3322 1084 3391 depravati
1102 3339 1138 3376 ex
1155 3323 1252 3392 parti-

96 3394 178 3448 culae
197 3395 345 3465 sequentis
364 3392 483 3448 initio.“
501 3393 659 3448 Lambinus.
696 3393 840 3462 „Credidi
857 3341 997 3448 lambino
1015 3395 1057 3448 sie
1076 3394 1251 3461 emendanti,

95 3464 329 3520 adductuscod.
355 3464 503 3521 Vaticano.
541 3465 578 3519 ln
601 3466 671 3522 Pall.
692 3483 737 3537 pr.
750 3483 813 3520 sec.
842 3466 945 3536 quinto
973 3466 1151 3534 depravator.
1178 3464 1251 3521 alies

96 3537 273 3604 depravatis.
289 3552 379 3608 porro
396 3553 451 3607 pro
469 3535 675 3604 restinguimus
693 3538 750 3590 Pal.
770 3544 837 3590 tert.
853 3537 987 3607 optimus
1012 3537 1108 3590 Codex
1131 3535 1252 3588 restrin-

95 3607 239 3674 goimue.·“
258 3605 394 3662 Gelliord.
413 3648 416 3653 .
432 3607 632 3677 „Deprecatio
650 3607 758 3664 hebent
783 3605 870 3662 code.
897 3604 938 3662 Re
959 3647 965 3659 .
990 3607 1046 3660 duo
1071 3607 1169 3659 Leidd.
1195 3605 1249 3659 lid.

95 3687 195 3732 nostre
216 3685 288 3743 vet,
314 3678 469 3749 utrimque
494 3679 637 3744 Maeotii,
650 3680 719 3733 Rob.
751 3678 849 3750 steph.
874 3626 970 3731 Laml.
997 3677 1071 3731 aliae
1099 3676 1251 3742 [videlicet

95 3759 155 3802 non
173 3750 205 3803 in
224 3758 359 3804 contexta
378 3751 491 3821 recepit
507 3748 605 3805 hamb.
626 3749 792 3820 deproootil.
818 3748 988 3826 Lugendum
1001 3749 1171 3816 depravatis,
1189 3748 1250 3803 nisi

94 3820 193 3873 fallor.
230 3820 394 3892 Respondet
415 3819 472 3875 hoc
496 3821 644 3876 commode
667 3821 869 3892 sequentibus=
895 3824 927 3875 in
950 3824 1024 3875 omni
1054 3820 1196 3888 pravitate
1220 3825 1250 3872 et

94 3908 202 3946 commo
219 3893 380 3960 opinionum
395 3886 591 3962 peruersitate.
629 3891 690 3945 Alii
712 3891 797 3957 libri,
817 3892 850 3944 iu
874 3892 977 3961 quibus
995 3908 1069 3944 unus
1091 3888 1170 3944 Leid.
1196 3888 1249 3942 lra-
1332 3941 1341 3951 ,

94 3963 165 4016 bont
182 3962 381 4030 deprooatoe.“
400 3962 533 4018 Bouhier.
572 3961 720 4015 scribitur
738 3963 902 4030 depravatis
923 3963 955 4016 in
974 3961 1069 4016 cota·
1081 3962 1152 4036 Reg.
1172 3957 1247 4012 Gud.

96 4038 122 4088 l·
143 4038 167 4090 ².
189 4035 263 4094 Gud.
284 4035 373 4087 Maro.
392 4033 464 4087 Edd.
484 4031 512 4093 P,
532 4032 566 4086 Α.
585 4035 617 4087 Β.
638 4034 665 4088 S.
684 4032 718 4084 E.
740 4030 771 4085 O.
791 4034 824 4085 V.
844 4035 881 4088 M.
902 4041 932 4088 et
950 4033 1059 4086 nostris
1078 4039 1145 4085 ante
1154 4027 1245 4084 Geth.

94 4106 157 4158 fere
174 4105 317 4171 omurius,
335 4111 484 4174 praeterea
503 4104 536 4156 in
551 4102 625 4159 Edd.
644 4097 789 4161 FAWolt.
808 4102 892 4158 Scine.
912 4104 959 4158 Or.
978 4101 1051 4156 Tbn.
1084 4103 1175 4172 quue
1194 4114 1247 4175 ego

94 4191 211 4246 quoque
233 4176 344 4248 recepi,
375 4174 555 4244 optimorum
577 4175 722 4228 librorum
751 4174 924 4229 auctoritate
947 4180 1115 4245 permotus:
1146 4186 1252 4240 quam-⁴

94 4262 182 4316 quam
207 4247 300 4324 magio
323 4247 454 4316 placeret
480 4243 700 4298 Lambinianum
730 4245 890 4313 depravati:
928 4242 1004 4299 illud
1031 4243 1108 4296 enim
1128 4241 1246 4323 διαδῶ,

94 4319 172 4387 quod
197 4320 339 4389 sequitur,
364 4316 397 4370 in
422 4317 501 4370 omni
522 4315 652 4368 continno
672 4316 810 4384 pronitate
839 4323 865 4368 et
893 4315 937 4369 in·
954 4326 1061 4368 sommo
1085 4312 1247 4380 opinionum

92 4390 277 4456 perarmate
293 4403 447 4454 vocamur,
469 4385 650 4441 commendat
667 4387 889 4441 nominativum·
910 4386 944 4440 In
955 4380 1094 4454 pravitate
1101 4391 1246 4432 curamur
1319 4423 1341 4459 v.
