2842 5070
474 365 477 371 ,
531 295 660 360 mem
680 293 739 377 111,
761 297 829 362 a·
1180 261 1246 363 st

75 469 202 526 icatur:
225 482 307 546 quae
329 465 387 545 qui
408 464 540 545 recipit,
562 465 705 546 recipiat
725 462 813 525 idem
835 480 969 525 necesse
989 471 1039 524 cst
1064 464 1224 528 timidita-

77 554 143 607 tem
166 555 200 609 et
220 549 407 632 ignaviam:
429 566 495 608 non
517 544 640 609 cadunt
661 555 772 609 autem
793 546 875 608 haec
895 548 930 606 in
952 547 1063 608 virum
1084 550 1222 614 sortem:

76 630 183 715 igitur
212 648 253 690 ne
279 627 455 715 aegritudo
478 628 618 712 quidem.
660 629 706 690 At
740 648 837 690 nemo
858 631 1002 709 sapiens,
1024 631 1089 690 nisi
1110 633 1225 697 iortisz

76 731 143 771 non
166 710 263 775 cadet
285 730 365 796 ergo
387 713 422 771 in
445 715 626 794 sapientem
647 710 834 796 aegritudo.
878 712 1070 789 Praeterea,
1096 731 1227 775 necesse
1245 715 1271 770 b.

76 801 140 867 est,
169 795 225 874 qui
251 796 349 855 fortis
377 796 430 865 sit,
458 794 601 858 eundem
629 813 701 855 esse
728 796 839 879 magni
866 796 991 869 animi3
1023 797 1080 876 qui
1114 797 1226 940 magni
1247 788 1288 840 ¹⁵·

74 877 179 936 animi
200 877 254 953 sit,
274 877 455 950 invictum3
478 881 535 959 qui
557 878 702 938 invictus
722 878 777 952 sit,
799 895 874 937 eum
897 895 951 938 res
981 878 1141 939 humanas
1192 897 1226 940 e·

76 960 206 1037 spicere
232 966 329 1040 atque
362 959 451 1020 inira
479 979 512 1020 se
544 962 669 1042 positas
697 958 876 1022 arbitrari:
910 957 1083 1042 despicere
1113 969 1226 1023 autem

76 1058 173 1100 nemo
194 1048 305 1120 potest
326 1059 380 1102 eas
402 1060 468 1119 res,
490 1049 631 1124 propter
659 1060 740 1123 quas
761 1040 972 1128 aegritudine
993 1043 1082 1103 affici
1105 1051 1226 1125 potest.

18 1163 20 1166 ι
74 1121 123 1180 Ex
144 1141 208 1202 quo
233 1123 387 1200 efficitur,
412 1127 532 1186 fortem
554 1125 667 1186 virum
689 1123 903 1210 aegritudine
922 1145 1100 1206 numquam
1121 1126 1224 1187 afficis

73 1223 188 1265 omnes
209 1215 319 1267 autem
341 1200 506 1287 sapienties
530 1209 650 1270 fortes:
672 1225 738 1266 non
760 1204 850 1267 cadit
867 1208 973 1292 igitur
993 1209 1029 1267 in
1042 1208 1225 1291 sapientem

73 1370 144 1425 Edu
163 1375 196 1430 V.
216 1377 253 1428 Μ.
272 1375 341 1428 Rob.
370 1375 469 1447 Steph.
489 1375 554 1430 Ala.
591 1376 709 1446 Reliqui
732 1391 829 1429 omnes
857 1384 887 1430 et
910 1376 1015 1449 scripti
1040 1385 1069 1430 ct
1093 1378 1225 1449 impressi

72 1443 220 1519 vulgatam
238 1448 406 1516 sequuntur.
444 1449 504 1502 Mr.

144 1514 326 1571 timiditatem
344 1526 370 1573 et
388 1515 546 1587 ignaviam]
564 1515 608 1570 Ad
625 1516 801 1570 locutionem
819 1517 879 1574 vid.
900 1518 1041 1572 Goerenz.
1061 1519 1096 1574 ad
1113 1521 1171 1575 Cic.
1192 1520 1227 1575 dc

73 1583 158 1639 Finn.
177 1588 230 1640 111.
256 1593 297 1644 ll.
323 1593 366 1647 39.
395 1609 423 1661 p·
442 1593 525 1646 tels
548 1631 555 1645 .
591 1588 821 1644 tuouuarba.
846 1589 987 1660 scriptum
1012 1598 1054 1642 est
1077 1589 1108 1644 in
1133 1591 1226 1645 virum

72 1651 141 1709 baec
158 1658 269 1723 fortem,
289 1660 465 1714 elevantiore
482 1678 537 1712 ver
555 1676 639 1712 orum
656 1660 768 1725 ordine,
799 1667 834 1711 ut
855 1660 975 1714 librario
999 1660 1114 1729 scilicet
1131 1663 1227 1716 visum

74 1734 125 1778 est.
161 1730 227 1779 Mox
244 1729 313 1782 cod.
333 1705 409 1784 ilud.
428 1734 454 1788 2.
484 1722 585 1798 igitur
600 1746 663 1783 nec
689 1730 847 1798 aegritudo.
893 1733 960 1784 Non
984 1749 1065 1784 rarus
1090 1742 1133 1786 est
1159 1751 1225 1786 uass

73 1797 234 1865 particulae
253 1816 300 1852 nec
317 1820 345 1852 v.
366 1816 453 1870 neque
469 1817 523 1871 pro
542 1800 734 1870 ree-quidem:
755 1800 814 1852 vid.
841 1800 925 1855 modo
944 1802 1087 1856 Goerenz.
1111 1805 1147 1857 ad
1164 1804 1225 1858 Cic.

33 1924 38 1929 ,
73 1867 108 1919 de
127 1868 212 1924 Finn.
232 1871 254 1922 l.
276 1875 301 1924 7.
321 1875 363 1928 23.
383 1890 411 1941 p.
431 1875 474 1927 30.
514 1869 570 1925 Sed
587 1887 644 1923 non
672 1870 827 1922 audiendus
850 1871 926 1924 liber
944 1890 1027 1936 unus,
1047 1873 1127 1945 isque
1146 1892 1190 1928 sae

71 1939 210 1991 vocabula
228 1942 363 1996 omittens
382 1942 549 1996 necessaria.
585 1941 636 1994 Ac
653 1958 732 1995 nense
750 1958 804 2012 pro
823 1946 858 1994 at
879 1957 958 1995 nemo
974 1941 1080 1997 habent
1098 1945 1170 1997 uad.
1218 1983 1225 1997 .

72 2009 103 2060 B.
122 2011 193 2067 Ven.
213 2021 302 2065 nostr.
322 2012 386 2067 Asc.
407 2019 431 2070 l.
451 2016 476 2069 2.
497 2013 578 2068 Junt.
614 2013 675 2066 Me.

142 2098 194 2135 non
212 2085 293 2137 cadet
313 2100 382 2152 ergo
397 2115 428 2126 -
447 2082 612 2154 aegritudo]
633 2084 742 2139 Desunt
758 2082 830 2136 haec
854 2084 949 2137 omnia
967 2084 999 2135 in
1018 2083 1086 2138 (iod.
1103 2087 1180 2139 Men.
1201 2090 1226 2142 l.

72 2149 183 2223 Scripsi
201 2162 296 2207 autem
315 2157 405 2222 rudet,
425 2172 483 2216 non
502 2155 589 2220 cudit,
622 2172 656 2209 ex
675 2155 761 2211 Godd.
782 2155 855 2208 Gud.
876 2160 901 2210 l.
926 2155 1004 2278 Aug¹3
1025 2155 1137 2226 aliquot
1155 2146 1227 2214 (lxx.

72 2229 111 2287 et,
139 2223 201 2277 sine
219 2224 304 2278 dubio
330 2227 417 2279 etiam
436 2225 503 2281 Cod.
521 2226 590 2300 Reg.
628 2225 762 2291 Quamvis
787 2227 865 2279 enim
888 2226 966 2279 dicat
1007 2224 1074 2281 ouh.
1094 2244 1161 2280 eum
1180 2245 1228 2280 ex-

71 2293 172 2348 hibere
190 2296 278 2362 cadit,
297 2314 355 2351 non
373 2304 471 2350 tamen
489 2305 620 2350 accurate
633 2315 700 2350 eum
717 2296 806 2350 libros
825 2298 980 2368 inspexisse
992 2298 1076 2351 modo
1088 2298 1227 2351 vidimus:

72 2366 183 2418 accedit
201 2375 299 2419 nostra
316 2367 434 2421 collatio
459 2369 493 2421 ad
510 2367 564 2421 Ed.
584 2368 656 2420 [all
675 2367 770 2431 'facta-
785 2367 862 2420 ninil
886 2385 1003 2423 monens
1029 2370 1064 2422 de
1085 2369 1227 2423 varietate
1256 2412 1260 2417 .
1298 2378 1301 2382 '

67 2436 140 2487 'cum
167 2437 240 2490 Lall.
266 2439 336 2491 item
365 2437 487 2492 ediderit
510 2439 607 2492 cedet:
643 2439 724 2491 cuius
748 2438 777 2490 h.
802 2439 823 2493 l.
848 2439 1012 2493 collationis
1036 2439 1123 2493 fidem
1140 2449 1228 2517 auget

64 2516 204 2560 accurata
220 2517 318 2562 nostra
335 2509 482 2562 simillimi
493 2508 604 2562 Codicis
624 2509 697 2563 Gud.
710 2512 735 2564 l.
755 2509 885 2562 collatio:
905 2509 973 2564 deni
993 2527 1030 2562 ue
1048 2526 1107 2572 non
1123 2528 1228 2581 parum

72 2581 250 2633 auctoritatis
268 2580 353 2634 habet
371 2581 437 2665 ipsa„
449 2581 502 2634 Ed.
522 2580 617 2633 Daris.
636 2584 662 2637 2
683 2589 712 2633 et
730 2582 757 2646 3,
785 2597 856 2650 qnae
880 2581 917 2631 in·
937 2581 989 2634 tali
1008 2598 1040 2632 us
1062 2579 1156 2647 rebus,
1180 2582 1229 2636 vel

71 2649 149 2701 nihil
166 2660 301 2705 monente
319 2653 444 2718 Davisio,
472 2659 603 2705 accurate
626 2651 708 2722 sequi
731 2649 806 2705 solet
824 2650 959 2704 codicem
976 2669 1009 2704 re
1032 2652 1100 2708 um.
1136 2650 1229 2705 Acce·

71 2718 143 2772 dunt
159 2722 315 2794 pleraeque
333 2724 405 2777 Edd.
424 2732 496 2780 vett.
517 2731 546 2777 et
563 2738 640 2776 reec.
659 2722 788 2795 exceptis
807 2721 835 2775 S.
854 2723 888 2775 E.
905 2720 994 2778 HWo
1023 2761 1030 2774 .
1049 2722 1120 2779 Em.
1141 2722 1227 2779 seha

71 2799 101 2843 et
120 2809 197 2862 seqq.
217 2795 288 2846 'Pro
307 2811 377 2865 ergo
396 2804 439 2848 est
457 2801 551 2848 eutem
569 2794 601 2844 in
619 2794 686 2847 (lod.
706 2793 795 2847 Marb.
823 2795 877 2846 Pro
896 2809 958 2849 ease
975 2792 1099 2861 magns·
1115 2791 1230 2849 animi

71 2873 144 2914 unus
163 2865 214 2916 Ox.
232 2863 319 2917 habet
337 2882 398 2919 esse
416 2865 688 2933 magnanimum,
708 2863 843 2933 idemque
861 2873 902 2918 est
920 2865 955 2919 in
970 2865 996 2917 A
1036 2901 1044 2918 .
1071 2863 1142 2920 Mr.

142 2935 192 3002 qui
209 2936 307 3003 magni
324 2936 415 2989 animi
431 2936 480 3001 ait,
499 2936 648 2991 invictum.-
668 2935 718 3003 qui
729 2934 849 2989 inuictus
866 2934 968 3003 stt-J
994 2972 1013 3002 „
1030 2945 1058 2989 ta
1068 2937 1226 2990 Victorius:

72 3003 121 3055 cui
140 3022 169 3055 se
188 3006 297 3057 sociant
315 3007 347 3057 in
364 3007 545 3080 propaganda
561 3007 617 3059 hac
635 3007 772 3059 Lectione
782 3007 870 3059 Palat.
889 3024 934 3077 pr.
955 3024 1009 3060 sec.
1031 3008 1125 3078 quint.
1144 3007 1229 3061 Febr.

71 3073 143 3125 Pell.
162 3082 231 3126 tert.
252 3084 280 3128 et
299 3084 411 3144 quart:
447 3077 496 3144 qui
519 3076 676 3143 sortierit,
702 3076 816 3130 eundem
834 3093 895 3130 ease
919 3078 1020 3146 magni
1037 3078 1127 3131 animi
1153 3077 1228 3132 aive

71 3143 87 3196 i
92 3143 260 3212 unicium,
279 3146 327 3215 qui
343 3145 466 3200 invictus
483 3144 532 3198 ait.
551 3147 643 3199 Vatic.
662 3147 711 3213 qui
728 3152 822 3199 autem
839 3147 937 3214 magni
954 3147 1045 3200 animi
1062 3148 1117 3201 sit.-
1138 3149 1228 3223 vulgo

71 3213 1230 3356 ttttittttittttt‘ittt..¹tt³tdttst⁰ttttti¹ttt⁰tdt

71 3366 104 3410 ut
131 3357 163 3408 in
185 3359 255 3416 Pall.
281 3368 349 3414 tert.
376 3368 405 3412 et
423 3353 517 3429 quart.
556 3358 632 3424 Quae
652 3375 741 3428 quum
767 3325 857 3412 seniel
876 3358 1047 3413 excidissent
1065 3377 1081 3411 a
1099 3358 1228 3413 librariis

72 3428 112 3481 sit
132 3429 163 3480 in
181 3428 241 3482 sive
259 3432 366 3484 mutari
385 3429 516 3502 proclive
534 3430 593 3482 fuit
611 3429 697 3497 idque
715 3431 828 3481 factum
847 3439 889 3483 est
913 3431 945 3482 in
963 3430 1071 3484 duobus
1088 3431 1228 3501 posteriu-

72 3499 164 3555 ribus:
185 3498 218 3551 in'
235 3501 294 3553 illis
313 3503 472 3578 genuinum
490 3501 532 3555 sit
550 3509 689 3556 servatur.
725 3498 813 3553 Abest
831 3500 888 3554 hoc
906 3501 1028 3554 verbum
1045 3502 1079 3554 ab
1097 3502 1169 3554 Edd.
1188 3505 1225 3555 Μ.

74 3568 106 3623 1..
126 3571 190 3624 Car·
205 3571 310 3647 steph.
330 3575 379 3627 ur.
399 3572 483 3630 Fabr.
502 3572 588 3626 Leod.
601 3572 685 3625 Boul.
705 3571 793 3624 Goth.
813 3572 880 3624 Ald.
898 3573 979 3624 Brut.
1000 3573 1079 3643 sylb.
1100 3574 1228 3626 eaedem·

72 3658 128 3710 que
147 3643 286 3696 omittunt
305 3647 344 3699 ait
361 3653 427 3715 post
443 3645 570 3698 invictus.
607 3643 687 3695 Unus
706 3643 756 3696 Ox.
774 3644 874 3714 priore
893 3643 956 3695 loco
973 3643 1059 3697 habet
1076 3642 1128 3696 sic.
1165 3643 1227 3711 [Ad

71 3713 242 3765 sententiam
261 3717 298 3768 cf.
320 3717 464 3769 Musonius
483 3734 527 3785 ap.
547 3714 702 3768 stobaeum
719 3713 810 3766 Serm.
831 3715 927 3767 XLVI.
947 3732 975 3784 p.
993 3717 1056 3770 ³38.
1075 3715 1096 3767 l.
1116 3718 1160 3770 30.
1180 3717 1223 3770 ed.

70 3783 107 3909 ξ’
149 3802 175 3906 rh
193 3793 222 3920 pt
240 3785 347 3839 dehoc
365 3788 452 3840 sorite
470 3785 697 3856 Wyttenbachii
722 3785 822 3860 hog-ic.
844 3803 876 3856 p.
897 3788 957 3841 145.
978 3789 1037 3842 146.
1058 3787 1100 3839 ed.
1120 3788 1223 3841 noviss.

91 3871 184 3908 cuc.
242 3858 303 3910 Mr.
367 3874 369 3878 ·
1203 3872 1212 3878 ’

142 3942 202 3978 eom
220 3943 268 3980 rea
286 3926 421 3980 bemanus
439 3927 593 3998 despicere]
621 3927 689 3983 coa.
709 3927 798 3981 Rchd.
818 3943 880 3980 eum
898 3927 1045 3997 despicere
1063 3935 1112 3982 r'es
1128 3925 1225 3981 brente·

70 4012 130 4050 nes.
169 3997 313 4050 scribitur
338 3996 472 4052 dumanas
496 4016 542 4052 res
569 4001 601 4052 in
627 3999 699 4053 Edd.
727 4007 796 4052 vett.
825 4001 887 4052 fere
906 4000 1036 4052 omnibus
1053 4008 1119 4052 ante
1138 4000 1223 4053 Grut.

59 4069 198 4139 -exceptis
216 4071 249 4124 V.
270 4069 338 4122 Rob.
359 4069 458 4140 Stepb.
477 4070 566 4138 Lced.
603 4071 704 4139 quue
723 4070 823 4123 ordine
841 4070 919 4122 infra
936 4068 958 4134 §.
977 4073 1022 4125 3⁰.
1051 4071 1158 4141 scripta
1175 4069 1226 4123 ha·

67 4138 138 4192 bent
153 4139 225 4193 haec
243 4141 330 4193 verba
348 4139 416 4192 libri
434 4140 510 4192 haud
527 4141 621 4210 pauci.
658 4141 714 4194 Rea
732 4139 867 4194 dumalias
895 4141 1021 4212 explicat
1039 4141 1125 4194 Leod.
1151 4141 1225 4194 tudi-

69 4209 135 4262 briu
153 4213 293 4276 fortunae.
333 4211 453 4265 Confert
471 4210 566 4263 Kiihn.
587 4212 646 4264 cie.
666 4212 700 4265 de
719 4214 766 4266 Or.
782 4214 820 4265 11.
835 4214 879 4266 84.
899 4213 960 4266 344.
987 4212 1043 4266 Ubi
1060 4212 1223 4264 vidPearc.

69 4280 100 4330 in
119 4282 173 4338 Ed.
193 4283 311 4336 Miilleri
328 4301 357 4352 p.
377 4285 438 4337 409.
475 4283 509 4334 ln
526 4299 606 4351 seqq.
626 4283 694 4336 God.
721 4283 794 4340 Gud.
821 4282 965 4350 despicere
987 4290 1080 4335 autem
1101 4287 1225 4348 potest

70 4366 126 4404 eus
152 4369 212 4406 res
239 4370 340 4408 nemo.
378 4356 445 4406 Post
473 4353 555 4419 affici
572 4359 664 4420 potest
681 4354 788 4407 habent
805 4354 929 4427 glossam
952 4353 1013 4406 nisi
1028 4352 1119 4418 fomis
1134 4349 1223 4404 codd.

70 4425 143 4479 Mon.
166 4429 189 4479 l.
218 4427 244 4479 2.
264 4425 357 4478 tint.
379 4428 404 4479 2.
430 4424 501 4480 Edu.
529 4427 557 4478 Ρ.
579 4424 611 4477 Α.
637 4425 668 4480 Β.
690 4425 718 4479 S.
736 4426 772 4477 E.
793 4426 824 4478 G.
854 4426 925 4477 Ven.
950 4431 1039 4477 nostr.
1065 4423 1128 4472 Asc.
1152 4424 1174 4473 Ι.
1196 4421 1223 4472 2.
