2842 5070
221 274 305 368 iso
427 297 655 366 emmonis
674 297 927 369 resonum.
947 297 1178 366 unimur.

219 464 277 527 Sic
298 465 432 527 insanus
453 464 590 528 videtur
610 468 710 529 etiem
732 468 813 530 suis.
856 465 900 528 At
919 487 998 550 quas
1021 464 1207 552 tragoedias
1229 465 1361 530 efficit!

347 546 380 612 T
376 569 401 622 e,
421 543 543 629 Apollo
563 558 686 628 sancte,
707 548 763 629 [ἐν
783 554 889 631 opem!
911 559 1013 631 teque,
1035 546 1233 644 omnipotens
1253 551 1381 631 Neptu-

845 664 848 669 ·
1045 651 1096 710 ne,
1116 651 1248 694 eavoco:

303 766 306 778 .
345 710 472 794 Vosque
493 709 584 785 o'deo,
606 714 713 776 nenti!
738 749 775 763 -
1075 749 1078 756 ·
1131 762 1134 767 .
1179 753 1187 761 -

218 792 384 856 Mundum
407 803 515 856 totum
536 815 572 856 se
592 793 634 856 ad
656 815 804 856 amorem
837 814 935 856 suum
960 793 1200 859 sublevandum
1229 805 1377 861 conver-‘1

213 897 335 939 surum
358 873 469 959 putat:
492 877 662 940 Venerem
684 898 785 944 unam
807 876 965 956 excludit,
986 887 1025 939 nt
1045 880 1210 961 iniquamz

573 978 652 994 «L.-

216 1044 318 1098 Tuscc.
338 1045 361 1098 l.
388 1047 431 1100 17.
451 1048 495 1100 to.
519 1062 547 1115 p.
568 1049 613 1100 77.
649 1045 710 1097 Nos
733 1045 768 1096 ad
793 1045 877 1100 Tusc.
897 1045 952 1097 111.
980 1047 1021 1100 13.
1041 1047 1086 1099 28.
1122 1044 1192 1098 Loci
1216 1050 1301 1097 certe
1325 1060 1375 1118 ego

215 1117 373 1169 lectionem
397 1116 518 1173 minime
543 1116 717 1168 mutaverim
742 1132 837 1183 neque
862 1121 889 1168 et
912 1114 981 1168 e'lln
1004 1115 1143 1168 desidero.
1162 1147 1196 1158 -
1234 1116 1271 1168 ln
1296 1131 1373 1185 seqq.

214 1204 268 1257 pro
295 1201 419 1240 cenaene
441 1204 508 1239 cum
524 1183 764 1250 Wolfio‚·Schz.
784 1189 831 1239 Or.
856 1177 914 1237 scri
934 1187 959 1237 si
985 1186 1095 1239 aanua'z
1121 1204 1193 1256 quae
1221 1183 1308 1237 nulla
1334 1194 1374 1238 est

162 1268 172 1278 ·
214 1259 346 1310 mutatio·
381 1260 436 1310 Pro
455 1274 484 1310 ea
501 1256 531 1308 in
550 1257 638 1309 Codd.
658 1259 732 1309 lllon.
755 1262 779 1311 1.
800 1266 829 1308 et
846 1205 944 1311 Duisl.
962 1255 1141 1331 legionen,
1168 1265 1235 1308 tum
1258 1257 1293 1307 in
1318 1272 1374 1308 uno

215 1329 266 1382 Ox.
288 1328 408 1392 tineere,
427 1327 482 1380 duo
500 1327 607 1380 habent
625 1334 727 1379 tmere
745 1327 914 1393 laudare,
938 1345 1011 1379 unus
1029 1333 1050 1380 t.
1070 1327 1279 1388 lamentarerla,
1302 1344 1373 1380 uuus

214 1415 281 1451 cum
298 1399 395 1454 Duisb.
423 1405 442 1450 t.
462 1397 670 1462 lamentari,
695 1415 768 1449 unus
793 1404 814 1452 t.
835 1398 1062 1452 lamentaris.
1098 1398 1158 1451 Mr.

163 1527 167 1532 ,
285 1469 335 1523 Sic
352 1471 473 1522 insanus
492 1470 603 1523 videtur
623 1472 707 1522 etiem
731 1470 814 1535 suia]
841 1469 908 1521 Cod.
929 1471 1004 1522 Mon.
1025 1473 1050 1523 1.
1082 1471 1130 1534 qul
1154 1476 1261 1522 temere
1285 1468 1374 1540 lorii·

213 1545 269 1593 tat
288 1541 333 1606 [an
353 1540 448 1593 voluit
465 1542 591 1610 scriptor
609 1541 734 1593 Codicis:
763 1555 882 1592 samone
906 1545 974 1606 eat,
1006 1541 1053 1609 qai
1070 1541 1372 1607 temere-lamenta·

213 1613 308 1677 luel]
335 1612 421 1678 sicut
449 1612 511 1664 auio
542 1615 627 1664 eliam
658 1610 778 1664 insanus
811 1610 945 1667 videtur„
972 1608 1063 1662 Habet
1083 1609 1165 1662 'sicin
1190 1612 1282 1663 etiam
1306 1611 1370 1665 cod.

212 1681 311 1734 Duisb.
355 1685 420 1734 Post
437 1681 549 1734 videtur
567 1676 760 1735 additur‘e'sae
786 1681 817 1732 in
836 1682 921 1733 Godd.
948 1680 1033 1732 Vind.
1055 1685 1078 1735 1.
1097 1683 1122 1735 2.
1160 1682 1195 1734 ln
1213 1681 1289 1734 Edd.
1309 1690 1372 1734 ante

210 1743 305 1805 ‘Geblu
327 1759 369 1803 est
387 1751 448 1804 aula
466 1751 550 1805 eliam
569 1750 689 1815 videtur,
723 1760 756 1803 ut
781 1752 821 1803 ait
840 1752 887 1804 Or.
906 1753 991 1812 Vere,
1018 1753 1042 1802 si
1067 1751 1193 1820 excipias
1210 1749 1267 1805 Ed.
1287 1753 1371 1805 Leod.

211 1817 286 1892 quae
306 1823 363 1873 iam
381 1831 512 1875 nostrum
530 1822 625 1895 babet!
635 1823 790 1875 verborum
807 1822 947 1874 ordinem.
981 1822 1016 1873 In
1026 1822 1078 1874 Ed.
1099 1823 1198 1876 llerw.
1217 1839 1371 1893 perperam

213 1902 257 1946 est
275 1892 411 1947 insanie.
450 1892 591 1964 Sequitur
608 1894 640 1945 in
658 1909 715 1946 uno
735 1893 784 1945 Ox.
806 1895 915 1963 adpro
935 1899 974 1958 at,
995 1894 1027 1944 in
1045 1895 1119 1945 lton.
1141 1897 1165 1948 l.
1192 1899 1294 1961 etque
1319 1909 1372 1965 pro

213 1969 244 2018 ot
285 1981 353 2018 uas.
389 1964 452 2016 Mr.

262 1983 360 2092 anos
379 2032 545 2102 tragoediae
563 2032 666 2098 eflicit]
704 2033 752 2086 Sic
769 2036 838 2109 Reg.
860 2044 889 2087 et
906 2035 1053 2097 Pithoean'.
1083 2033 1179 2109 Vulgo
1196 2034 1303 2101 effeea't.
1329 2034 1370 2088 cl.

213 2114 309 2158 autem
327 2107 475 2159 Bentleius
495 2107 609 2174 reponit
632 2120 700 2175 qaae
725 2105 891 2174 tragoedias
910 2104 1007 2172 effutit.
1046 2105 1082 2158 D.

285 2176 324 2228 Ae
348 2192 419 2245 puae
444 2177 611 2243 tragoedias
635 2177 777 2242 efficit]
811 2176 931 2248 Recepit
955 2176 1025 2229 Dav.
1054 2176 1086 2226 in
1110 2176 1163 2228 Ed.
1189 2178 1218 2232 2.
1246 2176 1371 2229 Bentleii

129 2258 132 2263 ”
209 2248 411 2309 ,coniecturam
430 2247 536 2312 effutit:
555 2248 589 2305 ad
608 2264 693 2315 quam
711 2249 782 2302 Ern.
814 2248 869 2312 „ld
891 2247 1022 2311 verbum,
1044 2247 1094 2311 ait,
1117 2247 1195 2298 mihi
1214 2248 1372 2322 tragoediis

212 2335 271 2371 non
290 2318 445 2369 convenire
463 2317 588 2372 videtur.
625 2317 801 2391 Tragoediae
820 2325 887 2370 sunt
905 2319 937 2370 in
955 2334 999 2379 eo,
1024 2318 1100 2386 quod
1118 2317 1263 2385 sequitur,
1290 2319 1372 2370 invo·

212 2388 340 2439 cationes
358 2386 492 2438 deorum:
512 2387 569 2439 hoo
587 2396 629 2439 est
647 2388 813 2453 tragoedias
831 2391 934 2456 facere.
963 2390 1064 2456 ltaque
1077 2389 1172 2458 potius
1191 2386 1281 2453 efficit
1297 2389 1371 2454 dedi,

212 2466 246 2509 ut
265 2465 308 2510 est
327 2458 358 2508 in
377 2457 498 2510 Guels.“
525 2459 591 2510 Non
611 2475 671 2510 esse
689 2459 876 2511 dubitandum
892 2461 926 2512 de
943 2458 1066 2511 veritate
1085 2458 1255 2528 scriptionis
1275 2460 1371 2526 efficit,

213 2543 286 2597 quae
305 2529 342 2580 sit
362 2529 439 2581 idem
457 2529 534 2595 quod
552 2529 621 2580 alibi
640 2529 807 2596 tragoedias
826 2533 960 2592 excitare,
987 2529 1045 2595 [Or.
1066 2545 1119 2598 pro
1138 2528 1200 2580 ltlil.
1221 2528 1288 2596 18],
1307 2526 1377 2592 ζωυέ

210 2616 276 2671 cere
295 2599 444 2666 [Quinctil.
464 2599 513 2650 Vl.
536 2598 582 2664 1.],
601 2616 686 2664 agere
706 2599 751 2664 [de
771 2602 817 2653 Or.
838 2602 875 2654 11.
895 2601 918 2666 l.
938 2601 1022 2665 205AE
1051 2598 1121 2651 Add.
1144 2600 1263 2652 Ernest.
1290 2600 1370 2654 Clas.

213 2670 274 2724 Cic.
294 2689 321 2723 v.
341 2669 516 2737 tragoediae.
554 2671 596 2723 Ad
616 2673 789 2723 sententiam
812 2672 967 2724 locutionis
989 2671 1070 2740 quasi
1096 2670 1289 2740 proverbialis
1311 2679 1371 2724 tre·
1409 2720 1412 2725 .

213 2741 333 2806 goediaa
351 2741 475 2793 excitare
493 2739 552 2796 vid.
571 2741 684 2793 Erasini
704 2750 732 2793 et
750 2742 874 2794 aliorum
892 2742 1002 2816 Adagia
1025 2759 1054 2810 p.
1067 2743 1119 2796 m.
1144 2749 1174 2792 et
1195 2742 1370 2811 praesertim

212 2829 240 2882 p.
260 2814 321 2866 419.
359 2812 482 2884 Legitur
499 2819 594 2862 autern
613 2811 698 2878 efficit
717 2813 747 2863 in
767 2813 852 2868 Godd.
872 2813 980 2865 duobus
999 2813 1069 2865 Oxx.
1089 2811 1162 2883 Aug.
1182 2810 1274 2864 Rehd.
1296 2812 1368 2865 Gud.

146 2904 155 2922 κ
211 2883 288 2933 ltlon.
309 2884 334 2936 2.
355 2889 393 2947 et,
413 2884 482 2950 quos
500 2881 596 2933 laudat
615 2883 695 2948 Dav„
715 2884 783 2958 Reg.
795 2883 870 2936 Pitb.
900 2885 934 2936 ln
944 2883 1031 2936 Marb.
1052 2890 1094 2935 est
1113 2880 1193 2949 fecit,
1212 2882 1246 2933 in
1257 2882 1333 2936 Gud.
1342 2886 1367 2940 2.

212 2950 319 3018 fecerit.
356 2952 474 3020 Reliqui
497 2952 597 3017 effecit.
633 2954 695 3006 Mr.
782 2967 788 2981 ’

286 3022 333 3088 Te,
352 3022 454 3092 Apollo
472 3023 595 3090 sanda]
632 3024 754 3088 „Solem
780 3025 947 3096 alloquitur.
985 3024 1041 3079 Sed
1080 3041 1132 3077 uae
1150 3024 1205 3077 ista
1222 3025 1370 3079 formula?

210 3094 333 3147 Videtur
350 3095 521 3168 legendum:
545 3094 596 3159 Tu,
614 3095 725 3162 Apollo,
745 3105 793 3147 aut
812 3103 837 3148 te
854 3095 1040 3149 delendum.“
1086 3096 1170 3148 insen.
1200 3097 1266 3150 Hoc
1282 3097 1369 3149 nimi-

211 3179 278 3216 rum
295 3167 468 3229 nesciebant,
489 3165 536 3234 qui
555 3164 607 3217 hos
624 3166 712 3219 libros
732 3166 894 3231 ediderunt,
913 3169 975 3227 fere
995 3183 1108 3220 omnes:
1131 3166 1190 3219 dici
1209 3184 1269 3220 nou
1287 3185 1366 3238 posse

209 3239 241 3287 'le
258 3239 302 3302 fer
320 3252 406 3304 epm.
444 3237 511 3288 Non
536 3237 626 3310 magis
649 3245 746 3288 tamen
773 3238 868 3290 locum
893 3237 1070 3290 intellexisse
1093 3237 1235 3290 videntur
1252 3239 1289 3303 ii,
1319 3239 1366 3308 qui

209 3305 318 3359 dudum
337 3315 528 3359 correxerunt
546 3312 573 3359 et
591 3323 644 3376 pro
663 3314 700 3373 te,
719 3316 752 3359 ut
771 3316 813 3361 est
832 3310 863 3359 in
880 3309 1028 3378 plerisque
1045 3306 1143 3373 librisj
1159 3308 1209 3360 vel
1227 3310 1368 3378 antiquis-

209 3371 300 3433 simis„
336 3376 471 3429 Tuentur
493 3386 588 3429 tamen
613 3382 640 3428 le
665 3378 792 3447 quinque
819 3379 894 3431 Oxx:
914 3379 997 3431 Vind.
1017 3382 1042 3434 2.
1071 3378 1146 3431 (tud.
1170 3379 1270 3433 Duisb.
1295 3373 1384 3434 nid(

210 3447 291 3500 Junt.
313 3447 377 3499 Asc.
397 3448 423 3502 2.
443 3447 476 3502 V.
495 3446 562 3500 llob.
582 3443 804 3517 Steptherw.
823 3451 856 3502 E.
878 3450 915 3501 Μ.
935 3451 967 3505 L.
987 3451 1051 3502 car.
1072 3447 1171 3519 Stepli.
1197 3449 1265 3502 Ald.
1284 3449 1364 3504 Boul.
1411 3472 1413 3513 2

209 3534 288 3640 lli·
304 3516 331 3645 1⁰
332 3517 512 3656 ⁰lavllli2¹
517 3556 533 3641 i
541 3517 748 3658 ehllllfll‘i
753 3521 895 3659 ‘ballii
916 3520 1161 3659 siltfllrl‘z
1181 3521 1367 3662 bilbili?

279 3627 284 3640 ·
325 3632 330 3643 ·
517 3650 519 3654 ,
895 3631 901 3643 ·
1009 3629 1015 3642 ·
1356 3627 1365 3655 9
1411 3646 1413 3657 .

210 3659 285 3716 Gud.
308 3666 330 3711 t.
350 3660 668 3728 tequeaomnipotens:
696 3663 772 3730 quod
795 3679 814 3715 o
838 3671 934 3714 ortum
958 3663 1075 3714 videtur
1093 3678 1171 3714 exo.
1199 3664 1266 3715 rm
1290 3672 1367 3715 mua·
1411 3679 1413 3697 ²

208 3730 275 3782 dum
292 3748 365 3780 unus
385 3733 435 3783 Ox.
455 3729 540 3782 habet
559 3730 696 3796 invidum,
721 3733 794 3785 alius
816 3734 929 3786 omittit
945 3748 984 3801 ae,
1009 3733 1082 3784 alius
1109 3748 1140 3784 ee
1157 3732 1210 3798 (κάς
1242 3736 1320 3786 Mon.
1341 3738 1364 3789 1.

192 3797 293 3858 [babet
312 3801 371 3852 red
390 3800 435 3852 ad.
454 3800 543 3852 Rehd.
563 3816 594 3852 ae
612 3802 808 3869 editiorem,
837 3805 910 3856 Gud.
930 3819 1053 3857 amorem
1071 3802 1241 3856 culleoot.
1268 3803 1365 3856 Duisb.

208 3885 274 3921 eum
294 3870 367 3922 Gud.
387 3873 413 3924 2.
434 3871 545 3923 omittit
563 3887 775 3939 conversurum
801 3876 947 3945 posterior
969 3876 1055 3928 habet
1077 3880 1164 3926 totum
1182 3875 1215 3940 esst
1232 3888 1363 3930 anacteas.

282 3941 414 3994 Venerem
440 3956 521 3993 anam
547 3943 684 4009 excludi&
713 3952 744 3997 ut
766 3945 920 4015 iniquomt]
957 3949 1037 4011 „Pro
1060 3944 1188 4014 iniquam
1211 3944 1365 3999 Turnebus

206 4007 326 4064 Advers.
346 4011 408 4063 Lib.
429 4013 492 4064 Vll.
512 4029 536 4064 o.
560 4017 600 4070 18.
620 4030 734 4082 aequam
752 4018 867 4088 reponit
890 4034 926 4068 ex
943 4018 1064 4086 antiquo
1081 4015 1172 4068 libro:
1204 4018 1366 4086 nequitiam

190 4082 285 4134 -enim
303 4084 423 4136 Veneris
446 4092 556 4136 tantam
583 4102 642 4137 esse
661 4097 767 4153 censet,
797 4097 829 4139 ut
852 4089 984 4157 precanti
1009 4104 1093 4158 opem
1114 4102 1172 4138 non
1196 4086 1237 4138 sit
1262 4087 1367 4145 latura,

205 4155 401 4224 voluptatibus
424 4163 542 4208 avocata
571 4164 657 4224 atque
683 4158 797 4228 capta.“
822 4159 884 4211 Fre.
911 4154 1012 4212 Falla(
1040 4159 1133 4210 Locus
1160 4156 1297 4212 Turnebi
1326 4165 1366 4211 est

204 4241 234 4292 p.
254 4227 315 4280 228.
335 4226 377 4278 ed.
398 4224 485 4278 Paris.
504 4255 536 4266 -
557 4226 623 4282 (lod.
640 4229 723 4280 Vind.
737 4234 761 4284 l.
779 4229 864 4281 habet
882 4228 1006 4282 excludit
1022 4243 1115 4292 auom,
1134 4227 1235 4280 Duisb.
1255 4229 1367 4283 omittit

204 4310 295 4359 anam.
334 4298 437 4351 Merito
456 4296 656 4367 improbarunt
674 4300 803 4353 Turnebi
822 4301 1050 4360 emendationem
1067 4297 1152 4352 Scbz.
1173 4308 1205 4352 et
1218 4299 1365 4357 FAWolf.

203 4366 234 4416 in
259 4367 374 4431 scholis,
416 4382 539 4435 quorum
572 4370 717 4437 posterior
742 4373 875 4423 admonet
901 4371 972 4425 dicti
996 4370 1136 4440 oppositi=
1167 4384 1237 4437 quoe
1262 4386 1367 4442 nepem

203 4440 310 4493 amavit
330 4440 441 4508 Iupiter
460 4436 549 4508 [quod
576 4448 618 4491 est
645 4441 721 4510 opud
745 4443 825 4518 Virgf
852 4440 989 4497 AenaVl.
1017 4443 1076 4498 129.
1102 4438 1170 4515 εΗ.
1210 4445 1281 4497 Mox'
1300 4440 1364 4498 Ocd.
