2842 5070
506 305 796 382 ulutantes.
886 330 889 335 ·
1027 323 1036 372 >
1167 307 1229 376 211

185 502 187 510 ·
244 473 289 541 Ut
310 471 369 537 uta
390 471 434 535 od
453 471 537 537 alios
557 469 646 536 dicto
666 481 699 534 et
718 482 890 555 praecepte
911 470 1075 536 decident.
1231 538 1233 544 s

76 552 171 620 Haec
192 578 293 642 quum
322 557 504 639 disputant,
536 556 603 628 hoc,
620 555 756 619 student
777 558 919 633 efficere,
952 566 1092 618 naturae
1114 556 1234 623 obsisti

76 640 170 703 nullo
191 639 293 702 modo
313 659 427 722 posset
447 639 483 700 hi
504 648 614 701 tamen
635 641 785 702 fetentur
805 641 979 724 graviores
1001 638 1231 723 aegritudines

10 775 11 783 ,
77 723 216 805 suscipi,
250 730 499 804 quam-natura
529 729 635 805 cogat.
683 721 774 784 Quae
796 729 847 784 est
873 724 886 783 i
911 723 979 782 itur
1007 719 1170 783 amentia?
1191 729 1231 783 nt

76 824 137 866 nos
160 823 289 888 quoque
309 806 350 867 ab
371 805 437 866 illis
459 803 550 866 idem
571 804 789 886 requiramus.
834 741 909 867 Seri
920 805 1033 886 plures
1054 813 1133 866 sunt
1153 824 1235 869 caus
1249 812 1293 873 72.
1332 883 1335 888 ,

77 1005 153 1045 mus:
172 997 207 1046 ut
226 991 275 1062 qui
291 1006 338 1052 eos
355 996 391 1042 ut
410 987 592 1044 libentissime
610 991 704 1055 iniret,
723 989 765 1045 s'ta
783 988 878 1055 finiret
902 1006 987 1060 semro
1002 992 1106 1045 animo:
1132 991 1181 1044 ubi
1199 998 1230 1045 ut
1255 1053 1257 1057 ,

77 1061 121 1115 bis
138 1064 258 1135 ponitur
275 1062 386 1115 diversa
409 1062 561 1127 sententia,
587 1068 616 1114 et
643 1063 751 1132 optime
770 1062 896 1132 quidem,
915 1063 969 1122 sed
995 1063 1079 1127 modo
1098 1080 1113 1114 a
1132 1071 1231 1116 nostro

77 1130 143 1187 loco
160 1129 245 1205 plene
263 1133 368 1196 alieno)
389 1133 412 1184 is
433 1132 443 1182 i
466 1133 527 1184 itur
540 1132 652 1203 Wopk.
672 1135 780 1185 frustra
798 1133 939 1185 librorum
956 1133 1078 1185 lectioni
1098 1143 1126 1186 et
1144 1134 1237 1203 plano·

76 1200 177 1258 absone
195 1206 403 1276 patrocinatur.
440 1149 553 1256 fiabent
571 1199 688 1273 quidem
713 1200 840 1256 illud⁸ut
858 1211 887 1257 et
904 1204 1027 1273 plurimi
1052 1213 1081 1257 et
1107 1205 1229 1274 optimi3

75 1291 169 1345 neque
194 1292 247 1352 ego
271 1275 295 1326 is
319 1292 392 1339 sum,
418 1274 471 1344 qui
496 1275 674 1327 contendam
688 1291 792 1345 paucos
819 1275 886 1328 illos
912 1275 1010 1341 libros,
1046 1293 1139 1344 neque
1162 1275 1231 1329 illos

76 1347 193 1416 quidem
212 1345 337 1418 optimae
356 1353 439 1399 notae
458 1343 536 1409 (sunt
554 1346 609 1398 duo
628 1344 726 1410 (lxm),
745 1363 844 1399 veram
853 1346 1001 1399 Ciceronis
1019 1363 1136 1398 ananum
1154 1347 1229 1399 solos

75 1435 209 1471 servasse.
247 1416 303 1471 Sed
326 1421 357 1469 ut
380 1415 489 1468 servari
512 1423 592 1468 vetat
617 1417 803 1468 orammatica
828 1416 918 1468 ratio:
945 1416 1159 1470 Bouherienum
1177 1415 1230 1470 heu

75 1490 249 1542 substituere
267 1503 325 1540 non
342 1486 456 1556 patitur
473 1460 633 1552 sententia?
649 1487 679 1537 in
697 1503 784 1557 quam
802 1486 858 1539 hoc
884 1483 980 1546 πάθος,
998 1488 1118 1541 minime
1138 1489 1228 1541 cadit:

74 1575 169 1629 neque
189 1576 256 1613 cum
272 1575 376 1611 verum
399 1555 504 1609 vidisse
529 1558 625 1623 credo,
652 1558 703 1627 qui
722 1556 753 1607 in
772 1557 840 1609 Cod.
861 1557 933 1610 Gud
954 1556 980 1614 2
1009 1559 1126 1626 scripsit
1149 1558 1230 1611 clude

74 1635 107 1682 et
131 1630 230 1685 subita.
267 1627 389 1699 Aliquid
414 1627 506 1681 latere
529 1629 646 1682 videtur
672 1624 703 1679 in
729 1626 784 1679 ista
811 1627 929 1691 vocula,
958 1628 1034 1697 qnod
1060 1629 1229 1682 hariolando

75 1701 222 1754 coniicere
246 1697 326 1753 nolo:
363 1697 453 1749 malui
479 1698 490 1748 i
512 1698 574 1759 itur
599 1699 680 1767 sequi
704 1698 776 1750 Edu.
802 1696 835 1750 A.
860 1693 891 1750 B.
916 1699 950 1750 E.
977 1700 1009 1751 1..
1034 1701 1104 1752 Vcn.
1137 1708 1233 1752 nostru
1288 1718 1297 1740 ι

75 1767 476 1826 Hwolf.nav.1.atl.01iv.
520 1766 641 1824 Awotf.
662 1768 746 1821 Schz.
768 1769 814 1821 Or.
835 1765 907 1822 Ttn.
945 1766 979 1822 ln
998 1771 1083 1823 Codd.
1104 1773 1178 1822 Mon.
1199 1771 1228 1826 1.

75 1841 183 1895 duobus
207 1841 276 1894 Oxx.
302 1849 331 1893 et
354 1839 380 1890 A
422 1878 428 1890 .
457 1839 485 1892 le
507 1840 568 1892 itur
593 1839 794 1906 franguntur,
826 1839 857 1890 in
875 1843 945 1892 Ven.
973 1850 1062 1893 nostr.
1083 1840 1227 1907 frangat.

75 1914 169 1966 Versu
187 1912 292 1964 ultimo
310 1910 363 1963 Ed.
412 1910 473 1965 Wo
501 1947 507 1961 .
528 1909 726 1973 nescio'unde,
746 1909 786 1962 ud
803 1909 872 1975 ulia,
896 1910 945 1962 sed
967 1910 998 1962 in
1025 1930 1088 1964 tnar
1110 1951 1116 1963 .
1143 1911 1226 1967 alios.

74 1983 153 2038 Illud
170 1982 260 2036 nihili
277 1987 334 2034 est.¹
367 1981 442 2034 Tum
462 1981 534 2034 Gud.
556 1984 581 2035 l.
602 1996 617 2031 a
635 1993 678 2050 pr.
699 1997 735 2030 m.
756 1987 959 2049 expraecepta,
984 1999 1058 2037 unus
1078 1931 1128 2034 ng.
1155 1983 1229 2035 enci·

75 2059 138 2109 tunt
154 2051 388 2127 proexct'daut.
426 2050 471 2105 Ad
486 2050 517 2104 1ι.
537 2069 564 2103 v.
586 2046 812 2124 intelligendum
831 2068 890 2104 esse
908 2052 1054 2118 memoria,
1073 2054 1123 2107 vel
1137 2059 1229 2107 mente

73 2125 124 2179 vel
141 2125 235 2178 unimo
253 2123 439 2176 manifestum
458 2131 508 2175 est.
546 2117 606 2176 Mr.

146 2197 224 2249 Haec
246 2211 331 2265 quum
355 2193 508 2262 disputant]
546 2194 633 2249 Quum
656 2193 734 2245 abest
760 2210 775 2244 s
799 2191 865 2247 (lod.
893 2192 967 2246 Gud.
982 2195 1013 2248 2.
1040 2191 1107 2248 Cod.
1135 2194 1228 2248 iiehd.¹

74 2265 161 2319 habet
183 2265 274 2320 daec.
311 2267 346 2318 in
369 2282 447 2334 seqq.
476 2267 551 2317 Mon.
571 2261 597 2318 2.
624 2262 710 2316 habet
741 2269 867 2327 nature,
898 2264 971 2317 Gud.
997 2268 1023 2320 2.
1056 2265 1228 2319 obsistere.

73 2337 171 2390 Duisb.
198 2337 274 2390 uallo
299 2336 378 2388 modo
400 2331 509 2388 obsisti.
547 2336 612 2387 Post
633 2350 711 2403 posse
734 2335 837 2405 scripsi
855 2331 886 2387 lu*
904 2351 938 2387 ex
957 2335 1041 2390 uodo.
1062 2338 1131 2412 Reg.
1152 2335 1226 2391 Gud.

75 2410 101 2462 l.
121 2410 147 2462 2.
166 2406 254 2460 Rehd.
274 2406 362 2458 Marb.
381 2408 456 2458 Mon.
477 2407 503 2458 2
524 2421 589 2457 cum
607 2405 677 2456 Dar.
698 2409 726 2457 et
744 2403 816 2458 Edd.
835 2405 869 2458 E.
890 2406 1015 2458 HWolf.
1041 2420 1107 2460 cum
1132 2407 1163 2460 in
1182 2425 1229 2460 re·

62 2476 163 2547 ·liquis
181 2477 220 2530 sit
238 2477 263 2530 ἐπ’
279 2475 323 2542 (in
340 2475 437 2528 Duisb.
456 2472 523 2538 hii).
560 2475 659 2528 Malim
677 2482 775 2546 tamen
793 2492 859 2527 cum
876 2476 1000 2528 Ernesto
1028 2477 1125 2540 iidem,
1152 2478 1228 2547 quod

75 2565 129 2601 nec
148 2542 310 2601 FAWullio
337 2545 369 2598 iu
386 2546 493 2600 scholis
512 2545 655 2616 displicet.
692 2547 805 2599 Nissen.
835 2546 914 2599 adv.
933 2544 965 2600 tt
987 2552 1078 2602 tamen
1103 2551 1228 2615 fatentur

75 2617 240 2690 explicandi
263 2617 460 2670 causaeddit:
498 2633 592 2683 „eum
619 2617 742 2669 aliorum
775 2632 923 2670 aerumnas
957 2617 1041 2673 dietis
1068 2618 1228 2672 allevant.“

73 2688 155 2743 Unus
173 2691 223 2744 Ox.
243 2682 329 2742 habet
346 2687 511 2753 faterentur,
530 2687 604 2740 alius
621 2689 771 2754 fateantur.
796 2687 870 2741 Gud.
888 2689 915 2743 2.
942 2682 1028 2743 habet
1051 2689 1083 2742 iu’
1110 2697 1229 2744 tentus

72 2778 154 2830 grav.
174 2762 229 2814 Pro
247 2761 353 2829 suscipi
370 2777 442 2810 unus
460 2759 511 2812 Ox.
532 2767 561 2812 et
579 2759 662 2811 Vind.
684 2764 708 2815 1.
730 2758 815 2836 effici,
835 2759 912 2829 quod
931 2758 1100 2831 interpretis
1119 2771 1161 2814 est
1178 2760 1245 2815 uel¹
1313 2809 1321 2826 ,

94 2831 238 2886 lossatoris
257 2830 398 2883 nonsatis
417 2830 503 2882 docti.
541 2832 617 2883 Nota
635 2838 677 2883 est
695 2831 868 2914 significatio
887 2831 969 2883 verbi
992 2829 1174 2899 suscipiendi,
1202 2832 1227 2886 si
1328 2832 1331 2837 '

12 2903 15 2908 ’
73 2903 209 2976 tangitur
235 2918 301 2953 cum
326 2900 434 2968 doloro,
459 2899 683 2966 negritude'ueet
709 2900 864 2954 sunilibus:
891 2902 928 2952 cf.
949 2918 1035 2972 supra
1053 2905 1075 2957 1.
1095 2907 1138 2959 46.
1162 2909 1225 2960 111:

74 2978 228 3040 susceptum
254 2970 379 3023 dolorem
405 2971 513 3024 urediee
534 2972 618 3035 ferre.
646 2972 692 3024 Or.
718 2965 749 3022 in
771 2973 866 3024 Vatin.
887 2973 914 3037 8,
934 2976 982 3029 loz
1011 2979 1050 3040 ut,
1078 2975 1229 3046 quicunque
1270 2964 1285 2980 “

76 3050 102 3097 te
121 3043 285 3111 aspexisset,
305 3039 430 3093 dolorem
447 3041 631 3111 gemitumque
649 3037 809 3111 susciperet.
847 3043 909 3096 Mr.

147 3132 223 3187 Quae
245 3133 288 3182 est
315 3128 408 3197 igitur
434 3128 593 3195 amentiae]
631 3129 705 3182 Gud.
733 3132 760 3185 2.
796 3130 907 3183 omittit
935 3127 1034 3200 igitur.
1078 3130 1228 3185 Scribitur

76 3202 152 3258 Quae
170 3200 319 3268 igiturest
337 3199 368 3250 in
387 3198 459 3251 Edd.
478 3203 512 3250 A.
531 3199 562 3252 B.
583 3199 613 3252 C.
633 3202 704 3271 Ven.
725 3207 813 3252 nostr.
834 3198 897 3252 Asc.
917 3203 943 3261 2.
963 3204 1061 3265 Junt.;
1082 3217 1150 3269 quae
1168 3202 1228 3270 igi*-

74 3280 121 3327 tur
140 3272 252 3338 (omisso
271 3271 324 3337 est)
343 3270 375 3322 in
393 3264 464 3322 Eud.
485 3270 520 3322 Μ.
541 3269 607 3322 Ald.
627 3269 741 3325 Larnbb·
762 3269 848 3322 Goth.
874 3270 938 3323 Asc.
960 3276 984 3327 l.
1011 3268 1119 3325 Sturm.
1143 3273 1226 3325 Boul.
1274 3300 1278 3306 ·

75 3344 156 3396 Brut.
176 3342 256 3414 sylb.
277 3342 309 3393 in
327 3340 386 3393 sola
403 3336 456 3392 Ed.
476 3341 505 3392 P.
526 3355 594 3410 quae
612 3337 706 3408 igilur
725 3343 845 3395 amentia
864 3348 913 3395 esi.
950 3343 1011 3394 Mt.

143 3421 173 3466 ut
192 3431 241 3468 nos
259 3427 365 3482 quoque
383 3408 458 3482 idem
475 3409 509 3464 ad
529 3412 599 3464 otiis
618 3408 807 3480 requiremus]
831 3448 851 3477 ‚,
860 3412 903 3464 Aa
921 3412 984 3467 itti
991 3427 1005 3464 s
1024 3412 1228 3498 magisplacef‚

73 3493 107 3537 ut
130 3485 240 3561 legitur
264 3485 295 3537 in
319 3482 545 3552 manuscripto.‘⁴
573 3481 711 3540 Ursinus„
740 3483 821 3548 „Hic
845 3482 957 3554 aliquid
983 3483 1077 3536 deesse
1104 3485 1228 3553 videtur,

75 3554 107 3607 in
126 3573 181 3625 quo
200 3555 238 3609 sit
257 3554 390 3617 amentia,
410 3568 448 3606 sc.
466 3554 615 3638 graviores
632 3553 829 3628 aegritudines
847 3555 1001 3625 suscipere,
1021 3573 1108 3624 quam
1125 3565 1230 3609 natura

75 3636 167 3748 cpgat.
187 3634 250 3708 tum
261 3623 650 3748 1Ῑὶὼιοεξὶ,1)ιινῐὶειίῒἓοιήὲοῑὶο
670 3620 704 3678 ab
724 3621 773 3679 s‘ll
779 3625 790 3678 ι’
796 3641 810 3678 s
828 3623 902 3679 idem
919 3623 1106 3698 requiramus,
1124 3629 1253 3699 nempe]

76 3715 92 3748 a
128 3714 164 3749 us
284 3711 333 3751 aec
371 3714 393 3748 rs
414 3714 433 3749 u
448 3713 505 3747 an.
590 3712 635 3749 ru.
1050 3749 1055 3758 ,

115 3759 116 3763 ’
145 3711 283 3819 1116111131)
310 3765 375 3817 aliis
394 3713 587 3835 iuquit-emus]
623 3764 726 3820 Ursini
752 3764 827 3821 liber
846 3765 879 3820 ud
899 3763 968 3832 t'llis,
995 3763 1071 3838 quod
1088 3767 1153 3822 viro
1177 3769 1228 3823 illi
1258 3797 1261 3803 ¹

74 3837 159 3889 docto
178 3835 242 3888 iure
260 3835 367 3906 placet:
388 3835 510 3907 respicit
529 3837 607 3889 enim
625 3836 659 3899 ad
677 3835 716 3903 id,
737 3834 813 3906 quod
831 3855 916 3907 supra
934 3838 1226 3910 dixerantnEpicurei,
1252 3852 1254 3859 ’

76 3905 144 3964 Quis
161 3911 220 3959 tum
238 3905 356 3972 demens,
375 3910 406 3958 ut
422 3921 474 3965 suu
492 3909 632 3961 uoluntate
651 3908 797 3960 moereat?
832 3907 869 3967 D.

30 4065 32 4070 Α
146 4000 178 4048 ut
197 4011 248 4055 nes
266 4011 369 4065 quoque
385 3993 458 4057 idem
477 3995 511 4047 ab
529 3991 599 4051 aliis
616 3996 803 4066 requiramus]
815 3983 820 3990 ”
833 3998 958 4062 „Verba
979 3997 1054 4054 Quae
1073 4005 1113 4052 est
1132 4000 1227 4068 igitur

72 4065 218 4124 amentia?
237 4073 269 4117 ut
286 4096 314 4107 -
337 4063 512 4133 requiramus
528 4069 701 4136 respondent
719 4069 927 4137 superioribus:
949 4071 1017 4130 Quis
1036 4076 1094 4123 tum
1104 4072 1225 4138 demens,

73 4145 104 4192 ut
128 4152 181 4191 sua
205 4138 343 4189 uoluntate
369 4135 513 4188 moereat?
549 4136 671 4199 Sensust
698 4135 829 4206 quomodo
854 4135 947 4206 igitur
971 4157 1021 4194 nos
1039 4150 1170 4204 amentes,
1184 4143 1227 4195 si

73 4225 126 4263 uos
143 4209 217 4262 idem
242 4208 276 4260 od
301 4203 371 4260 eliis
395 4205 580 4273 requiramus,
606 4222 640 4260 ue
666 4211 813 4276 grauiores
839 4209 1034 4275 aegritudines
1057 4211 1225 4280 suscipiunt,

73 4296 158 4350 quum
176 4286 278 4333 natura
296 4276 403 4346 cogat?
438 4278 484 4352 lie
500 4294 570 4331 vero
589 4278 727 4331 reticeam
746 4279 922 4353 ingeniosam
940 4281 1051 4334 Davisii
1070 4283 1227 4334 correctio-

74 4368 141 4406 nem
160 4350 309 4409 abillis.
350 4350 394 4403 Ita
421 4365 516 4401 sensus
540 4347 590 4400 hic
613 4357 668 4416 θεῖς
708 4351 782 4405 Quae
799 4356 841 4402 est
862 4349 957 4418 igitur
975 4369 1068 4406 eorum
1086 4351 1226 4405 uirentia?
1249 4354 1257 4374 ‘

71 4422 114 4488 (ut
139 4437 193 4480 uos
214 4436 323 4491 quoque
342 4419 418 4474 t'dem
435 4419 471 4472 ed
494 4418 557 4474 tute
575 4417 761 4490 requiramus,
788 4421 860 4490 quod
875 4437 902 4491 ‚u
919 4424 998 4479 uobis
1025 4416 1225 4492 requisiverunt

936 4531 1000 4592 lt*
