2842 5070
364 303 369 311 ·
453 250 456 255 ‘
533 291 883 374 <mummia
952 334 955 338 -
1091 297 1097 309 ¹
1240 291 1304 357 soi

150 438 564 529 iontem-essomeeroris.
588 457 950 541 'Philosopbisuinmi
970 466 1079 540 neam
1092 455 1172 520 dnm
1193 464 1304 520 tamen
1320 459 1366 516 ω’.

149 549 345 630 sapientiam
374 544 556 621 consecuti,
584 541 915 626 nonne'iutelligunt
935 541 973 602 in
995 552 1124 602 summo
1152 557 1188 602 so
1218 543 1304 603 malo

151 730 267 782 causum
284 735 365 797 atque
383 730 492 794 fontem.
506 725 607 777 'nimis
629 723 758 794 illepide.
789 723 886 779 Lamb.
912 722 1054 776 arbitratu
1077 727 1151 777 suo:x
1178 722 1306 793 intelligi
1348 773 1351 778 .

153 806 342 922 secessisset?³
357 815 396 921 pp
402 797 569 868 inionem,
594 811 651 848 nnn
667 812 728 850 rm
745 796 849 865 ipsam„
872 809 991 848 canaam.
1027 793 1074 846 An
1091 794 1208 848 honest
1225 795 1303 850 MSS.

152 887 183 923 se
204 871 256 921 ui?
281 912 287 923 ,
311 883 313 886 ·
342 885 358 922 e
394 906 400 920 .
703 882 705 886 ·
1051 877 1056 887 ’

183 888 287 992 qNon
304 955 362 993 rem
380 938 473 1007 ipsum
496 952 608 989 causum
636 942 719 1004 atque
746 937 849 1002 fontem
867 951 927 988 esse
944 933 1092 1000 moeroris]
1121 935 1224 1008 Vulgo,
1252 953 1307 990 noo

153 1025 214 1062 rem
231 1012 321 1078 ipsam
340 1016 420 1078 atque
437 1023 559 1072 causam,
579 1010 683 1074 fontem
700 1021 760 1058 eoae
777 1008 924 1058 moeroris.
962 1006 1048 1072 Quasi
1065 1022 1147 1059 causa
1165 1008 1305 1060 moeroris

153 1088 213 1132 non
227 1083 302 1144 esset
320 1080 379 1132 eins
397 1080 475 1131 fons!
512 1075 569 1138 Sed
584 1085 650 1128 'tam
676 1076 809 1146 ineptum
827 1084 882 1140 eat,
910 1083 944 1126 ut
970 1092 1029 1134 non
1055 1075 1112 1127 nisi
1130 1075 1163 1128 ab
1182 1075 1306 1129 indoctis

153 1150 292 1202 librariis
309 1149 457 1220 proficisci
495 1164 554 1200 osse
572 1146 684 1216 liquido
701 1147 789 1198 iures.
827 1147 886 1199 Nos
905 1146 998 1220 igitur
1022 1162 1084 1198 eam
1106 1146 1305 1199 revocavimus

152 1219 317 1285 lectionem,
353 1237 439 1289 quam
492 1226 610 1281 sasinus,
641 1216 793 1270 Victorius
816 1225 846 1269 et
880 1217 1026 1269 Manucius
1061 1224 1144 1271 erant
1178 1219 1304 1288 sequuti,

137 1306 295 1360 ‘quamque
313 1306 359 1342 res
377 1291 439 1358 ipsa
455 1288 574 1363 flagitat.
611 1287 648 1340 D.

224 1376 290 1414 non·
303 1375 363 1413 rem
386 1362 478 1427 ipsam
506 1366 589 1427 atque
614 1357 765 1428 cuipam]
800 1356 936 1425 [Culpam
963 1357 995 1408 in
1019 1356 1156 1410 lemmate
1188 1357 1306 1415 videtur

153 1439 251 1483 ortum
269 1430 372 1483 calami
390 1430 472 1500 lapsu
484 1429 516 1481 in
524 1431 576 1482 Ed.
590 1428 681 1481 Bouh.
706 1429 780 1491 Nam
790 1428 888 1494 nullus
897 1429 948 1480 ita
966 1427 1082 1480 exhibet
1100 1427 1196 1494 libem]
1216 1428 1305 1493 „Coti

153 1501 222 1575 lieg.
242 1502 340 1553 firmat
357 1501 535 1574 ingeniosam
554 1498 663 1551 Davisii
686 1499 893 1551 coniecturam:
919 1514 972 1550 noa
990 1513 1050 1551 aem
1068 1497 1168 1566 ipsam,
1193 1515 1306 1552 cansam
1393 1538 1398 1542 -

154 1577 237 1639 alque
264 1575 366 1638 fontem
389 1586 445 1624 ease
473 1570 620 1624 moeroris.
663 1569 811 1621 Accedunt
834 1568 906 1621 Edd.
937 1566 1001 1620 Ald.
1030 1575 1059 1620 et
1087 1569 1154 1621 nob.
1184 1568 1306 1638 Steph.“

154 1640 244 1695 Bonh.
281 1642 453 1715 „ingeniose
469 1641 598 1723 'quidem
615 1639 758 1691 Davisius:
790 1638 838 1691 sed
862 1653 910 1690 res
931 1646 960 1690 et
978 1653 1061 1691 causa
1079 1656 1161 1710 saepe
1181 1639 1306 1715 iungun-

155 1720 220 1764 tur:
249 1729 302 1764 nec
324 1711 463 1763 amovenda
486 1711 579 1785 igitur
592 1711 719 1783 ¹vulgata
745 1709 833 1761 lectio
860 1708 934 1762 ost.“
961 1709 1071 1764 Nissen.
1096 1711 1148 1762 »Et
1176 1711 1249 1764 ratio
1277 1717 1306 1763 et

156 1781 334 1850 optimorum
357 1782 498 1842 librorum
520 1780 673 1832 auctoritas
698 1779 778 1848 sequi
803 1779 880 1842 iubet
898 1779 1008 1831 Dahisii
1035 1780 1215 1832 sententiam.
1252 1782 1306 1833 Fa-

157 1851 241 1902 oiunt
260 1869 325 1903 oum
343 1855 377 1904 eo
396 1851 482 1904 codd.
502 1851 571 1926 Reg.
593 1848 716 1919 quatuor
733 1849 803 1902 Oxx.
822 1849 895 1924 Aug.
915 1849 1002 1901 Marb.
1021 1850 1093 1902 Edd.
1117 1851 1151 1902 A.
1170 1851 1201 1902 B.
1221 1850 1250 1906 S.
1269 1852 1304 1903 E.
1348 1872 1351 1877 ⁴

157 1921 189 1977 C.
208 1923 240 1977 V.
260 1924 296 1974 Μ.
316 1922 350 1975 L.
378 1930 407 1974 et
431 1929 543 1973 nostrae
569 1937 666 1973 omnes
689 1928 754 1972 ante
783 1917 883 1984 Gebh,
917 1936 1004 1986 quem
1034 1929 1195 1988 sequuntur
1220 1921 1304 1973 Verb.

156 1992 228 2044 Ern.
241 1981 388 2061 'AltsBip
408 1991 521 2044 Mannh.
540 1990 667 2044 Nissenii
692 1990 818 2042 defensio
841 1989 974 2042 lectionis
996 1990 1139 2065 vulgatae,
1167 2008 1253 2060 quam
1271 2008 1308 2044 ex

157 2070 230 2130 vett.
257 2062 316 2114 sola
338 2061 425 2115 habet
438 2063 503 2127 Ed.
523 2064 563 2128 1²,
594 2078 652 2114 non
674 2060 762 2112 fulcit
785 2077 855 2112 eam.
892 2060 959 2112 Non
987 2060 1061 2113 male
1088 2059 1155 2119 θοὰ.
1174 2061 1257 2113 Vind.
1280 2064 1305 2117 l.

156 2133 326 2199 semipsum
349 2135 478 2199 fontem
502 2139 607 2203 atque
630 2147 776 2184 oausam
797 2145 858 2183 ease
874 2131 1030 2184 moeroris.
1072 2131 1153 2184 Unus
1172 2131 1308 2201 Ora-post

107 2214 110 2219 '
135 2201 248 2277 ‚ipsum
265 2203 351 2256 habet
369 2220 454 2272 aeque
470 2219 523 2274 pro
542 2207 639 2273 atqua
663 2202 736 2255 alius
760 2204 889 2270 frontem,
914 2201 987 2254 alius
1006 2204 1115 2270 sortem,
1140 2201 1212 2255 alius
1231 2205 1308 2269 forte

178 2274 337 2338 rosentem.
377 2275 436 2326 Mr.
495 2304 497 2309 -
566 2307 568 2311 ν

156 2290 177 2342 P
229 2342 395 2411 Philosophi
411 2343 512 2396 sommi
531 2343 648 2413 quique,
673 2344 800 2411 nondum
822 2342 930 2410 lamen]
966 2342 1015 2398 sic
1034 2343 1142 2413 optime
1161 2343 1204 2398 cl.
1223 2344 1309 2396 Bent-

158 2411 246 2464 leius:
277 2430 344 2481 nain
365 2415 435 2486 Reg.
460 2413 606 2465 Pithoean.
629 2415 702 2467 Med.
728 2421 757 2466 et
783 2415 898 2467 Balliol.
927 2415 995 2466 dant
1020 2412 1180 2482 philosophi
1206 2411 1309 2466 summi

159 2498 257 2552 neque,
271 2483 397 2536 nondum
414 2491 469 2539 cet.
505 2483 600 2557 Vulgo
623 2481 782 2552 philosophi
799 2483 908 2550 summi,
931 2484 1111 2553 nequedum
1129 2491 1231 2537 tomen.
1269 2484 1306 2537 D.

230 2568 396 2638 Philosophi
406 2571 527 2636 mmmi,
548 2562 637 2639 ¹aeque
664 2566 728 2624 dom
755 2571 827 2638 etc]
863 2571 993 2639 „Nescio
1027 2587 1087 2642 cur
1106 2572 1253 2625 Bentleius
1279 2581 1309 2626 et

159 2638 254 2694 Daris.
274 2641 422 2716 corrigere
440 2641 589 2694 voluerint
607 2641 708 2694 ammi
730 2641 869 2711 quique,
890 2642 1040 2697 nondum
1065 2646 1163 2696 tomen.
1199 2645 1309 2710 'Verum

160 2720 203 2764 est
222 2712 338 2766 Codices
356 2712 518 2777 nonnullos,
546 2711 578 2762 in
599 2710 646 2764 his
670 2729 761 2763 unum
779 2729 892 2785 quoque
910 2713 990 2767 Leid.
1009 2729 1159 2782 meamque
1176 2712 1228 2766 Ed.
1248 2720 1308 2770 vet.

158 2781 264 2835 habere
292 2799 379 2852 neque
403 2784 534 2836 nondum.
571 2780 634 2834 Hoc
659 2799 729 2834 vero
756 2791 798 2834 est
819 2782 954 2845 mendum
981 2783 1175 2836 manifestum.
1216 2783 1310 2837 Error
1339 2803 1341 2809 ⁴

160 2860 255 2905 autem
275 2862 347 2920 esset
365 2853 520 2917 Ciceronis,
548 2853 573 2902 si
597 2851 707 2916 diceret
733 2868 855 2904 summos
873 2850 1058 2923 philosophos
1085 2870 1143 2907 non
1166 2862 1309 2907 assecutos

160 2939 219 2976 esse
238 2924 416 2992 sapientiam.
452 2922 550 2974 Aliter
572 2922 633 2989 ipse
658 2921 796 2973 sentiebat
822 2921 857 2973 de
882 2921 1008 2978 Socrate.
1044 2925 1174 2994 Respicit
1199 2924 1310 2978 Stoicos

158 3000 281 3056 tantum,
315 2993 365 3061 qui
392 2992 472 3043 inter
494 3007 634 3042 summam
657 2992 825 3061 sapientiam
843 3000 872 3044 et
898 3009 1039 3047 suinmam
1056 2995 1210 3047 stultitiam
1233 2993 1311 3047 nihil

160 3060 251 3112 medii
269 3078 327 3119 esse
345 3060 493 3112 volebant:
529 3061 699 3130 quod·cum'
718 3062 933 3128 contenderent,
962 3071 1035 3117 teste
1054 3063 1141 3116 Sexto
1159 3065 1310 3133 Empirico

160 3132 239 3184 v111.
258 3147 287 3187 n.
306 3133 367 3185 433.
388 3130 534 3183 neminem
559 3147 628 3183 vere
653 3131 811 3199 sapientem
836 3148 894 3184 esse
912 3133 1081 3199 statuebant,
1113 3134 1232 3202 ideoque
1255 3149 1312 3185 neo
1368 3192 1370 3196 μ

160 3201 316 3266 Zenonem,
335 3199 513 3266 Cleanthem,
523 3199 648 3270 Chrysip
668 3218 728 3264 um,
741 3206 807 3252 cum
824 3202 936 3253 fuerint
953 3220 1009 3264 res,
1029 3220 1096 3271 quas
1112 3202 1161 3255 vel
1178 3203 1210 3254 hi
1229 3204 1313 3276 igno·

161 3271 272 3324 rarent.>
307 3272 346 3323 Hi
365 3279 432 3323 suut
449 3272 496 3323 illi
514 3271 655 3344 summip
678 3269 814 3346 ilosophi;
840 3287 910 3340 quos
929 3271 1026 3325 intelli
1045 3273 1072 3322 it
1088 3271 1118 3324 h.
1138 3272 1158 3325 l.
1177 3270 1313 3325 Cicero-‘⁶

160 3340 251 3396 Bouh.
289 3343 444 3396 Neminem
470 3342 673 3412 obsequentem
692 3341 853 3393 habuerunt
879 3342 948 3394 Dav.
969 3344 998 3395 et
1039 3342 1109 3394 entl.
1146 3342 1247 3394 Lectio
1264 3358 1312 3395 ne-

162 3429 214 3480 que
236 3414 365 3478 nondum,
405 3431 490 3482 quam
518 3410 625 3465 habent
657 3411 746 3463 etiam
774 3411 867 3463 nostri
900 3411 984 3468 eodo.
1016 3411 1111 3467 Duisb.
1148 3412 1219 3465 Gud
1239 3416 1263 3467 1.
1283 3412 1309 3464 2.

161 3481 234 3556 Aug.
254 3491 285 3536 et
303 3502 352 3537 sex
371 3484 452 3548 Oxx,
471 3484 546 3536 inde
565 3490 627 3535 orta
646 3490 699 3546 est,
728 3482 804 3550 quod
828 3482 933 3549 aliquis
960 3483 1082 3536 lectioni
1105 3499 1200 3548 verae,
1228 3496 1313 3552 aeque

162 3554 237 3617 diam,
257 3555 496 3623 superscripserat
515 3553 646 3617 nondum,
667 3552 743 3621 quod
760 3559 857 3620 postea
874 3552 955 3604 iuxta
972 3566 1059 3621 aeque
1078 3553 1205 3622 irrepsit.
1235 3552 1314 3604 Sori-

161 3622 243 3675 bitur
259 3625 377 3677 nundum
397 3625 428 3676 in
446 3625 533 3677 Marb.
545 3639 609 3681 „uno
628 3624 686 3675 (lai.>
700 3629 729 3674 et
746 3622 847 3687 Rehd,
874 3624 973 3675 nedum.
995 3623 1028 3675 in
1045 3622 1217 3690 Pal.,quart.
1238 3623 1312 3675 Gud.

163 3701 192 3745 et
210 3693 267 3746 MS.
289 3694 320 3744 in
332 3711 429 3767 ,mar-g.
448 3695 548 3758 Verb.;
568 3694 683 3746 necdum
701 3693 733 3743 in
750 3693 824 3745 Edd.
846 3701 911 3746 ante
930 3692 1173 3748 cahusacum.
1193 3694 1267 3745 Mon.
1289 3694 1314 3747 l.

161 3763 247 3822 Vind.
266 3765 298 3826 23
318 3777 376 3828 nec,
395 3763 496 3815 omisso
515 3765 579 3817 dum
599 3764 631 3814 in
649 3765 724 3815 Mon.
743 3764 769 3819 2.
804 3763 864 3816 Mr.
935 3824 937 3828 Α

235 3833 381 3887 nondum
399 3832 577 3900 intelligunt]
598 3835 723 3898 „diecto
741 3831 772 3886 N
775 3848 859 3885 onoc
876 3830 1048 3900 intelligunt,
1066 3840 1101 3886 ut
1118 3832 1242 3886 videtur.
1273 3832 1314 3887 Et

163 3901 207 3954 ita
223 3899 413 3958 Veneti-libri
430 3902 568 3955 habent.“
586 3903 732 3956 Gameror.
767 3904 821 3955 Est
839 3904 958 3956 nondum
982 3904 1013 3954 in
1038 3903 1110 3961 Edd.
1130 3906 1159 3959 P.
1171 3902 1212 3955 A.
1231 3903 1262 3956 B.
1282 3902 1314 3957 G.

164 3971 247 4034 (haec
265 3970 297 4020 in
315 3987 407 4044 marg.
425 3971 511 4024 habet
529 3973 632 4038 nonne)
658 3975 729 4027 Ven.
755 3982 845 4028 nostr.
870 3973 934 4024 Asc.
955 3977 979 4027 1.
1000 3975 1026 4027 2.
1051 3972 1140 4036 (haec
1166 3974 1198 4026 in
1224 3989 1315 4045 imrg.

163 4040 222 4094 MS.
245 4039 344 4104 nonne)
361 4043 441 4094 June.
461 4043 533 4095 Ven.
556 4040 662 4109 Alteri,
688 4044 816 4112 itemque
839 4043 871 4094 in
894 4059 951 4096 uno
978 4043 1044 4096 Cod.
1064 4042 1115 4096 Ox.
1135 4047 1218 4097 Mum
1233 4047 1262 4099 1.4
1285 4051 1316 4095 et

163 4111 297 4167 Vind;1.
327 4111 392 4164 Cod
418 4110 507 4164 Rehd.
530 4127 647 4164 numae·
669 4112 737 4165 Cod.
762 4112 836 4165 Gud.
866 4128 932 4171 noa
954 4111 1133 4179 intelligunt
1163 4111 1259 4167 Duisb.
1283 4111 1317 4166 io

163 4197 267 4235 summo
285 4184 376 4234 molo
394 4195 473 4234 aeae
491 4195 560 4236 esse.
580 4181 664 4232 Vind.
677 4186 717 4237 =l.-
732 4184 763 4236 ia
779 4197 883 4234 summo
901 4198 932 4234 se
949 4197 1010 4234 ease
1028 4183 1110 4236 maio
1147 4185 1208 4238 Me.

234 4252 276 4307 in'
289 4269 395 4304 summ
413 4267 449 4311 ‚se
471 4252 545 4303 maio
567 4249 668 4314 assei]
705 4261 724 4315 ‚',
731 4251 835 4308 Facete
850 4250 972 4307 'dictum
998 4269 1035 4305 en
1052 4253 1189 4322 opinions
1206 4252 1316 4307 Stoico-

165 4340 241 4387 rum,
272 4322 322 4391 qui
345 4322 446 4374 dicunt
470 4320 639 4390 insipientes
665 4335 714 4373 eos
739 4327 770 4372 et
786 4321 912 4385 miseros,
933 4321 992 4390 ,qui
1010 4323 1180 4393 sapientiam
1197 4323 1232 4375 ad
1248 4339 1316 4391 per·

164 4392 274 4463 fectum
288 4409 350 4449 non
367 4392 426 4448 sint
443 4390 614 4464 consecutiz·
628 4388 796 4463 insipientia
811 4397 907 4447 autem
925 4399 968 4447 est
985 4404 1129 4448 summum
1144 4392 1261 4447 malum
1283 4416 1316 4431 ·-
