2842 5070
305 282 309 291 “
416 312 419 317 >
505 293 835 394 maturitas„
1089 288 1092 295 “
1163 306 1226 374 245

72 488 172 552 quam
192 469 332 532 multae!
354 486 453 550 quam
474 466 627 531 amarae!
656 467 842 549 quaa-ipso
863 475 985 530 wuuco
1006 484 1134 541 everso,
1155 484 1226 533 ame

72 554 133 614 nes
144 549 324 614 elidendae
343 559 435 628 sunt,
454 559 499 629 et,
521 551 550 611 si
572 567 704 612 neccsse
725 550 804 625 erit,
830 550 971 634 singulis
992 548 1227 631 disputationi·

72 634 161 723 bus..
186 632 348 717 Superest
368 635 458 696 euim
479 631 673 710 nobishoc,
693 630 897 723 cuicuimodi
918 640 979 712 ast,
1000 633 1117 699 otium.
1161 633 1228 697 Sed
1247 686 1260 699 ,

71 818 144 873 uero
157 818 345 888 aedreditaiii
363 817 443 873 nabis
461 816 577 872 Atticae
594 825 687 872 noster
705 834 739 871 ea
759 816 911 872 Tlesaarie
928 816 990 872 lais
1008 834 1075 885 quaa
1093 825 1120 872 et
1138 834 1227 888 quaa-

73 892 230 944 lorus'ros!
265 890 420 965 Vulgarior
438 891 568 959 syntaxis
586 890 638 942 illa
657 897 743 942 esset:
774 889 854 962 Naue
877 905 944 941 aero
968 903 1037 958 quoa
1063 896 1090 943 ei
1109 899 1242 961 quantos!

71 960 151 1014 circs
167 959 325 1030 sappeditat
344 960 422 1014 aclis
439 959 552 1013 Atticas
568 967 663 1014 aester
681 975 715 1011 ex
732 956 875 1013 llesaurir
892 961 975 1014 sais!
1009 959 1052 1013 De
1069 960 1166 1013 Divin.
1185 962 1224 1015 11.

72 1034 121 1088 58:
141 1047 257 1101 quorum
275 1030 385 1102 quidem
403 1031 531 1096 defensio
549 1029 670 1100 repetita
690 1046 772 1099 qaam
797 1029 880 1096 longe
899 1032 958 1083 erl!
976 1056 1009 1066 -
1046 1030 1102 1084 Sed
1128 1030 1227 1084 istiua-

19 1153 22 1157 ,
71 1102 151 1155 madi
177 1103 278 1156 turbis·
293 1101 417 1155 mirifice
444 1101 639 1155 delectabatur
661 1109 767 1153 noster.
794 1130 827 1143 -
865 1100 939 1153 Cave
959 1100 1057 1168 itaque
1075 1118 1141 1152 cum
1160 1102 1226 1155 viro

70 1172 251 1241 relaxavere
279 1173 418 1227 rescribas
441 1171 480 1225 A!
506 1187 601 1245 qaae
618 1171 723 1240 stirpes
741 1177 804 1224 ruat
822 1169 1031 1238 aegritudinis!
1056 1187 1137 1239 qaam
1154 1173 1227 1225 mal·

70 1244 160 1297 lae!“
196 1245 256 1296 Mr.

75 1315 79 1334 ⁸
141 1317 258 1383 Atque
275 1315 378 1382 stirpes
394 1320 461 1366 sant
479 1312 674 1381 aegritudinis
699 1329 780 1382 qaam
802 1311 939 1378 moltael]
974 1310 1100 1366 Restitui
1124 1313 1228 1366 lectio:

70 1401 138 1437 netu
155 1384 299 1438 librorum
318 1384 495 1454 optimorum
514 1384 590 1437 Gud.
612 1387 636 1438 1.
655 1385 740 1436 Bern.
760 1384 835 1436 Gud.
855 1384 881 1437 2.
901 1385 977 1436 M‘on.
996 1385 1023 1438 2.
1042 1383 1135 1435 trium
1152 1386 1225 1438 cxx.

112 1473 158 1507 am
176 1456 281 1507 merito
300 1454 448 1528 egregiam
465 1463 548 1507 uocat
566 1453 694 1512 blandius
713 1454 747 1505 ad
764 1453 875 1524 Wopk.
894 1453 915 1504 1.
936 1471 960 1506 c.
980 1471 1009 1522 p.
1028 1456 1086 1509 120.
1107 1455 1226 1507 laudans

70 1473 270 1579 iimellinum
297 1543 381 1577 suum
404 1543 432 1577 v.
460 1531 548 1595 alque.
587 1525 704 1592 Reliqui
727 1522 834 1578 habent
857 1525 936 1593 alqui
963 1541 1030 1576 cum
1054 1525 1140 1589 Edd,
1167 1525 1225 1578 nisi

72 1596 149 1665 quod
167 1596 207 1648 As
225 1611 293 1666 quse
312 1595 401 1666 (quod
418 1596 515 1654 nullus
532 1595 638 1649 habere
656 1595 774 1648 videtur
790 1596 867 1648 liber
884 1593 954 1658 MS.)
972 1604 1123 1665 receptum
1149 1604 1192 1647 est
1208 1613 1226 1648 a

68 1667 141 1720 Dav.
166 1667 314 1721 FAWolf.
342 1666 427 1720 Schz.
452 1666 511 1732 (cui
530 1683 588 1719 non
607 1675 648 1719 est
675 1666 848 1719 credendum
865 1663 976 1718 dicenti
1000 1665 1167 1718 Bentleium
1190 1683 1226 1718 ex

71 1737 158 1790 Godd.
184 1737 262 1790 MSS.
287 1737 385 1789 locum
411 1737 581 1801 correxisse)
608 1754 687 1806 seqq.
709 1762 741 1774 -
779 1735 905 1790 Verbum
928 1740 994 1789 saal
1019 1736 1131 1789 omittit
1156 1735 1223 1790 cod.

72 1807 148 1860 Gud.
184 1806 271 1858 Nihil
294 1808 355 1881 agit
372 1806 525 1859 Beroaldus
545 1807 643 1860 dicens
666 1822 750 1876 qaam
775 1807 879 1860 multae
909 1805 982 1871 (sine
1006 1807 1225 1873 exclamatione)
1316 1876 1317 1881 Ἰ
1376 1831 1379 1841 ·

32 1917 35 1921 -
72 1877 133 1931 dici
150 1878 368 1946 praeterimus.
406 1876 466 1929 Mr.

33 1980 35 1991 '
71 1988 136 2070 i...
144 1947 688 2088 ⁹tl‘’1.{t⁸⁰..‘‡lltt:”‘ttttmii:.:
695 1946 866 2071 'itali‘
880 1945 1103 2072 abstitit
1114 1947 1227 2089 izit}

206 2065 208 2070 ·
449 2055 457 2082 r

72 2089 129 2143 duo
146 2090 220 2142 Pall'
237 2096 305 2142 tert.
326 2096 421 2158 quart.
440 2087 515 2140 Pith.
536 2089 620 2142 Febr.
638 2107 692 2144 uec
710 2089 824 2141 abludat
842 2089 936 2158 quint.
962 2089 1073 2160 inquo
1092 2090 1227 2156 silendae,

72 2160 276 2229 nequel'atic.
296 2160 327 2212 in
346 2175 403 2231 quc
422 2158 584 2215 eliciendae.
604 2160 698 2235 Vulgo
717 2156 871 2214 elideiidae.
908 2161 994 2214 Plura
1017 2161 1078 2214 dixi
1103 2161 1135 2212 in
1158 2160 1229 2214 Cre-

73 2231 190 2301 pundiis
213 2231 277 2297 [111.
299 2234 341 2287 13.
369 2249 397 2302 p·
418 2233 483 2286 5⁰3:
524 2232 610 2302 plura
635 2242 711 2295 sane,
737 2231 786 2283 sed
813 2230 891 2283 nihil
917 2230 998 2297 sani].
1036 2232 1127 2299 Quid?
1151 2231 1229 2300 quod

71 2302 171 2370 paullo
197 2311 263 2372 post
286 2311 346 2355 tres
369 2300 448 2363 l’all.¹
463 2303 636 2370 posteriores
661 2319 777 2372 quoquc
804 2302 923 2376 legunt:
960 2301 1047 2356 llaec
1069 2308 1135 2356 canl
1160 2303 1241 2355 illae

73 2373 164 2436 librae
182 2372 323 2441 stirpium,
351 2387 437 2438 qaae
454 2371 542 2426 initio
561 2371 624 2425 disi
639 2373 909 2441 persequendae
928 2379 956 2426 et
973 2390 1067 2426 omnes
1093 2373 1229 2441 eligea-
1248 2389 1250 2394 ·

73 2444 149 2495 dae.
187 2440 237 2495 Sic
262 2459 374 2514 quoque
398 2441 449 2494 hic
473 2443 557 2495 Fabr.
581 2443 657 2496 Pith.
694 2443 830 2496 Ceterum
852 2441 930 2508 laec,
957 2461 1015 2496 non
1034 2443 1095 2508 lae,
1120 2444 1229 2497 habent

70 2512 145 2566 Pall.
166 2513 278 2565 secuml.
297 2521 365 2566 tert.
386 2520 479 2581 quart.
500 2512 576 2578 (narn
596 2513 688 2582 quint.
708 2510 767 2576 dee)
790 2514 882 2566 Vatic.
906 2513 982 2567 unde
1007 2515 1119 2567 conieci
1137 2513 1228 2567 llaece.

73 2583 163 2635 Addit
185 2583 310 2651 denique
330 2583 517 2648 Gulielmius,
546 2584 655 2651 eligere
673 2587 778 2652 stirpes
802 2591 845 2636 est
868 2584 1003 2646 erelierer
1035 2602 1101 2636 nam
1121 2587 1227 2652 legere,

73 2657 190 2718 oellere3
216 2655 291 2708 unde
315 2653 469 2721 legamina,
495 2655 571 2723 quod
595 2654 764 2708 uellantur.“
791 2651 873 2708 Geli.
910 2656 1040 2718 „Omnes
1063 2655 1121 2706 mei
1140 2654 1227 2707 Codd.

75 2725 212 2778 exhibent
231 2725 413 2795 elidendae,
423 2726 561 2795 :itemque
579 2724 633 2777 Ed.
652 2743 716 2777 mea
729 2734 799 2790 vet,
819 2725 1023 2790 blanuticrum,
1042 2725 1110 2779 llob.
1127 2724 1229 2794 steph.

73 2796 170 2849 Larnb.
192 2799 247 2848 etc.
285 2795 412 2849 Verbum
428 2795 499 2848 huic
525 2794 571 2849 rei
589 2796 713 2866 lcacqee
737 2794 1061 2849 accommodatissimum
1088 2811 1148 2848 non
1166 2802 1230 2848 erat

75 2865 278 2921 mutandum.“
312 2864 402 2919 Boua.

146 2936 248 2988 Omnes
266 2935 414 3009 eligendae
432 2935 521 3002 saell
545 2936 669 3009 Elegans
688 2935 730 2990 est
746 2936 818 2990 haec
836 2937 934 2990 lectio.
971 2937 1071 2989 Plures
1087 2954 1158 2990 rere
1175 2938 1230 2991 Go-

74 3006 153 3058 dices
170 3006 277 3058 habent
295 3021 388 3058 omnes
406 3006 555 3068 elidendae
572 3012 648 3058 caol:
676 3016 709 3058 ut
729 3009 815 3060 etiam
831 3007 930 3078 paullo
948 3015 1017 3078 post
1035 3008 1134 3061 Fibrae
1158 3007 1254 3061 elir··
1292 3039 1296 3048 ·

73 3076 154 3145 piam
172 3107 204 3119 -
224 3075 381 3128 elidendae.
401 3076 462 3127 Hoc
480 3078 654 3129 monendum
673 3074 751 3140 duxi,
771 3078 901 3146 quamvis
920 3078 1019 3147 potior
1035 3079 1169 3131 videatur
1187 3079 1230 3130 al·
1291 3112 1294 3119 ·

75 3155 139 3198 tera
156 3146 239 3198 ratio.
262 3146 333 3198 Vide
352 3153 448 3198 tannen
466 3148 626 3198 Varronem
642 3148 675 3199 R.
694 3147 727 3199 ll.
747 3147 798 3198 lib.
817 3149 841 3200 Ι.
861 3164 921 3216 cap.
942 3149 985 3202 47.
1025 3147 1061 3200 D.

148 3216 306 3285 eligendae]
342 3214 388 3279 ‚‚.i.
408 3233 433 3268 e.
453 3215 605 3280 tollendae,
625 3216 798 3268 evellendae.
827 3216 896 3269 Dav.
915 3217 1043 3269 correxit
1068 3216 1112 3282 [in
1128 3215 1182 3268 Ed.
1203 3221 1229 3273 1.

15 3286 18 3293 '
75 3303 130 3339 nec
155 3304 226 3341 vero
251 3286 379 3341 correxit
409 3285 464 3358 ibi,
492 3286 541 3339 sed
568 3295 633 3357 post
657 3284 802 3338 Gebhardi
833 3287 1051 3356 corruptionem
1087 3285 1229 3351 restituit]

76 3356 252 3422 elidendae,
282 3357 358 3428 quod
385 3365 427 3410 est
445 3357 566 3409 uerbum
584 3356 731 3409 Ciceronis
755 3356 786 3409 iu
804 3355 861 3407 bac
877 3373 923 3408 re:
951 3356 1000 3409 sed
1024 3364 1053 3409 ct
1071 3359 1179 3423 eligere
1198 3355 1231 3407 in

75 3427 130 3480 hac
148 3447 180 3482 re
199 3429 317 3481 dicitur.
337 3427 433 3496 itaque
451 3427 630 3479 Burmannus
647 3426 683 3479 ad
691 3427 772 3502 Virg.
793 3427 881 3480 G.11.
901 3425 1143 3482 tot.=defendit.“
1162 3426 1229 3479 Era.
1252 3463 1257 3469 -

75 3499 255 3551 Burmannus
271 3498 411 3551 videlicet
429 3499 554 3566 eligendi
571 3499 692 3552 uerbum
710 3515 747 3550 ex
765 3497 952 3566 scriptoribus
976 3498 1020 3550 rei
1039 3498 1163 3550 rusticae
1181 3496 1231 3550 de·
1252 3520 1256 3528 ·

75 3569 189 3634 fendit3
210 3567 279 3634 [vid.
297 3577 395 3635 tamen
412 3568 542 3624 Lexicon
559 3567 709 3622 Rusticum
726 3567 779 3620 Ed.
789 3566 853 3636 Bip.
875 3564 933 3630 [rr.
943 3566 1050 3634 eligere
1068 3576 1098 3619 et
1109 3568 1229 3620 elidere:

76 3638 127 3690 ubi
145 3648 225 3693 recte
245 3656 280 3693 es
297 3640 379 3690 Varr.
399 3636 423 3690 1.
442 3641 487 3694 47.
506 3639 640 3691 laudatur
657 3634 764 3691 elidere
781 3635 893 3702 leriae]
906 3635 1061 3690 'Ciceronis
1079 3654 1163 3688 usum
1181 3654 1231 3689 ne·

98 3708 187 3762 lesit:
206 3708 299 3762 veluti
319 3725 355 3761 ex
371 3707 418 3760 his
436 3708 506 3778 ipsis
524 3709 607 3761 libris
625 3708 663 3761 11.
685 3713 727 3764 11.
738 3709 787 3762 27:
807 3721 908 3760 aereos
927 3732 961 3749 -··
980 3705 1096 3760 dualis
1115 3705 1229 3760 elidunt.

77 3725 118 3830 i..
131 3780 158 3833 a.
179 3783 221 3836 16.
248 3777 296 3848 qai
316 3809 347 3821 -
366 3779 548 3845 aegritudine
572 3777 711 3833 eliditur·
737 3778 798 3831 lain
824 3795 852 3829 v.
872 3794 977 3830 novam
995 3777 1158 3831 Forcellini
1175 3777 1229 3829 Ed.

78 3848 180 3901 Genu.
196 3866 222 3899 s.
240 3867 287 3900 vv.
307 3848 411 3901 elidere
430 3857 459 3902 st
476 3849 608 3918 eligere..
629 3849 703 3902 Male
721 3847 915 3901 Schneiderus
932 3847 997 3900 loco
1015 3848 1152 3900 Varronis
1169 3848 1232 3899 lau·
1326 3857 1329 3863 ·

77 3919 145 3971 dato
164 3921 278 3985 eligere.
316 3918 451 3976 Ceterum
474 3928 516 3972 est
539 3919 687 3973 elidendae
712 3919 745 3970 in
763 3917 850 3973 codd.
879 3934 929 3971 sex
948 3918 1018 3971 Oxx.
1045 3919 1129 3971 Rern.
1154 3920 1230 3970 Mon.

77 3991 104 4042 l.
125 3992 151 4044 2.
170 3988 255 4041 Vind.
274 3990 300 4042 2.
319 3987 390 4040 Edd.
411 3987 538 4056 (praeter
554 3988 623 4041 Dav.
644 3987 734 4041 Geth.
753 3989 824 4042 Ern.
844 3987 903 4041 Alt.
916 3988 1015 4049 nobb.
1034 3987 1121 4050 Tbn.)
1140 3988 1234 4041 omni-

76 4061 143 4114 bus:
167 4060 223 4111 nisi
249 4057 324 4126 qued
352 4057 406 4110 Ed.
425 4056 459 4107 A,
481 4055 538 4110 hcc
564 4058 686 4111 verbum
710 4058 797 4128 plane
822 4059 942 4112 omittit.
978 4059 1015 4112 lu
1031 4058 1115 4110 Vind.
1137 4062 1162 4112 1.
1191 4066 1234 4111 est

79 4131 175 4207 glossa
192 4129 357 4190 evellendae,
384 4126 416 4177 in
434 4124 523 4178 Rehd.
544 4127 576 4179 in
593 4145 684 4201 marg.
705 4129 877 4194 mergendae
896 4128 978 4192 (sic),
1008 4127 1047 4179 iu·
1063 4127 1160 4180 Duisb.
1182 4127 1233 4179 eli·

78 4202 175 4268 gelidi.
213 4200 296 4254 Solus
309 4196 386 4263 (lod.
413 4194 486 4259 Gud.
506 4198 533 4250 2.
562 4195 648 4251 habet
670 4197 713 4250 ab
738 4195 801 4266 ipro
828 4204 938 4255 trunca.
983 4197 1019 4251 ln
1045 4214 1125 4269 seqq.
1156 4195 1232 4250 Gud.

37 4297 43 4307 ·
78 4272 167 4329 habet
184 4272 256 4326 enim
275 4268 288 4320 i
295 4285 312 4320 a
330 4265 419 4321 nolis.
457 4265 518 4318 Mr.
771 4289 773 4293 ν
998 4312 1000 4317 ,
1144 4314 1155 4328 .

150 4341 289 4412 Superest
299 4337 374 4393 enim
391 4333 470 4391 aulis
487 4333 558 4405 loc,
577 4333 793 4392 cuicuimodi
809 4341 862 4402 est,
881 4333 988 4406 otim]
1024 4336 1093 4401 „lta
1116 4334 1248 4399 Veneti,-

78 4413 116 4468 ds
133 4428 192 4482 quo
208 4411 296 4468 verbo
314 4425 400 4482 supra
419 4404 577 4464 diximus.“
595 4405 740 4464 cameras.
778 4406 940 4478 „Plerique
961 4405 1047 4464 coac
1074 4405 1106 4460 in
1124 4401 1251 4474 quibus,
