2842 5070
437 301 478 340 0
525 288 653 370 mara
673 305 736 384 tv,
757 307 804 406 a.
1061 393 1065 399 ι
1161 306 1225 373 vso
1292 254 1294 258 ὗ

19 450 25 462 ’
70 459 230 558 carmina.
279 469 485 550 Quamquam
516 468 551 531 id
578 467 711 552 quidem
744 469 847 532 etiam
879 467 1053 532 duodecim
1091 471 1225 551 tabulae
1242 481 1268 533 4.

67 655 179 708 summo
209 671 347 708 consensu
370 655 422 707 vul
460 662 520 707 tam
545 655 704 708 lectionem
722 656 878 721 retineant,
904 673 965 708 eam
989 673 1047 708 esse
1065 654 1225 709 sollicitan-

67 724 132 778 dam
155 741 213 777 non
238 726 372 778 arbitror.
436 727 572 794 ascriptos.
594 742 693 778 vocam
718 726 795 778 sonis
822 727 931 779 Graece
955 727 1062 779 dixeris
1089 723 1233 796 addaram

67 793 340 867 ἀναγεγραμμένους,
358 797 472 866 locique
490 813 570 848 mens
589 804 648 848 est:
666 804 765 848 cantus
784 797 928 849 saissonis
946 797 1004 848 iam
1021 792 1084 856 tum
1102 800 1224 866 scriptus

68 874 98 917 et
121 874 232 918 notatos
256 867 353 933 fuisse,
387 866 626 935 quemadmodum
651 875 741 919 recte
756 868 869 919 monuit
893 867 979 920 Hadr.
1000 859 1149 940 Turnebus
1167 867 1224 920 Ad·

66 952 141 988 vers.
162 935 212 987 lib.
233 938 294 988 VII.
316 955 340 988 c.
363 936 427 991 17.“
462 937 543 990 Idem
561 936 646 987 habet
665 936 752 989 etiam
770 938 819 989 Fr.
839 939 922 990 Fabr.
943 938 974 987 in
993 946 1088 989 annot.
1115 936 1223 1002 „Nihil

66 1003 140 1056 dicit
158 1005 260 1059 Cicero
284 1007 358 1058 unde
385 1015 497 1059 certum
522 1024 580 1058 esse
598 1005 740 1072 videatur,
768 1007 825 1059 iam
850 1016 913 1058 tum
936 1007 1024 1058 inisse
1043 1023 1124 1059 sonos
1147 1008 1242 1082 notis

66 1083 200 1128 notatos:
223 1093 271 1128 eae
291 1085 370 1130 certe
395 1077 430 1129 ad
448 1076 608 1128 canendum
630 1092 688 1128 non
712 1078 942 1145 requirebantur.
980 1076 1070 1128 Nulla
1090 1078 1224 1132 virorum

21 1188 26 1192 .
67 1143 220 1196 doctorum
238 1147 404 1200 coniectura
422 1147 569 1199 satisfacit.
606 1147 750 1216 Equidem
768 1148 942 1201 crediderim
963 1165 978 1198 a
997 1147 1137 1199 Cicerone
1155 1163 1224 1218 pro·

64 1215 187 1266 fectum:
207 1223 306 1270 cantas
324 1224 382 1270 tvm
399 1217 487 1281 faisse
501 1218 691 1285 praescriptae
708 1234 804 1270 vocum
821 1212 988 1287 saniesquo
1006 1219 1224 1290 significaretur
1246 1273 1252 1283 ,

66 1282 195 1338 habuisse
213 1286 325 1356 aliquid
340 1289 465 1342 musicae
484 1289 553 1339 artis
565 1296 678 1340 veteres
689 1287 860 1341 Romanos.“
877 1287 1012 1340 Bouhier.
1038 1289 1222 1357 „Rescriptos

64 1352 171 1406 habent
188 1357 266 1410 MSS.
293 1366 324 1411 et
345 1359 418 1411 Edd.
442 1366 513 1410 vett.
541 1357 631 1426 probo
655 1359 683 1410 J.
702 1358 752 1410 Fr.
771 1358 914 1411 Gronovii
938 1360 1150 1413 correctionem
1174 1361 1222 1412 ‹le-

65 1424 186 1492 scriptas
205 1445 240 1480 ex
258 1427 340 1479 Livio
359 1430 422 1482 VII.
445 1427 492 1481 l.“
528 1428 601 1479 tarn·

72 1520 75 1526 ·
136 1498 299 1567 Rescriptos
317 1510 411 1550 vocam
430 1498 554 1560 soniset
571 1497 711 1563 carmina]
730 1496 758 1560 J.
778 1497 811 1554 F.
832 1499 995 1551 Gronovius
1013 1499 1047 1551 ad
1066 1498 1145 1551 Livii
1157 1500 1222 1564 Vll,

65 1568 91 1621 2.
113 1568 278 1619 emendabat
296 1568 458 1637 descriptos.
494 1569 624 1637 Eamque
643 1567 798 1620 lectionem
819 1586 888 1639 prae
907 1586 935 1621 se
953 1570 1013 1631 fert
1032 1569 1119 1621 editio
1138 1568 1225 1621 Colo&

65 1637 172 1688 niensis
190 1639 273 1690 a-Fr.
294 1639 426 1691 Fabricio
445 1647 553 1691 curata.
578 1637 770 1712 Pantagathus
789 1641 876 1690 etiam
894 1639 1009 1708 reponit
1027 1655 1122 1699 vocum
1139 1638 1236 1697 notin·

65 1708 144 1776 quod
161 1724 218 1760 non
236 1709 351 1777 placet.
378 1709 449 1760 Vide
468 1709 662 1781 Augustinum
681 1709 711 1760 G.
724 1709 757 1760 D.
774 1710 812 1773 II,
825 1711 869 1764 21.
902 1709 933 1763 si
952 1709 1097 1778 quisunt,
1119 1710 1223 1778 quibus

65 1794 82 1828 a
99 1777 151 1829 vul
173 1786 218 1830 ata
235 1779 380 1846 scriptura
397 1780 533 1831 recedere
551 1780 588 1830 sit
607 1778 723 1860 religio,
740 1778 857 1830 videant
876 1780 899 1830 ii
917 1780 1087 1832 Turnebum
1102 1778 1220 1833 Advers.

65 1847 116 1899 lib.
177 1848 199 1901 Ι.
219 1866 280 1917 cap.
302 1853 343 1903 17.
363 1849 387 1899 is
407 1849 485 1902 enim
505 1867 567 1901 eam
585 1863 643 1900 non
668 1848 847 1900 incommode
866 1849 1003 1904 defendit.
1041 1851 1079 1902 D.
1202 1849 1205 1858 “

21 1923 25 1928 ’
137 1918 299 1986 Rescriptos
316 1935 410 1972 vocum
429 1917 515 1985 eoam]
535 1921 628 1985 „Puto
646 1919 802 1992 legendum
820 1918 996 1972 restrictaet‘
1013 1920 1121 1972 Nissen.
1149 1921 1220 1972 Ern.

65 1987 97 2038 in
115 1986 194 2040 Glav.
210 1990 270 2042 cto.
289 2007 317 2040 v.
337 1991 493 2043 rescribere
510 1991 734 2058 interpretatur:
755 1998 893 2040 cantuum
910 1989 1032 2042 illorum
1050 1998 1143 2042 certos
1161 2005 1223 2043 mo-

66 2057 116 2110 dos
134 2076 193 2112 esse
210 2062 300 2112 iactos
319 2061 467 2144 signisque
486 2076 640 2130 expressos,
660 2059 736 2128 quod
754 2060 804 2111 nos
822 2076 956 2111 vocamus
976 2060 1220 2129 componireii.

66 2127 176 2182 Orellio
195 2147 253 2182 non
271 2130 406 2200 displicet
425 2132 525 2186 Ursini
544 2129 715 2193 emendatio,
735 2146 855 2198 eamque
872 2130 974 2199 probat
993 2131 1079 2182 etiam
1094 2130 1223 2184 Wolfius

64 2198 96 2250 in
114 2200 228 2253 scholis.
266 2199 353 2254 Addit
371 2203 439 2254 ille:
459 2201 520 2271 qui
536 2202 685 2276 vulgatam
702 2200 868 2264 defendunt,
894 2200 1039 2270 explicare
1067 2200 1171 2253 debent
1188 2201 1223 2254 de
1252 2203 1256 2209 '

64 2271 140 2322 notis
164 2289 180 2322 a
207 2271 324 2324 musicis
347 2290 432 2340 supra
458 2272 586 2346 singulas
613 2269 735 2340 syllabas
758 2271 868 2339 positis.
906 2271 1056 2323 Convertit
1081 2287 1113 2322 ea
1136 2271 1224 2323 verba

64 2340 224 2392 Koehlerus
250 2341 282 2391 in
304 2343 396 2394 Praei.
425 2341 459 2393 ad
481 2342 590 2394 Catulli
613 2340 787 2409 Epithalam.
812 2340 893 2394 Pelei
920 2350 949 2393 et
973 2340 1090 2392 Thetid.
1113 2358 1141 2411 Ρ.
1160 2343 1220 2393 XV.

45 2420 48 2426 '
66 2410 170 2473 „dass
190 2411 310 2484 einige
331 2409 464 2475 [volebat
477 2412 589 2480 opinor,
609 2411 754 2485 eigene]
775 2411 975 2463 Melodieen
993 2413 1054 2462 auf
1070 2412 1222 2465 ‹liente-
1272 2469 1275 2475 ,

66 2478 128 2531 der
150 2481 359 2548 componirt
376 2482 535 2536 vaurden.
561 2480 699 2534 Kernius:
728 2479 804 2532 dass
824 2498 857 2532 es
875 2480 1005 2532 damals
1029 2481 1096 2533 den
1113 2483 1222 2534 inusi-

64 2549 262 2602 kalischen
297 2550 420 2604 Tb'ncn
460 2551 718 2627 untergelegte
751 2551 906 2626 Gesinge
939 2551 1010 2603 und
1041 2552 1221 2606 Gedichts

65 2620 136 2694 gab.
156 2619 326 2689 Kiibnerus:
352 2623 539 2687 „Rescribere
563 2631 606 2675 est
630 2630 729 2674 cantus
754 2629 783 2673 ot
810 2622 937 2674 carmina
959 2623 1103 2675 scribendo
1123 2622 1172 2687 (h.
1194 2641 1219 2679 e.

48 2691 140 2742 notis
159 2691 302 2765 signisve)
328 2709 461 2746 revocare
483 2693 531 2745 vel
554 2693 687 2766 redigere
711 2692 745 2743 ad
770 2701 849 2760 aptos
871 2709 974 2744 vocum
994 2692 1106 2744 sonos.⁴‘
1142 2693 1224 2758 Quod

27 2773 29 2776 ’
65 2763 207 2829 quomodo
231 2763 347 2831 probari
373 2764 475 2832 possit,
503 2772 583 2816 recte
608 2762 723 2832 quaerit
742 2763 788 2814 Or.
809 2763 970 2831 -Equidem
989 2764 1021 2815 in
1039 2771 1118 2816 tanto
1138 2764 1222 2816 Codi·
1318 2795 1321 2803 ,

65 2848 132 2894 cum
150 2848 287 2885 consensu
305 2834 382 2900 (nam
399 2834 477 2886 solus
495 2837 570 2886 Mon·
589 2836 615 2889 2.
642 2832 726 2884 habet
744 2832 926 2901 perscriptam
950 2833 1026 2902 quod
1043 2850 1101 2886 non
1120 2833 1221 2903 displi-

64 2911 154 2966 ceret,
182 2903 207 2954 si
229 2902 335 2954 melior
357 2905 505 2956 accederet
523 2902 689 2965 auctoritas)
711 2901 790 2954 nihil
815 2912 910 2956 muto:
937 2905 1031 2956 fateor
1047 2912 1144 2956 tamen
1161 2921 1221 2958 non

64 2971 223 3040 improbari
241 2972 316 3023 mihi
334 2968 502 3040 descriptos:
535 2990 630 3042 neque
654 2972 813 3041 quidquam
838 2971 954 3027 facilius
977 2975 1140 3043 permutari
1162 2992 1220 3028 sae·

15 3062 16 3066 ¹
63 3041 198 3110 piusque,
217 3059 304 3110 quam
321 3043 444 3109 syllabas
464 3044 498 3094 de
516 3051 545 3095 et
562 3059 595 3094 re
617 3044 649 3094 in
666 3043 763 3095 verbis
781 3044 956 3112 compositis,
980 3045 1055 3097 nube
1076 3045 1221 3114 exemplo·

64 3128 132 3163 rum
149 3110 246 3175 allata,
265 3112 365 3163 docuit
382 3112 596 3164 Drakenborch.
615 3111 649 3163 ad
667 3112 730 3163 Liv.
751 3108 798 3164 IX.
820 3117 862 3168 111.
881 3117 907 3168 6.
927 3115 977 3165 ubi
994 3130 1048 3183 pro
1066 3117 1220 3183 rescriptae
1277 3121 1279 3129 '

18 3214 19 3218 =
64 3180 202 3233 nonnulli
232 3182 305 3234 libri
330 3181 437 3236 habent
470 3183 638 3250 desmiptae:
678 3180 765 3250 idque
791 3182 858 3235 lieri
885 3183 1000 3235 monuit
1027 3182 1219 3237 similitudine

64 3251 203 3303 ductuum
221 3251 252 3303 in
270 3252 365 3304 literis
382 3253 407 3303 D
427 3260 456 3306 et
474 3254 507 3316 R,
526 3251 642 3304 laudans
661 3250 788 3304 Gronov.
807 3252 899 3306 Diatr.
918 3252 989 3304 Stat.
1008 3270 1033 3305 c.
1053 3256 1096 3307 52·
1116 3272 1144 3322 p.
1155 3256 1218 3309 361.

63 3321 173 3374 Duker.
192 3322 227 3374 ad
245 3323 325 3377 Flor.
344 3323 367 3375 Ι.
387 3324 430 3377 22.
450 3325 475 3379 2.
502 3331 531 3374 et
556 3340 635 3374 suam
659 3339 724 3375 ann.
749 3322 785 3374 ad
808 3323 857 3374 VI.
876 3322 920 3376 25.
939 3325 966 3376 8.
1004 3323 1082 3376 Adde
1101 3323 1219 3394 Scioppi

63 3392 130 3443 Ant.
152 3393 224 3445 Crit.
243 3412 272 3463 Ρ.
293 3394 336 3448 54.
357 3392 399 3444 ed.
420 3392 511 3445 Amst.
533 3395 609 3449 1662.
628 3392 678 3443 ubi
702 3409 738 3443 ex
761 3392 866 3444 duobus
889 3391 966 3445 MSS.
994 3395 1070 3463 apud
1085 3395 1220 3447 Plautum

63 3462 125 3514 Mil.
146 3464 228 3516 Glor.
249 3463 319 3538 Arg.
339 3466 365 3517 2.
386 3462 436 3529 [A]
452 3463 573 3516 'citatur
588 3460 750 3515 revortitur
771 3478 825 3531 pro
843 3463 1007 3516 devertitur.
1046 3465 1125 3530 Quod
1148 3482 1219 3519 vero

65 3532 118 3587 W.
138 3534 170 3585 in
187 3534 295 3587 scholis
321 3551 387 3586 cum
409 3533 584 3608 Pantagathc
606 3533 748 3602 praetulit
771 3548 867 3584 vocum
892 3533 1003 3598 notis,
1036 3536 1070 3587 ad
1093 3536 1124 3590 id
1149 3553 1219 3589 vere
1275 3591 1277 3596 ,

64 3612 163 3655 anonet
181 3605 228 3659 Or.
249 3605 408 3657 accuratius
427 3606 522 3658 videri
546 3604 696 3678 vulgatam
719 3602 887 3677 significare
903 3613 992 3668 notas,
1017 3606 1120 3673 quibus
1137 3622 1219 3658 sonos

64 3681 163 3726 acutos
191 3684 221 3726 et
244 3691 353 3748 graves,
372 3674 500 3729 indicare
527 3674 608 3741 soliti
633 3673 746 3727 fuerint
771 3674 883 3727 musici.
920 3676 974 3726 Pro
999 3676 1078 3727 sonis
1098 3677 1171 3729 Gud.
1191 3677 1217 3730 2.

62 3743 150 3799 habet
167 3759 259 3808 sonos,
279 3744 356 3812 quod
373 3753 416 3796 est
434 3745 618 3808 correctoris,
642 3745 693 3813 qui
712 3761 774 3802 eam
791 3760 893 3797 vocem
915 3746 1097 3798 antecedenti
1114 3747 1219 3800 rescri-
1237 3811 1241 3816 ἱ

61 3820 128 3882 ptos
146 3814 387 3865 accommodatam
404 3815 505 3880 vellet,
530 3824 564 3866 ut
583 3815 659 3867 dicat
678 3815 792 3868 Cicero:
824 3820 924 3867 cantas
947 3817 1064 3880 fuerant
1086 3818 1220 3885 rescripti

63 3898 161 3935 vocant
179 3882 253 3935 soni.
290 3885 344 3937 Pro
363 3887 492 3939 carmina
510 3885 541 3936 in
559 3886 642 3955 Vind.
664 3890 687 3943 l.
707 3894 750 3939 est
767 3886 900 3950 carmine,
926 3886 958 3936 in
976 3885 1050 3961 Aug.
1070 3889 1218 3955 carminis,

65 3954 97 4005 in
117 3953 221 4023 quibus
238 3952 324 4005 habes
343 3971 440 4005 rursus
459 3955 558 4007 irritos
576 3965 775 4009 correctorum
792 3965 918 4008 conatus.
942 3957 1016 4009 Me.

65 4084 68 4089 .
136 4041 307 4113 Quamquam
330 4039 363 4092 id
394 4041 500 4107 quidem
523 4041 610 4096 etiam
642 4044 787 4096 duodecim
812 4044 922 4097 tabulae
947 4046 1118 4112 declarant‚]
1151 4048 1216 4101 Cod.

64 4115 139 4165 Mon.
160 4114 185 4167 2.
213 4110 247 4164 id
265 4111 357 4180 qvod
375 4110 468 4169 etiam.
501 4113 574 4166 Gud.
604 4122 633 4166 et
649 4132 723 4166 unus
742 4115 792 4167 01.
821 4115 920 4167 delent
937 4116 1030 4169 eiiam.
1068 4119 1159 4170 Locus
1178 4125 1220 4171 est

64 4177 133 4234 Tab.
153 4183 231 4239 VIII.
255 4187 278 4237 l.
298 4182 432 4234 Dirksen.
451 4201 479 4253 Ρ.
500 4186 565 4238 ’133ε
585 4183 613 4236 si
629 4185 702 4252 qais,
718 4185 926 4258 occentavisset,
945 4186 1005 4239 sive
1023 4202 1138 4242 carmen
1155 4205 1220 4241 con·

59 4252 196 4320 didisset,
230 4253 303 4322 qaod
325 4252 473 4322 infamiam
496 4256 602 4320 faceret
625 4253 796 4322 flagitiumve
813 4255 914 4308 alteri:
939 4257 996 4309 vid.
1018 4259 1077 4312 Cic.
1097 4259 1130 4310 de
1148 4260 1217 4327 Rep.

64 4325 113 4375 IV.
144 4324 186 4379 111.
214 4342 242 4393 Ρ.
266 4325 327 4381 436.
353 4325 395 4377 ed.
424 4333 512 4378 nostr.
541 4325 590 4376 ubi
613 4324 673 4380 vid.
696 4343 761 4391 ann.
789 4334 890 4386 nostr..
924 4327 959 4379 In
983 4328 1010 4381 J.
1040 4329 1077 4380 N.
1097 4327 1220 4379 Funccii

12 4457 15 4460 ‚
67 4395 345 4469 beggxllaabb.
366 4396 495 4450 estTab.
516 4396 716 4450 vt1.1.ex.8:
747 4395 803 4450 set.
826 4396 897 4465 quei.
920 4397 1045 4464 pipalod.
1072 4395 1217 4465 aceniasit.

929 4500 994 4589 1⁷*
