2842 5070
555 321 840 406 caraman.
914 332 928 384 .·
1046 372 1066 380 ..
1196 325 1277 395 *eta

126 486 347 577 quodetiam,
370 499 429 554 aut
448 489 553 553 alium
574 488 680 570 idem,
698 487 788 573 quod
808 498 865 575 sees
887 497 1012 552 metum
1043 508 1127 553 vero
1153 490 1183 553 ei
1204 492 1278 572 qnia

126 577 328 653 sustulisset,
363 593 496 641 omnem
525 575 619 636 vitae
644 573 856 660 diligentiam
883 573 1060 657 sublatam,
1075 576 1166 638 fore:
1195 593 1280 655 quae

125 657 363 736 anmma'esaet
384 658 419 717 in
441 658 501 734 eis,
524 657 583 738 qni
603 656 706 741 leges,
729 659 784 741 qni
805 657 1032 743 magistratus,
1061 656 1117 738 qai
1138 674 1280 738 pauper-

125 751 241 819 tatem,
264 742 324 821 qui
346 741 577 825 ignominiam,
600 742 658 822 qui
679 747 834 817 mortem,
857 741 916 821 qui
936 735 1090 800 dolorem
1108 738 1300 803 timerent..

105 823 221 886 'Haec
240 831 352 884 menen
371 814 613 905 itadisputant
632 831 672 884 ut
691 819 872 884 resecanda
883 831 963 886 :esse
974 821 1154 897 fateantur,
1165 821 1281 884 “evelli

125 907 261 988 penitus
282 903 395 975 dicant
416 923 479 966 nec
500 908 677 987 pestanae
699 923 783 989 opus
805 921 891 968 esset
921 911 956 966 et
977 905 1013 964 in
1034 904 1188 965 omnibus
1210 907 1281 969 fere

126 988 229 1051 rebus
249 987 516 1066 mediocritatem
538 1001 610 1049 esee
631 988 790 1070 optimam
813 986 1030 1050 existiment..
1059 985 1151 1050 (inae
1179 1005 1282 1068 qaum

139 1179 144 1185 '
198 1175 276 1232 Quae
296 1176 403 1227 maenaa
428 1166 497 1226 earet
508 1171 551 1227 'ia
574 1169 615 1226 eie
634 1202 676 1222 .-
703 1172 751 1242 qai
774 1173 898 1232 dolorem
921 1171 1078 1241 timerent]
1096 1171 1158 1226 'An
1189 1173 1282 1249 igitur

102 1273 104 1276 ⁴
127 1246 267 1312 omnibus,
285 1244 338 1315 qui
354 1250 556 1314 paupertatem
574 1252 728 1313 ceteraque
747 1261 873 1314 quorum
891 1244 1026 1296 meminit
1049 1253 1148 1298 noster
1165 1244 1281 1311 timent,

127 1315 254 1387 aequalis
272 1315 347 1379 inest
363 1314 441 1368 vitae
458 1314 629 1390 diligentia?
647 1313 714 1366 n'am
731 1330 838 1369 tamaro
855 1323 935 1371 certe
950 1314 1030 1368 nihil
1048 1333 1081 1368 sn
1117 1317 1188 1373 riae.
1208 1317 1282 1369 For·

127 1406 177 1441 ean
194 1389 297 1445 Cicero
313 1385 429 1455 scripsit
447 1389 516 1454 q'uae
533 1386 627 1438 multa
644 1392 723 1438 earet
743 1385 775 1439 in
799 1384 850 1440 eie.
887 1384 932 1438 Gl.
959 1393 1057 1439 autem
1073 1333 1219 1440 lieentleius
1237 1403 1283 1441 re-
1321 1423 1323 1429 ·

125 1459 220 1531 ponit,
239 1473 309 1529 qaae
326 1456 409 1511 milla
427 1461 500 1509 earet
516 1455 549 1508 ia
567 1457 609 1510 eia
627 1486 663 1523 ·-,
679 1457 727 1526 qai
745 1457 870 1510 dolorem
886 1472 945 1509 non
962 1456 1096 1511 timerent.
1136 1458 1173 1512 D.

168 1547 176 1565 ·“
199 1553 266 1616 qaae
278 1560 393 1600 samma
411 1550 482 1598 earet
501 1574 535 1586 -
553 1543 602 1613 pai
619 1544 745 1613 dolorem
763 1545 901 1611 timerent]
937 1543 1007 1597 Dav.
1027 1544 1060 1596 in
1077 1546 1130 1599 Ed.
1150 1548 1175 1600 t.
1202 1562 1283 1599 rece-

127 1619 173 1690 pit
190 1618 317 1673 Bentleii
335 1608 541 1681 coniecturam,
559 1631 617 1673 non
634 1616 734 1690 magis,
753 1632 840 1686 quam
857 1614 968 1668 Davisii
991 1615 1095 1687 ipsius,¹
1115 1633 1284 1686 supervaca-

128 1704 227 1744 neamt
260 1705 348 1759 quare
370 1695 451 1739 recte
474 1684 647 1740 Bouhierius
673 1690 703 1743 se
727 1686 894 1762 intelligere
921 1703 978 1740 non
1005 1703 1086 1757 posse
1113 1687 1197 1753 dixit,
1229 1703 1284 1739 cur

128 1760 272 1812 librorum
295 1758 453 1813 lectionem
478 1765 617 1810 mutatam
643 1756 860 1811 volueritDav.
887 1755 955 1815 coa.
975 1757 1065 1811 Rehd.
1084 1756 1171 1811 habet
1184 1756 1223 1811 'in
1241 1759 1284 1812 eie

129 1836 207 1898 eam,
227 1829 302 1887 Gud.
327 1833 399 1883 earet
424 1827 457 1882 ia
478 1827 576 1895 iltis,
604 1830 679 1880 Mon.
699 1833 725 1884 l.
753 1827 869 1881 omittit
889 1829 930 1884 ia.
966 1830 1021 1882 Pro
1044 1827 1112 1885 laec
1139 1841 1213 1882 unus
1231 1830 1281 1883 Ox.

129 1900 180 1955 loc
204 1918 272 1954 cum
297 1898 370 1975 A‘ug.
390 1898 489 1963 ,rtem
513 1902 581 1953 cain
603 1897 693 1955 Rehd.
717 1899 900 1964 videantur,
931 1914 985 1970 pro
1009 1897 1158 1966 fateantur.
1195 1900 1283 1952 Recte

128 1981 229 2026 monet
245 1971 341 2026 Kiihn.
358 1969 576 2023 distinctionem
592 1969 752 2023 tollendam
776 1987 835 2024 esse
858 1979 923 2041 post
947 1969 1103 2039 disputant,
1128 1984 1194 2023 cum
1211 1970 1284 2023 haec

129 2043 168 2096 ait
186 2043 339 2098 sententia:
366 2043 408 2095 ita
434 2048 525 2094 tamea
551 2041 705 2111 disputant,
732 2047 763 2094 at
788 2038 856 2095 laec
879 2042 1030 2095 resecanda
1055 2058 1115 2095 aeae
1133 2044 1283 2109 fateantur.

128 2114 212 2166 vind.
233 2121 257 2172 l.
280 2113 391 2168 omittit
414 2110 466 2176 ita,
491 2129 565 2179 unns
585 2114 634 2165 Ox.
658 2114 821 2181 poenitum·
847 2113 922 2167 Gud.
942 2117 968 2170 1.
992 2117 1051 2170 al.
1077 2131 1118 2166 m.
1145 2112 1281 2168 discant.
1366 2137 1369 2143 ·

129 2182 228 2239 Duisb.
249 2201 313 2240 aaa
327 2188 418 2252 pocae,
438 2199 505 2235 oum
521 2190 580 2236 uno
599 2184 650 2237 Ox.
688 2185 748 2237 Mr.

127 2285 129 2289 >
179 2263 232 2317 ¹et
255 2255 434 2328 iarcmm'taa
454 2253 640 2324 -optimam
666 2252 894 2323 existiment]
920 2255 1063 2358 '„Vulgg.
1082 2261 1132 2310 at:
1160 2272 1216 2326 qua
1241 2254 1285 2308 le‘·

113 2327 226 2391 ¹ctione
244 2335 356 2380 servata
374 2325 589 2378 rescribendum
608 2326 789 2380 conieceram
808 2328 1013 2382 existimant!
1049 2327 1122 2381 Dav.
1142 2327 1174 2383 in
1191 2327 1282 2382 Edi.

130 2398 282 2452 Nissenius
290 2396 367 2448 item
382 2395 506 2448 malebat
519 2402 550 2448 at
569 2422 602 2434 ·-
620 2395 813 2452 existimant.
841 2398 1004 2469 Wopkens.
1023 2398 1044 2449 l'.
1055 2415 1080 2451 c.
1098 2400 1210 2470 p.1at;
1228 2400 1285 2452 Per

130 2485 187 2536 me,
206 2468 257 2533 ait,
275 2467 348 2519 licet
365 2466 479 2518 salvum·
495 2472 524 2518 et
542 2465 692 2542 integram
710 2469 876 2520 conservari
887 2470 1030 2552 posterius
1047 2475 1088 2535 at,
1106 2471 1214 2540 quippe
1234 2487 1285 2523 cn·
1313 2494 1320 2509 x
1355 2508 1362 2523 .

131 2539 176 2591 ius
202 2536 416 2591 coniunctionis
441 2537 589 2607 repetitio,
619 2554 686 2589 cum
707 2537 813 2608 passim
835 2539 917 2592 obvia
945 2539 994 2606 sit,
1026 2539 1137 2592 nemini
1163 2537 1285 2593 molesta

130 2614 190 2664 esse
210 2616 304 2679 queat.
341 2608 390 2662 Sic
417 2608 495 2661 enim
513 2606 600 2661 Acad.
620 2610 642 2661 1.
663 2613 692 2666 7:
729 2609 774 2662 De
791 2616 892 2664 rectura
918 2617 1012 2664 autem
1084 2610 1126 2664 e'ta
1144 2611 1282 2677 dicebant,
1307 2647 1309 2650 <

130 2688 165 2735 at
183 2696 243 2734 eam
262 2678 421 2747 dividerent
442 2677 474 2732 ia
497 2695 547 2732 rer
570 2680 653 2734 duaa·
686 2685 722 2734 at
747 2680 839 2734 altera
866 2689 935 2736 esset
958 2681 1095 2748 efficiens,
1114 2682 1208 2734 altera
1227 2689 1282 2735 etc.

131 2769 155 2805 c.
176 2755 219 2808 1³.
244 2751 463 2823 tib,11.c.15.
489 2750 547 2803 vid.
571 2767 691 2822 quoque
716 2751 782 2804 Fin.
802 2753 857 2806 111.
885 2755 927 2810 19.
953 2761 983 2805 et
994 2753 1034 2804 ·V.
1054 2755 1081 2810 9.
1104 2751 1144 2805 'de
1167 2751 1282 2807 Senect.

130 2840 155 2880 c.
175 2826 207 2880 8:
228 2822 322 2879 Quid?
348 2820 424 2892 qaod
441 2819 527 2875 etiam
544 2821 696 2876 addiecant
715 2822 845 2893 aliquid.-
871 2830 908 2877 at
925 2823 1203 2878 Salonemnerat'ba'e
1221 2822 1284 2892 glo·

117 2893 253 2947 mantem
271 2893 404 2958 videmur,
423 2894 473 2961 aaa·
490 2925 524 2936 -
541 2892 633 2950 ,dicite
656 2898 694 2946 at
712 2910 765 2962 ego
783 2893 850 2963 feci,
869 2897 919 2962 qai
936 2895 1060 2948 Graecm
1081 2893 1181 2948 literar
1198 2910 1284 2949 aeaea

129 2963 229 3019 didici.
249 2962 322 3016 Add.
348 2964 382 3016 de
400 2963 485 3014 Finn.
505 2964 537 3013 V.
557 2967 583 3018 2.
609 2964 696 3017 Acad.
716 2964 754 3017 11.
775 2967 818 3020 16.
843 2965 928 3019 Tusc.
948 2967 1066 3023 tlt-29.
1092 2964 1197 3031 Vellei.
1220 2969 1281 3019 Pat.

128 3037 168 3088 11.
188 3039 232 3091 33.
263 3035 326 3100 '„In
345 3049 402 3103 quo
419 3049 478 3086 non
496 3032 572 3089 illud
588 3034 692 3103 miror,
716 3034 833 3109 defendi
851 3053 867 3096 a
884 3037 945 3092 Wo
966 3036 1067 3090 kensio
1094 3037 1159 3089 loco
1183 3044 1283 3090 nostro

128 3105 287 3158 lectionem
304 3104 461 3179 vulgatam,
480 3120 538 3156 non
556 3104 696 3175 inspectis
713 3105 805 3171 lilerio,
823 3106 905 3176 (quos
916 3055 1017 3159 finiuit
1034 3105 1140 3171 nullos)
1159 3121 1284 3174 quorum
1309 3132 1311 3136 ·

132 3184 161 3229 et
178 3175 302 3246 plurimi
320 3184 350 3229 et
368 3173 473 3244 optimi
489 3173 604 3227 habent-
614 3180 643 3228 et
671 3173 714 3237 (at
731 3176 846 3227 nonnisi
874 3184 997 3245 quatuor
1022 3176 1128 3229 habere
1145 3176 1285 3229 videntur

130 3248 372 3316 Oxx.)'itemque,
391 3262 464 3313 quae
482 3245 517 3297 ad
535 3245 621 3298 Godd.
638 3244 909 3316 proxime‘acce'dit,
931 3247 985 3298 Ed.
1005 3248 1035 3299 P.
1061 3253 1091 3298 et
1108 3252 1285 3315 receperunt

128 3322 167 3384 at,
185 3325 251 3390 post
268 3318 354 3383 Dav„
380 3315 526 3372 FAWoli.
546 3315 632 3369 Schz.
653 3315 716 3381 Ort,
742 3324 839 3388 nequo
864 3334 1037 3388 quemquam
1063 3332 1141 3368 nunc
1165 3316 1284 3386 quidem

130 3391 194 3444 fore
212 3388 309 3455 credo,
327 3388 381 3458 qui
398 3389 559 3459 repetitum
572 3391 616 3452 at,
635 3391 791 3457 'utcunque
809 3389 952 3458 positum,
978 3388 1052 3441 ferri
1075 3403 1157 3457 posse
1180 3405 1216 3440 ne
1238 3394 1283 3441 et:

129 3460 187 3514 hoc
204 3461 307 3525 miror,
324 3476 384 3513 non
400 3459 507 3512 vidisse
525 3458 752 3529 Wopkensiam,
777 3459 865 3530 plane
883 3458 970 3512 aliam
988 3475 1099 3523 eorum,
1127 3405 1237 3529 mosi

130 3531 188 3596 dat,
206 3530 350 3596 locorum,
368 3547 402 3583 ac
419 3530 522 3595 nostri,
542 3547 601 3582 esse
619 3529 771 3595 rationem,
790 3539 820 3583 et
838 3531 919 3583 inter
935 3548 964 3584 se
983 3547 1042 3584 esse
1060 3529 1188 3582 diversos
1206 3527 1286 3582 locos

129 3601 207 3666 istos,
225 3601 380 3670 plerosque
396 3597 448 3655 vel
464 3601 687 3671 explicationem
706 3600 766 3654 sive
777 3596 949 3670 ἔπεξῆγησιν,
966 3601 1016 3654 vel
1030 3600 1284 3670 comparationem,

129 3671 179 3724 vel
198 3671 407 3740 oppositionem
422 3671 568 3738 habentes,
593 3688 647 3724 nec
664 3688 735 3728 vero
754 3671 893 3726 eiusmodi
915 3672 1074 3725 sententiae
1092 3671 1286 3723 continuatio-

1235 3476 1285 3510 au-
1337 3514 1341 3519 ,

131 3759 208 3806 nem,
228 3758 293 3809 qua,
311 3742 336 3793 si
352 3745 384 3794 ut
401 3758 497 3812 ponas,
515 3743 568 3796 fiat
584 3741 730 3814 ἀναφορᾶς
759 3760 833 3813 quae
851 3750 941 3809 certe,
965 3744 989 3794 si
1006 3744 1066 3794 non
1093 3744 1285 3812 est-profecta
1374 3751 1375 3755 ’

130 3814 316 3877 acicerone,
343 3812 458 3866 obtrudi
481 3813 509 3865 ei
528 3830 585 3867 non
603 3814 688 3873 debet
714 3822 815 3867 contra
832 3814 929 3868 libros.
964 3814 1053 3867 Recte
1079 3812 1115 3865 ad
1131 3832 1158 3864 v.
1178 3814 1286 3867 medio·

132 3883 262 3937 critatem
280 3890 379 3935 monet
395 3883 454 3949 On,
472 3899 519 3936 ece
537 3884 589 3953 qui
606 3884 794 3947 Horatianam
811 3885 894 3936 illam
910 3901 1028 3938 auream
1042 3885 1284 3950 mediocritatem,
1391 3939 1395 3951 ¹

131 3962 165 4008 ut
183 3952 348 4019 ridiculam,
375 3961 574 4020 contemnant,
606 3955 683 4007 nihil
712 3956 837 4026 prodere
866 3974 953 4026 quam
985 3952 1181 4030 ignorantiam
1211 3957 1283 4021 eius,

131 4026 207 4097 quod
226 4033 339 4077 veteres
365 4023 497 4076 dicebant
519 4024 555 4076 ed
567 4024 658 4092 ’μηδὲν
679 4026 753 4095 ἄγαν·
769 4026 887 4093 celaia
909 4020 1054 4095 μεσότητα.
1091 4027 1172 4093 Quod
1191 4035 1234 4080 est
1252 4022 1294 4078 inx
1351 4081 1356 4088 ,

131 4113 189 4150 uno
212 4097 262 4149 Ox.
282 4095 379 4150 Duisb.
400 4102 429 4147 et
446 4096 521 4147 Mon.
541 4098 565 4149 1.
586 4093 786 4162 caietimaat,
811 4097 879 4150 inde
898 4098 976 4149 nihil
993 4099 1136 4167 sequitur,
1163 4098 1221 4150 nisi
1240 4097 1285 4148 in·

82 4205 85 4215 ·
125 4168 234 4222 cidisse
260 4169 318 4220 iam
340 4165 457 4236 pridem
483 4168 663 4220 correctores
682 4166 721 4218 ”m
740 4166 870 4232 eandem,
898 4168 930 4220 in
954 4185 1041 4238 quam
1058 4168 1127 4222 Dav.
1148 4178 1179 4223 et
1196 4167 1285 4234 Nisa,

131 4240 336 4294 coniecturam.
373 4237 434 4290 Mr.
466 4288 472 4298 ,
911 4247 918 4257 ·
1024 4252 1025 4256 ’

129 4341 145 4352 ··
202 4311 247 4364 Et
265 4309 298 4364 ia
322 4307 447 4363 manibus
469 4310 528 4376 fere
549 4305 644 4374 retae]
679 4302 774 4384 Vulgo'
798 4313 839 4360 at.
874 4306 1017 4362 Alteram¹
1032 4325 1102 4364 vero
1125 4308 1284 4362 lectionem

131 4389 277 4450 praestant
293 4383 364 4457 Reg.
383 4379 529 4433 Pithoean.
548 4379 621 4433 Med.
640 4377 759 4445 Bak2et
776 4377 891 4432 Balliol.
926 4380 963 4448 D.

202 4449 309 4507 millae
327 4467 419 4507 -aa
436 4449 547 4523 aliquid
563 4449 668 4519 dicere]
703 4451 758 4506 l’ro
776 4465 815 4507 aa
831 4468 905 4506 unas
923 4452 975 4506 Ox.
994 4456 1054 4518 aaa,
1080 4449 1168 4522 quod·
1179 4457 1223 4503 est
1240 4448 1285 4502 in·
