2842 5070
190 278 233 344 56
376 268 608 338 CICERONIS
629 268 875 340 rossoton.
898 269 1127 340 DISPUTAT.

193 428 264 504 esse
294 440 482 522 proprium,
510 447 622 501 motus
653 439 756 501 animi
784 446 975 520 appetentes
1002 458 1120 523 regere
1147 444 1183 499 et
1209 433 1340 517 sedwa,

193 541 389 605 semperque
404 519 635 584 adversantem
647 520 790 599 libidini,
813 520 1018 583 moderatam
1039 523 1075 583 in
1096 521 1188 582 omni
1208 539 1247 582 ro
1268 540 1340 584 ser-

191 623 274 667 vare
305 603 537 678 constantiams
565 604 621 664 oui
649 604 855 668 contrarium
877 605 998 665 vitium
1025 603 1174 684 nequitia
1203 601 1339 665 dicitur.

104 790 108 798 “
192 803 320 840 mannus.
357 787 508 858 Meliorem
525 794 621 839 autem
640 788 691 858 qui
710 786 940 840 emendationem
957 789 1113 859 proferret,
1142 785 1270 840 nondum
1294 803 1345 840 ex·

99 870 100 873 ’
192 858 277 910 stitit.
315 856 375 910 Mr.

263 925 334 980 Eius
358 928 430 981 enim
453 927 565 981 videtur
588 942 649 982 esse
673 925 831 996 proprium]
868 927 939 981 Esse
972 928 1111 981 omittunt
1140 936 1249 997 septem
1272 928 1342 981 Oxx.

191 997 288 1051 Duisb.
308 996 380 1050 Edd.
401 999 451 1053 Ox·
472 997 546 1052 oliv.
572 1000 607 1051 In
624 1017 703 1068 seqq.
722 999 825 1068 scripsi
844 1015 909 1050 cum
930 999 977 1052 Or.
998 1006 1027 1050 et
1044 998 1116 1050 Tbn.
1145 1004 1234 1051 motus
1252 996 1343 1050 animi

195 1073 425 1136 appetentes,
442 1078 476 1121 ut
495 1078 537 1121 est
556 1069 587 1120 in
606 1069 673 1122 God.
693 1071 768 1122 Mon.
789 1074 812 1124 l.
834 1077 863 1121 et
880 1068 933 1124 Ed.
953 1068 1047 1120 bamb.
1067 1069 1184 1151 Reliqui
1203 1068 1344 1138 etscripti

194 1147 224 1192 et
248 1137 319 1192 editi
345 1138 450 1192 babent
473 1139 656 1207 appetentis,
683 1141 776 1192 forma
800 1139 955 1191 accusativi
971 1138 1059 1190 nimis
1077 1139 1217 1222 ernbrgua,
1246 1155 1343 1208 quam,

194 1209 246 1280 qui
273 1210 467 1262 accusativum
491 1210 561 1262 alibi
587 1211 618 1261 in
652 1226 681 1263 es
708 1210 887 1263 desinentem
912 1209 1061 1273 exhibent,
1091 1210 1256 1282 genitivum
1281 1225 1341 1262 esse

194 1279 368 1334 existimasse
387 1280 532 1345 videntur,
551 1289 584 1332 ut
602 1280 688 1333 Billt
708 1282 759 1349 qui
777 1287 864 1333 motus
882 1278 973 1332 aninti
991 1279 1146 1347 appetentis
1156 1280 1282 1350 explicat
1299 1282 1346 1344 τῆς

195 1351 281 1420 ὁρμῆς
299 1349 379 1420 quasi
398 1350 591 1404 nominativus
605 1351 647 1403 sit
665 1350 777 1404 animus
794 1357 938 1420 appetens:
966 1349 1043 1419 quod
1060 1350 1180 1404 minime
1205 1358 1278 1402 esset
1296 1349 1343 1412 ci,

194 1419 394 1474 neronianum:
424 1420 473 1474 sed
499 1422 692 1486 recentiorem
714 1422 852 1491 loquendi
875 1421 1017 1473 rationem
1044 1420 1197 1473 redoleret.
1241 1420 1346 1489 Opera·

195 1509 262 1544 rum
288 1508 386 1544 errore
411 1492 444 1550 iu
467 1490 520 1543 Ed.
545 1493 617 1545 Ero.
644 1501 686 1544 est
714 1508 796 1558 egere
821 1507 874 1561 pro
897 1506 1006 1558 regere.
1043 1492 1110 1542 Mox
1136 1491 1202 1544 (lod.
1222 1493 1298 1543 Mon.
1319 1495 1343 1545 l.

196 1576 304 1628 samque
326 1563 529 1616 adversitatem
553 1560 617 1626 (sio)
644 1561 716 1614 Gud.
739 1568 762 1616 1.
793 1576 902 1628 semper
932 1575 1035 1630 qnae:
1073 1561 1150 1613 idem
1183 1577 1250 1613 cum
1273 1560 1344 1636 Reg.

194 1631 281 1716 blaqb.
303 1631 377 1685 Gud.
396 1635 623 1756 emanassentem.
644 1632 717 1684 Gud.
738 1629 933 1685 adversantis
950 1628 1105 1684 libidinis.
1132 1630 1206 1704 Aug.
1225 1646 1344 1699 semper,

196 1717 299 1755 omisso
317 1719 375 1767 qne.
450 1718 474 1752 r.

265 1773 441 1825 moderatam
458 1770 489 1824 e‘n
507 1771 581 1824 omni
598 1787 762 1824 reservare
781 1768 975 1836 constantiam]
1011 1808 1030 1836 „
1039 1772 1167 1824 incisum
1191 1788 1265 1845 pone
1321 1781 1364 1824 st·

195 1859 236 1897 re.
274 1844 348 1894 Nam
366 1843 539 1898 moderatam
561 1859 620 1894 non
645 1841 679 1893 ad
700 1841 884 1896 constantiam
909 1842 1046 1911 pertinet,
1070 1843 1118 1896 sed
1135 1843 1170 1896 ad
1296 1844 1348 1901 'ta-

195 1911 290 1966 tem.“
308 1911 417 1967 Nissen.
455 1913 559 1966 Merito
577 1915 613 1965 N.
634 1914 780 1966 neminem
798 1914 1000 1982 obsequentem
1018 1912 1127 1964 habuit.
1164 1913 1201 1966 In
1218 1912 1346 1966 anteire

189 1984 370 2038 moderatam
393 1983 480 2036 habet
503 1983 570 2036 Cod.
598 1983 671 2036 Gud.
707 1985 787 2036 Unus
807 1984 856 2036 Ox.
884 1983 995 2035 omittit
1018 1998 1141 2039 sunere.
1178 1985 1285 2037 Vocem
1302 1983 1348 2036 cei

197 2053 308 2107 omittit
326 2053 393 2108 God.
413 2052 487 2106 Gud.
507 2055 533 2108 2.
548 2054 596 2106 'In
614 2053 668 2105 Ed.
687 2053 716 2105 P.
737 2053 905 2106 exciderunt
924 2051 1020 2105 omnia
1039 2052 1104 2106 inde
1123 2072 1140 2106 a
1158 2053 1284 2121 nequitia
1302 2053 1348 2108 di·

196 2124 272 2178 citur
289 2142 378 2192 usque
398 2125 432 2176 ad
450 2124 485 2176 ab
504 2138 544 2176 eo.
581 2122 626 2174 Ad
650 2141 678 2174 v.
703 2123 825 2191 nequitie
849 2142 877 2175 v.
898 2124 1039 2176 Goerenz.
1064 2123 1099 2176 ad
1117 2124 1176 2189 Gis.
1207 2124 1242 2178 de
1259 2124 1346 2187 Finn.

196 2196 229 2250 V.
250 2198 293 2251 20.
315 2198 357 2250 56.
397 2197 432 2248 ln
448 2211 505 2246 uno
525 2194 575 2246 Ox.
596 2193 735 2247 scribitur
752 2201 805 2246 est
828 2192 963 2260 nequitia.
1001 2194 1062 2247 Mr.

120 2280 121 2283 ’
266 2263 443 2335 Frugalitas,
468 2270 498 2326 ut
526 2263 634 2331 opinor,
660 2279 679 2315 a
703 2264 816 2333 fruge]
852 2265 901 2316 Fr.
917 2264 1004 2316 Febr.
1032 2263 1152 2333 opinior.
1189 2264 1235 2318 Ad
1260 2267 1348 2319 verba
1407 2316 1411 2326 ,

195 2353 249 2408 quo
268 2370 301 2382 -
327 2354 342 2390 e
364 2345 442 2390 terra
468 2334 645 2388 Gebhardus:
682 2337 812 2404 „Neque
835 2334 982 2386 Victorius
1001 2352 1094 2404 nequo
1120 2335 1191 2389 Pell.
1218 2335 1348 2406 quinquo

196 2427 263 2462 cum
280 2407 355 2460 Pitb.
375 2408 441 2460 Fab.
462 2414 620 2481 agnoscunt
637 2404 729 2459 oritur
746 2414 809 2477 post
826 2413 913 2459 terre.
949 2405 1007 2457 Pal.
1027 2413 1125 2458 tamen
1142 2415 1262 2476 quartus
1280 2409 1349 2476 quta

196 2477 270 2533 netu
285 2477 383 2531 melius
407 2478 447 2531 in
472 2476 580 2533 terrn.“
605 2477 694 2530 Rehd.
723 2477 807 2531 Vind.
828 2479 853 2532 2.
883 2483 1008 2541 eterra,
1027 2493 1093 2528 cum
1110 2493 1168 2530 uno
1187 2477 1249 2541 Ox,
1268 2475 1347 2542 atius

197 2557 250 2604 est
269 2564 286 2600 α
304 2556 392 2614 terra,
411 2567 483 2601 unus
503 2549 552 2602 Ox.
573 2548 682 2602 omiltit
701 2564 723 2600 e.
744 2548 811 2602 God.
830 2549 905 2600 Mon.
928 2551 952 2600 1.
972 2553 1024 2599 est
1042 2563 1056 2600 e
1074 2553 1162 2600 terra.
1190 2546 1263 2600 Gud.
1291 2553 1348 2601 est

197 2628 282 2674 terra.
304 2621 400 2673 Duisb.
420 2620 493 2694 Aug.
514 2619 622 2673 estin
641 2625 729 2672 terre.
756 2618 829 2671 Edd.
849 2618 882 2668 Α.
902 2618 933 2670 Β.
954 2615 982 2670 S.
1002 2617 1036 2670 E.
1057 2619 1088 2670 C.
1107 2619 1144 2670 Μ.
1164 2617 1197 2669 1..
1217 2618 1298 2671 Junt.
1319 2626 1349 2672 et

197 2691 327 2762 reliquae
346 2700 459 2744 nostrae
478 2700 544 2743 anta
563 2689 654 2744 Gebb.
675 2688 805 2760 (excepta
822 2688 889 2742 Rob.
911 2687 1023 2758 steph.)
1050 2704 1118 2741 cum
1142 2688 1226 2741 Vind.
1249 2692 1273 2744 1.
1301 2688 1350 2741 ad-

102 2786 108 2790 ·
197 2762 291 2816 ditum
308 2761 414 2815 habent
432 2761 524 2815 oritur
541 2770 605 2830 post
624 2767 711 2813 terra.
748 2761 809 2813 Mr.

267 2833 407 2902 Nequitia
424 2832 456 2885 ab
476 2849 509 2886 eo
530 2832 664 2885 -abeo
684 2831 756 2900 quod
781 2831 1009 2900 necquicquam
1032 2827 1071 2883 sit
1095 2827 1128 2883 in
1149 2828 1205 2883 tali
1227 2828 1348 2899 bomine]

197 2903 259 2954 Alii
278 2920 312 2956 ne
331 2902 480 2971 quicquam.
518 2903 608 2956 Varro
627 2903 659 2953 1..
688 2904 726 2959 Ι..
746 2902 795 2953 lib.
821 2902 868 2953 lx.
888 2900 910 2966 §.
930 2902 957 2953 5.
1002 2900 1048 2954 Ee
1065 2918 1101 2954 ne
1127 2907 1155 2953 et
1175 2902 1350 2970 quidquam,

196 2973 291 3026 needia
308 2975 410 3028 extrita
427 2974 545 3044 syllaba,
565 2977 690 3025 eoactum
707 2979 746 3025 est
765 2990 896 3040 nequam.
932 2972 1030 3039 Itaque
1047 2976 1078 3023 ut
1095 2987 1158 3025 eum
1176 2987 1256 3039 puem-
1268 2980 1351 3038 puta·

198 3060 260 3096 mus
278 3060 338 3098 esse
356 3061 413 3097 non
434 3043 634 3104 hilidisimue
653 3042 756 3107 nihi1i3
783 3042 826 3095 sic
843 3042 873 3095 in
891 3058 942 3111 quo
958 3049 1088 3109 putamus
1112 3056 1174 3095 esse
1196 3043 1352 3110 nequid-

199 3130 240 3182 qn
251 3131 303 3167 am
321 3115 444 3169 dicimus
461 3113 586 3185 nequam
604 3151 610 3164 .
650 3112 705 3165 Sed
722 3113 805 3182 parvi
823 3114 924 3166 refert.
970 3113 1030 3166 Hoc
1050 3113 1144 3188 igitur
1162 3113 1267 3194 misso>
1284 3115 1352 3164 vul-

199 3195 265 3258 gata
283 3188 372 3240 lectio
392 3195 434 3239 est
452 3185 567 3250 tuenda,
591 3202 677 3252 quam
701 3192 811 3236 temere
835 3183 1006 3236 sollicitavit
1025 3186 1054 3235 P.
1074 3183 1249 3236 Manucius
1272 3182 1352 3249 Quod

198 3272 281 3310 voces
300 3259 335 3310 ab
354 3274 385 3310 eo
404 3256 599 3332 geminentur,
618 3254 739 3308 alteram
756 3255 853 3328 bigam
870 3253 1027 3306 tollendam
1046 3263 1142 3306 censet
1159 3254 1207 3306 vir
1219 3252 1350 3306 illedoc·

198 3327 333 3379 tissimus.
371 3327 418 3392 At,
438 3327 469 3378 in
488 3323 620 3400 longiore
639 3325 794 3378 verborum
812 3324 910 3391 ductu,
928 3326 977 3376 vel
994 3325 1159 3394 praeterita,
1183 3325 1231 3376 vel
1249 3341 1351 3377 eorum

199 3415 296 3450 sensus
315 3397 416 3449 crebro
435 3404 615 3467 repetuntur.
653 3396 755 3447 Caesar
772 3395 821 3447 lib.
841 3396 893 3448 111.
913 3397 944 3447 Β.
968 3395 1003 3447 G.
1030 3413 1092 3465 caps
1106 3398 1150 3451 22.
1170 3393 1351 3448 Adcantuan·

199 3485 264 3532 nus,
284 3467 331 3534 qui
347 3482 482 3518 summam
496 3467 615 3533 ,imperii
632 3467 749 3530 tenebat,
777 3483 843 3518 oum
861 3466 909 3518 DC
927 3465 1036 3518 devotis
1055 3498 1087 3510 —
1106 3483 1173 3518 oum
1191 3466 1227 3517 iis
1239 3465 1352 3518 Adc'an·

198 3546 322 3589 tuannus
346 3539 516 3606 eruptionem
542 3538 636 3602 faeere
660 3543 781 3590 conatus.
819 3537 925 3589 Noster
948 3535 1026 3588 infra
1052 3553 1112 3606 cap.
1132 3538 1175 3591 28.
1207 3535 1285 3602 Ergo
1309 3537 1349 3602 id,

199 3609 274 3677 quod
298 3606 351 3661 alii
374 3614 481 3660 rectum
504 3607 651 3674 opinantes
676 3607 852 3675 aegritudini
871 3623 900 3660 se
924 3607 1011 3659 rotent
1030 3605 1139 3672 dedere,
1167 3606 1198 3658 id
1221 3605 1247 3660 ii
1270 3613 1351 3676 turpe

112 3677 122 3686 '
196 3685 325 3746 putantes
351 3677 556 3750 aegritudinem
579 3679 745 3746 repulerunt.
784 3678 923 3749 Apuleius
950 3677 1036 3747 Apol.
1060 3678 1124 3752 pag.
1148 3679 1211 3733 46⁷.
1242 3678 1351 3732 Utrum

198 3749 293 3817 igitur
309 3757 391 3818 putas
409 3747 591 3818 philosopho,
610 3764 663 3801 uon
682 3751 828 3803 secundum
839 3748 971 3817 Cynicam
990 3756 1044 3800 etc.
1058 3780 1092 3790 -
1103 3755 1203 3799 utrum
1222 3747 1250 3799 ei
1268 3757 1351 3818 putes

199 3824 291 3886 turpe,
319 3818 394 3870 scire
412 3817 471 3870 ista
489 3835 526 3871 an
544 3818 659 3872 nescire.
678 3822 718 3873 Et
735 3839 800 3895 pag.
820 3821 881 3874 548.
905 3817 1042 3872 Persuase'
1059 3827 1092 3870 ut
1109 3818 1179 3870 filiis
1196 3819 1351 3888 pecuniam

199 3907 278 3940 suam
301 3889 526 3958 reposcentibus,
554 3891 588 3942 de
606 3906 657 3958 qua
681 3906 768 3959 supra
795 3890 854 3942 iarn
881 3887 953 3953 etri,
982 3897 1015 3940 ut
1034 3906 1096 3943 eam
1115 3889 1269 3959 pecuniam
1288 3888 1350 3944 eine

200 3974 280 4021 inore
291 3960 430 4012 redderet.
457 3960 581 4013 Huiusce
621 3962 715 4014 eneris
734 3961 834 4025 multa,
854 3960 881 4011 le
904 3959 1016 4011 entibus
1033 3960 1105 4012 fient
1123 3959 1213 4011 obvia.
1251 3960 1289 4013 D.

270 4029 405 4099 Nequitia
423 4031 457 4083 ab
476 4046 507 4083 eo
528 4058 557 4070 -
579 3979 620 4084 ud
632 4049 663 4084 eo
683 4025 744 4096 -]’
769 4033 850 4083 Prius
869 3977 903 4081 od
921 4045 952 4082 eo
970 4030 1080 4082 delevit
1097 4029 1181 4095 Ero,
1207 4031 1351 4098 posterius

200 4100 352 4152 Manutius.
388 4101 533 4160 Neutrum
552 4102 644 4156 deleri
662 4102 764 4154 volunt
792 4102 868 4170 (post
886 4099 968 4164 Dav.)
993 4100 1106 4153 Nissen.
1125 4099 1272 4155 FAWolf.
1302 4101 1348 4154 Or.

200 4170 308 4235 Kahn,
328 4171 379 4241 qui
397 4182 504 4236 monet,
523 4182 640 4243 praeter
657 4173 753 4225 locum
771 4171 871 4223 Tusco.
891 4171 947 4237 111.
972 4173 1030 4231 28„
1045 4188 1061 4222 a
1077 4170 1192 4223 Davisio
1220 4170 1350 4236 allatum,

201 4241 329 4311 reliquos
347 4243 452 4297 alienos
470 4261 529 4298 esse
547 4245 580 4295 ab
598 4244 629 4299 h.
649 4243 668 4293 1.
705 4243 768 4325 Ego
786 4258 822 4294 ne
838 4240 918 4293 huno
945 4242 1062 4312 quidem
1089 4240 1155 4292 satis
1178 4241 1257 4294 tueri
1278 4240 1351 4294 illud

201 4313 235 4366 ab
255 4331 285 4366 eo
304 4313 402 4385 inepte
428 4315 599 4385 repetitum:
627 4313 667 4364 ibi
691 4329 769 4365 enim
786 4329 853 4363 cum
876 4312 907 4364 vi
934 4312 1080 4382 repetitur
1103 4311 1142 4376 id,
1165 4321 1263 4364 nostro
1287 4310 1351 4364 loco

200 4385 325 4454 repetito
352 4386 386 4440 ab
413 4402 445 4440 eo
471 4386 569 4438 nescio
597 4383 738 4454 quomodo
762 4383 880 4457 languet
907 4392 936 4435 et
958 4381 1082 4436 balbutit
1114 4382 1215 4436 oratio.
1261 4381 1352 4435 Nolui
