2842 5070
512 287 644 352 omne
663 249 725 368 111,
746 290 796 354 re.
1163 290 1223 357 ua

34 447 36 451 ⁴
77 416 288 515 lirasclarnm
311 468 460 512 carmen:
488 454 540 514 est
558 453 647 514 enim
669 461 704 514 et
723 452 835 530 rebus,
861 459 896 516 et
915 436 1045 530 verbis,
1059 462 1094 515 et
1114 451 1221 516 modis
1240 454 1266 505 b·

75 532 227 617 lugubre.
270 534 461 614 Eripiamus
482 533 562 596 huic
581 533 835 618 aegritudinem.
887 534 960 598 Quo
981 532 1096 595 modol
1118 535 1220 597 collo·
1237 526 1284 615 4⁶2
1296 549 1299 555 '

141 713 306 784 Eripiamus
323 712 388 768 uec
404 715 621 785 aegritudinem]
648 716 729 770 Unus
747 716 803 770 Ox.l
815 711 1217 787 Eripiamua'que'demluie.

73 785 267 856 deriptionem
285 784 395 851 culcita,
414 786 509 838 Nonio
526 787 681 859 probatam,
709 785 797 838 multi
814 787 920 840 habent
937 787 1023 840 Oodd.
1055 787 1154 841 Plures
1176 798 1219 840 ta·

71 873 150 920 men,
168 865 202 909 ut
218 856 343 924 ridetur,
363 856 498 909 culcitra:
517 856 561 908 ita
576 857 654 909 enim
672 865 780 927 septem
798 857 869 909 011.
889 857 962 932 Aug.
982 856 1081 910 Duisb.
1100 861 1175 910 Mon.
1189 861 1217 914 2

72 927 145 978 Edd.
164 928 193 979 P.
213 925 246 978 Α.
265 927 295 978 Β.
315 927 344 982 S.
363 928 397 978 E.
418 927 448 980 Ο.
468 928 506 979 Μ.
525 928 595 982 Van.
615 935 704 983 nostr.
728 926 791 979 Asc.
813 932 837 983 1.
857 930 885 982 2.
909 929 990 981 Junt.
1017 927 1081 980 Ald.
1108 928 1216 981 sturm.

72 995 157 1048 Laod.
188 997 309 1050 HWolf.
351 996 436 1051 Illam
468 999 590 1052 formam
617 998 818 1049 commendant
846 997 1040 1068 antiquissimi
1069 999 1155 1051 codd.
1188 1006 1218 1052 et
1267 1009 1270 1015 “
1351 1006 1356 1014 “

35 1107 38 1116 .
72 1069 200 1134 praefert
217 1067 395 1136 Oudendorp.
415 1067 448 1119 ad
468 1067 582 1120 Sueten.
602 1067 665 1119 Tib.
685 1071 728 1122 bl.
756 1069 819 1120 Neo
835 1077 933 1120 tamen
951 1070 1040 1122 altera
1058 1070 1142 1138 plane
1163 1070 1218 1122 im-

71 1137 220 1206 probanda.
259 1138 356 1211 Pergit
375 1137 440 1189 cod.
460 1138 556 1190 Duisb.
585 1138 755 1191 adducamur
775 1140 933 1208 peattriam.
967 1140 1040 1192 Gud.
1064 1135 1217 1207 paetitiam

70 1208 259 1260 educamur.
279 1208 364 1260 Marb.
379 1207 534 1274 psaltriam
552 1210 771 1261 advocamur.
808 1208 866 1262 Mr.

74 1311 76 1315 ψ
141 1277 311 1331 Edricum
327 1279 517 1345 incendamur]
555 1280 664 1344 „Corri
721 1280 847 1332 cedrum:
875 1280 906 1332 in
924 1279 1038 1333 deliciis
1056 1280 1133 1332 enim
1152 1296 1216 1332 are·

71 1346 154 1400 batur
171 1349 271 1401 cedrus
289 1349 368 1399 inter
385 1349 493 1413 odores,
513 1349 594 1402 iuxta
612 1350 667 1401 illu
704 1351 916 1410 maronianum:
966 1383 968 1389 ·

236 1414 302 1472 Urit
320 1419 464 1471 adoratam
482 1425 613 1473 nocturno
630 1421 661 1473 in
678 1420 780 1472 lumine
796 1421 916 1474 cedrum

45 1532 48 1537 ,
68 1484 213 1541 Similiter
229 1490 303 1560 apud
320 1491 477 1541 Homerum
496 1491 618 1560 Calypso
638 1491 698 1542 urit
715 1491 834 1542 cedrum
852 1485 990 1543 scissilem
1009 1490 1103 1543 odoris
1122 1506 1212 1544 causa.

68 1555 117 1609 Sic
136 1560 213 1612 enim
240 1561 282 1612 ait
314 1560 346 1610 in
370 1561 403 1610 V.
424 1559 575 1630 Odysseae:
604 1590 636 1603 —
673 1559 768 1628 τηλόσε
794 1557 894 1627 diduri
922 1560 1028 1632 Κέδρου
1052 1557 1214 1615 e'erimoiroeo

66 1623 138 1682 θύου
157 1627 234 1682 τ’ἇνὰ
252 1634 339 1696 νῆσον
357 1629 459 1684 o’do'dee
477 1630 667 1698 daeous'rur.“
701 1631 869 1684 Beroaldue.

140 1700 259 1752 Cedrum
281 1701 474 1766 incendamur]
516 1701 638 1765 „Aliter
662 1701 769 1754 babent
790 1709 902 1754 veteres
923 1699 1002 1765 libri,
1036 1715 1091 1752 nec
1113 1717 1214 1752 manu·

34 1793 37 1800 ·
65 1769 170 1839 scripti
187 1779 309 1835 tantum,
328 1773 376 1824 sed
394 1772 482 1823 etiam
499 1771 660 1840 primarum
684 1771 910 1840 impresn'onum.
937 1769 1102 1841 hedychrum
1124 1772 1212 1836 enim,

66 1854 125 1890 non
143 1841 263 1905 cedrum,
288 1842 423 1905 retinent,
449 1857 521 1910 quae
538 1855 594 1892 vox
620 1858 687 1893 cum
711 1841 861 1909 aliquando
885 1841 1014 1916 ignotior
1031 1843 1077 1905 sit,
1097 1841 1214 1894 sublata

31 1920 34 1924 ·
65 1909 235 1980 fuitoulpi,
254 1917 384 1981 utputo,
404 1926 512 1976 eorum,
532 1910 584 1983 qui
602 1919 713 1976 cuncta,
733 1912 764 1961 in
822 1925 854 1962 ae
871 1926 929 1964 non
947 1913 1051 1980 passim
1068 1909 1212 1976 incidunt,

64 1979 217 2048 depravata
236 1997 295 2033 ease
313 1989 437 2034 censent.
475 1980 644 2034 cumcuim
662 1997 720 2034 non
736 1928 830 2032 muido
848 1988 915 2033 ante
940 1981 1092 2053 legissentt
1120 1981 1213 2032 incen-

65 2049 115 2101 des
138 2052 240 2103 odorae
266 2057 294 2105 et
319 2055 405 2107 certic
429 2051 561 2104 redimiri
585 2052 699 2105 iubebie.
724 2059 753 2103 et
776 2050 825 2102 lib.
846 2052 932 2102 etiam
949 2052 988 2101 Vt
1025 2049 1143 2102 aderant
1159 2065 1213 2102 un·

62 2125 175 2186 guenta,
198 2135 323 2188 coronae,
355 2121 568 2174 incendebantur
594 2123 708 2187 mom,
740 2120 781 2172 sio
807 2135 920 2189 semper
940 2119 1127 2173 crediderunt
1151 2134 1213 2184 esee

63 2191 227 2264 legendum,
246 2210 312 2245 cum
330 2191 489 2244 verisimile
507 2192 554 2257 sit,
567 2239 570 2244 ,
582 2191 736 2261 aliquando
752 2189 839 2241 etiam
856 2189 1026 2242 Ciceronem
1053 2189 1219 2260 orationem⁵

62 2261 175 2313 variare
192 2263 331 2316 voluisse:
361 2263 427 2315 Non
444 2278 559 2330 pessum
578 2270 673 2314 antem
692 2260 829 2344 cogitare,
858 2276 915 2331 quo
932 2260 1015 2313 modo
1031 2261 1089 2313 hec
1106 2275 1211 2332 nomen

63 2330 95 2381 in
113 2333 323 2400 antiquioribus
349 2331 478 2384 omnibus
502 2332 710 2400 exemplaribus
728 2339 876 2403 integrum
895 2331 1061 2383 inveniatur
1086 2337 1114 2382 et
1132 2329 1211 2383 unde

60 2399 119 2452 huc
143 2401 313 2471 obrepserit,
340 2403 397 2455 nisi
420 2402 587 2486 legitimum
611 2401 649 2454 sit
666 2401 752 2454 buius
775 2400 842 2452 loci.
880 2402 945 2453 Non
970 2402 1048 2454 enim
1067 2408 1109 2454 est
1126 2400 1210 2477 uulgi
1262 2460 1265 2466 ,

60 2470 192 2536 verbum,
219 2481 252 2524 ut
276 2471 363 2525 facile
390 2471 469 2524 credi
493 2470 593 2530 debeat
614 2471 673 2523 huc
695 2470 729 2524 ab
755 2469 853 2539 aliquo
879 2470 1072 2537 inculcatum
1108 2471 1157 2524 sed
1180 2479 1210 2524 et
1290 2519 1295 2526 .

61 2541 205 2594 Graecum
224 2550 253 2596 et
271 2541 393 2615 elegans.
431 2539 531 2594 Solum
549 2556 608 2594 non
624 2556 726 2610 parum
752 2540 883 2610 scrupuli
905 2539 1000 2606 affert,
1026 2541 1104 2610 quod
1130 2541 1211 2595 iuter

60 2624 81 2663 u
122 2620 208 2664 uenta
225 2613 330 2682 potius,
349 2629 434 2682 quam
453 2613 644 2682 odoramenta,
663 2607 870 2680 Hadycdmuua
888 2611 1007 2664 medicis
1025 2617 1209 2664 recensetur:

61 2699 100 2732 un
121 2682 195 2736 cita
212 2683 389 2754 appellatum
404 2683 509 2735 volunt
527 2681 603 2751 quod
620 2689 733 2755 gratam
750 2690 867 2751 aspectu
889 2698 1060 2750 suavemque
1084 2688 1113 2732 et
1138 2680 1209 2732 niti-

59 2751 125 2804 dam
143 2762 240 2805 eutem
258 2753 400 2818 redderet,
419 2770 452 2805 ac
469 2752 627 2805 bonitatem
645 2750 749 2804 coloris
766 2759 933 2821 praestaret
956 2748 1133 2815 Victoriae?
1150 2748 1220 2803 lde-x

59 2819 192 2891 dychrum
209 2823 336 2893 reposuit
354 2823 428 2874 Vict.
448 2823 509 2876 siue
527 2822 642 2891 quidem
660 2839 750 2886 causa,
779 2831 812 2874 ut
830 2823 941 2892 opinor.
963 2852 994 2865 -
1019 2821 1210 2892 Hedyclrrum

58 2898 189 2947 σκευασία
216 2894 354 2963 quaedam
378 2900 421 2945 est
444 2892 605 2945 rotularum
629 2909 678 2944 eeu
696 2892 891 2946 orbiculorum
909 2892 1095 2958 medicorum,
1121 2908 1207 2960 quarn

58 2963 107 3016 illi
136 2963 454 3032 appellantonwaotau
478 2961 632 3031 ἦδυχρόου,
659 2959 735 3029 quod
759 2961 885 3036 eleganti
912 2971 940 3014 et
965 2963 1090 3016 iucundo
1107 2963 1209 3015 colore

57 3040 140 3084 esset.
177 3033 242 3083 Etsi
260 3036 359 3084 autem
374 3033 528 3084 aromatica
547 3033 639 3083 multa
657 3030 783 3085 adhunc
801 3034 864 3101 capi
880 3034 1109 3103 praecipiuntur,
1128 3033 1207 3084 inter

58 3120 92 3157 ca
109 3110 216 3165 tamen,
239 3109 459 3170 quaeurantur,
482 3102 517 3154 ad
534 3101 643 3165 odores,
668 3103 880 3154 conrefertur.
918 3103 1008 3168 Quare
1032 3103 1145 3156 cedrum
1160 3119 1208 3154 re-

56 3173 217 3232 tineamus„
229 3189 294 3223 nam
311 3170 387 3224 haud
406 3171 492 3224 etiem
510 3173 581 3234 scio,
598 3189 634 3223 an
652 3187 709 3223 non
727 3179 785 3223 tam
804 3173 954 3240 antiquum
971 3171 1208 3229 hocvocabulum

56 3235 200 3312 ἦδυχρόου
218 3242 266 3311 sit,
285 3250 318 3293 ut
335 3241 437 3294 Cicero
456 3259 521 3294 usus
539 3242 593 3295 illo
612 3258 670 3293 esse
688 3240 851 3295 videamr.“
869 3241 1022 3297 Gamerae·
1053 3240 1160 3306 „Quid
1180 3240 1206 3292 si

57 3331 93 3366 ex
110 3308 277 3381 hedycbrum
294 3313 430 3364 faciamus
448 3312 560 3377 cedrum
579 3310 733 3382 actbyum?
752 3311 943 3364 indicantibus
958 3309 1044 3363 libris
1060 3310 1207 3363 veteribus
1301 3354 1304 3359 .

56 3384 266 3439 correctionem
286 3391 314 3434 et
332 3382 522 3436 confimnante
540 3383 661 3434 Homeri
677 3398 763 3434 versu
782 3398 818 3433 ex
836 3381 958 3452 Odyssea
975 3384 1008 3432 V,
1029 3379 1122 3446 [60.]“
1152 3379 1208 3433 Ur-

55 3453 145 3506 eiuue.
181 3455 241 3518 „ln
259 3454 320 3505 cod.
341 3462 399 3506 ant.
419 3453 448 3506 le
472 3454 532 3508 'tur
549 3453 674 3517 edricon,
701 3460 735 3503 ut
752 3453 870 3504 sortasse
889 3451 1041 3526 legendum
1066 3452 1104 3503 sit
1124 3449 1207 3518 moy-

55 3521 159 3577 etrum.
197 3523 245 3577 sic
269 3525 347 3576 enim
374 3471 519 3582 aGaidno
543 3524 740 3593 appellabatur
768 3522 905 3591 quaedam
928 3522 1108 3591 compositio,
1131 3538 1205 3590 quac

56 3593 221 3668 ingreditur
237 3593 399 3666 theriacen:
419 3603 453 3649 ut
469 3597 589 3647 fortasse
608 3594 707 3647 eodem
718 3591 861 3646 'vocabulo
879 3593 1023 3663 appellata
1033 3592 1125 3663 fuerit
1137 3607 1205 3644 con-

54 3664 144 3718 fectio
170 3664 306 3732 quaedam
327 3665 451 3725 odorata.
476 3665 606 3735 reposuit
625 3662 836 3725 umerorum
859 3680 926 3715 cum
950 3661 1120 3715 vocabulum
1146 3677 1205 3713 non

54 3733 267 3807 intelligeret.“
287 3733 390 3790 domm.
412 3735 464 3793 riu.
483 3751 527 3804 ap.
547 3734 630 3789 leod
668 3730 869 3802 „Hedrpcbum
889 3733 1081 3797 trucutanae,
1110 3733 1206 3786 demae
1303 3769 1306 3774 Δ
1377 3741 1383 3763 t

53 3802 208 3867 scutellam]
233 3840 251 3868 ‚,
260 3806 420 3860 institimus
438 3806 561 3859 Victorii
580 3805 713 3860 editionis
723 3805 772 3870 (.):
793 3821 879 3874 quam
896 3803 1062 3874 comprobat
1078 3803 1136 3856 Pal.
1155 3805 1201 3856 Pr.

53 3876 227 3928 adducamur
246 3912 253 3926 .
273 3915 281 3928 .
300 3917 309 3932 .
327 3876 453 3930 edricum
470 3878 660 3940 tacendumne,
680 3877 774 3929 temne
792 3874 944 3927 scutellam.
973 3874 1087 3927 secund.
1108 3875 1204 3927 denum

41 3943 220 4008 badericum,
248 3945 426 4000 incendamur
452 3947 770 4002 redeundumne
792 3951 848 4012 pot.
871 3954 940 3999 tert.
965 3947 1081 4000 deantur
1102 3942 1205 4012 bedrp·

52 4033 123 4082 cum,
143 4015 320 4070 incendamus
338 4017 488 4071 scutellam.
508 4027 602 4088 quart.
621 4018 721 4071 darana
739 4014 855 4069 bedrum
873 4015 1004 4070 incend.“
1023 4012 1104 4068 Gebb.
1131 4016 1202 4069 Dav.

53 4089 85 4139 in
103 4087 156 4139 Ed.
176 4091 201 4141 1.
226 4094 290 4155 post
315 4087 411 4139 locum
436 4087 611 4141 Dioscoridis
625 4088 670 4150 ,in
693 4105 758 4140 ann.
778 4086 819 4138 ita
866 4087 998 4162 argebati
1036 4085 1154 4151 „Adisis
1172 4091 1204 4136 et

51 4159 153 4212 Herm.
172 4157 330 4208 Barbarum
347 4156 453 4211 coron.
474 4173 498 4209 c.
520 4161 562 4212 lt.
589 4158 713 4210 Uteum
736 4103 911 4224 scruposum>
930 4156 1074 4219 tollamus,
1103 4164 1204 4208 notan·

52 4228 121 4281 dum
140 4227 253 4282 MSStos
271 4229 330 4282 Pal·
348 4244 404 4282 sec.
423 4234 491 4280 tert.
512 4234 605 4295 quart.
625 4227 744 4282 Nor-vic.
761 4228 888 4281 Petrens.
908 4236 1037 4296 excepta,
1056 4243 1141 4295 quam
1155 4223 1204 4287 [ex

52 4297 175 4363 atiena]
194 4299 359 4364 memoravi,
378 4297 513 4362 lectionis
530 4297 730 4366 discrepantia,
749 4296 790 4349 ita
807 4312 891 4349 voces
909 4297 1056 4350 ordinaret
1077 4294 1116 4360 [v.
1136 4311 1201 4345 ann·

52 4367 136 4435 Dan]
157 4369 232 4425 unde
260 4368 407 4426 commode
430 4367 534 4439 reponi
550 4381 631 4438 posse
656 4366 752 4420 credo:
770 4367 931 4435 psaltriam
957 4368 1134 4429 adducamur,
1154 4363 1204 4416 de·
