2842 5070
127 377 129 380 ,
206 315 249 380 m
414 307 642 374 cmmoms
663 306 909 396 rosunum,
931 307 1163 374 msrumr.

208 469 369 562 σώφρονα
400 474 578 556 appellant,
611 493 749 555 eamque
782 473 945 534 virtutem
974 467 1153 559 σωφροσύν
1225 481 1360 553 vocant,

208 579 304 640 quam
333 557 421 618 soleo
451 555 602 638 equidem
624 575 700 616 cum
719 557 985 638 temperantiam,
1006 563 1078 617 tum
1093 574 1150 623 ⁴mo
1176 558 1360 620 emtionem

208 641 383 720 appellare,
412 652 658 717 nonnumquam
681 640 782 697 etiam
804 637 1017 697 modestiam:
1039 635 1097 697 sed
1118 637 1207 698 haud
1228 639 1297 719 scio
1318 659 1360 701 an
1401 633 1405 641 ’

204 729 298 782 recte
327 740 365 781 ea
392 721 503 780 virtus
531 720 707 804 frugalitas
736 719 898 798 appellari
925 721 1040 799 possit,
1069 718 1157 798 qnod
1187 724 1359 802 angustius

207 801 295 884 apud
318 801 464 863 Graecos
486 802 587 876 valet,
617 803 673 882 qui
694 803 785 885 frugi
807 800 958 861 homines
977 795 1159 884 χρησίμους
1179 804 1359 883 appellant,

200 927 361 936 ..m-...0

206 973 261 1024 Pro
289 970 365 1022 soleo
391 966 553 1035 equidem
582 967 725 1036 scriptum
753 975 799 1021 est
822 969 897 1019 solen
922 967 1059 1035 quidem
1085 969 1118 1020 iu
1135 971 1212 1023 Mon.
1232 974 1256 1024 l.
1277 974 1302 1026 2.
1330 979 1359 1025 et

207 1040 317 1094 duobus
336 1039 406 1091 Oxx.
428 1038 495 1092 God.
515 1037 588 1112 Aug.
610 1038 722 1090 omittit
740 1039 826 1090 verba
844 1054 959 1107 eamque
978 1071 1011 1081 -
1030 1045 1138 1091 vocant.
1176 1042 1234 1094 Mr.

280 1109 510 1175 moderationem]
546 1108 590 1161 Aa
608 1107 637 1159 h.
656 1109 677 1160 l.
696 1109 755 1164 vid.
776 1108 909 1162 Gerlach.
937 1109 972 1160 ad
997 1108 1066 1163 Sall.
1092 1110 1181 1163 catil.
1205 1116 1244 1165 11.
1263 1129 1292 1182 p.
1312 1114 1356 1168 67.

209 1181 351 1235 Goereuz,
376 1182 411 1233 ad
430 1180 490 1234 (iic.
516 1180 551 1232 dc
570 1180 654 1232 linn.
675 1180 713 1232 ll.
737 1183 779 1234 19.
799 1181 842 1233 oo.
869 1177 1058 1233 Doederleiur
1087 1181 1158 1234 hat.
1179 1181 1309 1252 Synon.
1327 1201 1356 1238 u.

208 1251 366 1321 Etymol.
387 1252 424 1303 ΙΙ.
448 1269 477 1320 p.
498 1253 558 1307 206.
596 1248 640 1302 Ad
657 1270 685 1303 v.
705 1249 779 1302 aaut
796 1250 856 1302 scia
883 1267 920 1302 an
946 1258 1020 1303 recte
1038 1251 1127 1303 Henr.
1147 1250 1309 1322 Stephanus
1325 1253 1360 1307 iu

92 1350 97 1357 «
208 1321 471 1376 Nizoliodidascalo
489 1339 518 1390 p.
539 1325 590 1392 luo
608 1338 649 1388 sq.
685 1322 862 1387 ‚‚Quamvis‚
882 1323 968 1384 ait‚e
1023 1337 1082 1374 nou
1093 1323 1244 1404 ignorem,
1269 1323 1359 1377 talem

210 1410 294 1446 usum
314 1408 374 1445 esse
391 1391 546 1445 verborum
563 1389 638 1443 laud
653 1393 721 1455 scic,
741 1391 902 1459 itidemque
920 1407 971 1443 ver
991 1393 1001 1443 i
1023 1408 1124 1458 nestra,
1150 1394 1225 1462 apud
1244 1394 1359 1447 Gieera·

208 1479 288 1528 nem,
312 1468 346 1514 ut
363 1462 460 1531 potius
487 1464 547 1515 sint
570 1462 740 1514 arbitrantis
757 1477 821 1514 rem
840 1462 881 1513 ita
907 1461 1071 1527 rehabere,
1116 1480 1180 1516 uam
1207 1479 1265 1517 non
1283 1465 1358 1518 arbi·

207 1533 332 1586 mantis:
356 1540 456 1586 tarum
474 1534 515 1586 ita
533 1532 615 1601 loqui
633 1549 719 1585 nemo
742 1533 849 1585 dixerit
868 1548 929 1584 esse
953 1533 1065 1603 aliquid
1088 1481 1175 1602 dane
1200 1534 1356 1588 affirmare.

203 1602 329 1659 ‚Etenim
346 1621 384 1656 ne
402 1604 427 1655 is
447 1603 573 1672 quidem,
592 1604 643 1671 qui
662 1603 703 1654 ita
715 1603 891 1671 loqueretur
916 1604 988 1655 Eam
1016 1604 1144 1656 uirtutem
1169 1613 1242 1657 recte
1258 1607 1359 1674 fruga-

154 1731 156 1734 ,
207 1674 317 1727 litatem
335 1674 472 1741 appellari
487 1689 569 1741 posse
587 1673 726 1736 arbitror,
747 1674 787 1725 ita
805 1690 888 1742 posse
906 1675 1049 1744 appellari
1068 1675 1243 1730 affirmaret:
1262 1676 1358 1728 nihilo

206 1751 286 1798 certe
304 1746 407 1818 magis,
427 1762 512 1812 quam
532 1744 556 1796 si
575 1744 685 1797 Graece
704 1745 824 1813 loquens
844 1742 972 1797 diceret:
996 1752 1102 1814 μήποτε
1119 1747 1152 1798 δὲ
1170 1746 1288 1803 dureris
1304 1742 1359 1814 213¹

206 1815 271 1867 vid.
291 1814 564 1884 quoslautavimus
582 1814 618 1865 ad
634 1814 688 1869 Ed.
708 1816 781 1866 min.
802 1813 863 1867 cio.
885 1815 920 1868 de
937 1816 974 1867 N.
993 1816 1027 1868 D.
1049 1817 1073 1869 Ι.
1091 1819 1117 1871 2.
1137 1821 1162 1871 4.
1188 1835 1217 1886 p.
1238 1820 1262 1870 ⁷.
1286 1816 1357 1872 Add.

205 1885 240 1938 A.
260 1885 295 1937 G.
316 1883 478 1940 Gernhard,
498 1886 530 1936 in
549 1882 680 1937 Seebodii
697 1883 837 1937 Archiv
860 1887 881 1937 f.
903 1885 1033 1938 Philol.
1059 1906 1087 1938 u.
1108 1887 1257 1962 Paedag.
1279 1890 1369 1948 1824„

206 1956 229 2008 l.
249 1973 277 2024 p.
297 1955 463 2009 lut-ltu.
502 1955 535 2006 A.
556 1954 696 2008 Matthiae
720 1955 758 2006 ib·
781 1957 856 2010 1825.
877 1957 898 2007 Ι.
917 1974 947 2026 p.
967 1959 1094 2012 26-29.
1135 1957 1298 2013 Gernhard,
1323 1957 1359 2009 ad

206 2026 267 2079 Gic.
289 2025 369 2078 lael.
387 2027 549 2080 246-262.
571 2024 656 2077 eund.
677 2026 708 2076 iu
727 2023 846 2078 Seebod.
865 2026 901 2078 N.
921 2026 1040 2079 Archiv.
1062 2030 1137 2082 1826.
1157 2027 1179 2078 1.
1198 2046 1227 2097 p.
1238 2030 1358 2083 418--36,

205 2097 302 2150 Beier.
331 2095 363 2146 iu
389 2094 524 2146 Excursu
549 2094 583 2147 de
610 2093 748 2146 formulis
771 2094 939 2149 dubitanter
958 2097 1143 2150 decernendi.
1167 2099 1202 2151 ad
1226 2098 1359 2150 Laelium

205 2185 234 2237 p.
254 2169 321 2222 2¹2:
355 2170 385 2216 et
410 2164 547 2216 universa
571 2167 962 2218 tota-commentatioelectu
978 2168 1161 2241 dignissima,
1185 2183 1359 2238 quamquam

207 2238 306 2289 statim
330 2234 362 2285 in
385 2233 533 2302 principio
558 2233 579 2298 §.
600 2233 624 2283 3.
651 2234 760 2284 mirum
786 2236 817 2284 iu
844 2234 961 2285 modum
987 2234 1098 2304 lapsus*
1112 2247 1164 2300 est,
1201 2255 1266 2290 oum
1285 2238 1360 2291 alias

206 2305 344 2374 carpendi
364 2303 470 2365 studio,
494 2319 550 2372 quo
574 2302 724 2376 flagrabat,
750 2304 894 2373 abreptus,
918 2306 1091 2373 quominus
1114 2304 1234 2378 inge'uio
1253 2310 1360 2360 acutis-

206 2376 280 2428 simo
307 2373 344 2426 ad
367 2373 523 2425 veritatem
548 2374 757 2448 agnoscendam
775 2378 916 2438 uteretur,
945 2374 1102 2444 impeditus
1129 2391 1191 2429 esse
1215 2374 1356 2429 videatur.

91 2482 94 2488 .
205 2443 299 2504 Hand„
319 2441 480 2496 Tursellin.
500 2443 522 2497 l.
545 2460 574 2513 p.
593 2446 645 2497 31⁰
664 2461 725 2512 sqq.
754 2459 807 2497 nos
831 2443 867 2495 ad
886 2445 944 2496 Cio.
972 2445 1007 2497 de
1030 2445 1098 2514 Rep.
1119 2444 1157 2499 ΙΙ.
1176 2448 1220 2502 23.
1246 2450 1357 2516 12:284.

205 2513 241 2567 Iu
268 2510 334 2568 cod.
360 2511 434 2565 Gud.
464 2521 509 2565 est
533 2527 566 2565 en
589 2513 680 2565 uirtus
704 2520 790 2579 recte,
817 2514 850 2575 in
866 2514 966 2571 Duisb.
994 2515 1154 2583 frugalitas
1178 2518 1273 2570 eadem
1299 2517 1359 2570 otr-

205 2591 261 2637 tna.
299 2586 360 2638 Mr.
1238 2610 1244 2618 ·

189 2690 191 2694 v
277 2656 349 2725 qnod
366 2652 518 2720 cognatior
535 2653 611 2720 apud
630 2653 752 2706 Graecos
770 2652 855 2718 ualet]
875 2655 978 2721 „quod
996 2671 1033 2707 sc·
1053 2657 1184 2709 verbum.
1208 2659 1282 2713 Nam
1300 2674 1360 2713 non

205 2725 373 2778 coniunctio
393 2732 452 2788 est;
471 2724 626 2776 verborum
643 2723 876 2776 antecedentium
903 2741 1002 2776 sensus
1028 2735 1124 2778 autem
1149 2727 1234 2781 talis:
1263 2729 1359 2783 Credo

205 2803 287 2850 reete
306 2794 527 2849 eam.virtutem
544 2793 744 2868 frugalitatem
763 2793 906 2863 appellari
924 2795 1039 2863 posse.“
1056 2797 1167 2850 Nissen.
1200 2797 1360 2853 Commode

207 2867 256 2920 Or.
275 2867 311 2919 ad
328 2864 437 2921 Wolfii
455 2863 567 2917 scholas
587 2863 659 2915 haec
678 2863 719 2914 ita
739 2862 879 2932 explicata
908 2865 1011 2933 „quod
1029 2867 1139 2921 Graece
1161 2867 1248 2922 aliter
1275 2870 1359 2923 reddi

206 2938 319 3006 nequit,
338 2952 424 3006 quam
444 2940 596 3004 χρήσιμοςι
614 2932 672 2984 hoc
690 2941 787 2984 autem
797 2942 842 2984 est
857 2935 1024 3016 angustius:
1043 2953 1111 2988 nam
1130 2938 1205 3007 apud
1223 2955 1275 2993 nos
1293 2946 1362 3011 χρή-

206 3021 287 3076 σιμος
304 3013 417 3058 tantum
436 3013 480 3058 est
496 3003 595 3070 ultim
625 3003 710 3071 frugi
733 3006 839 3055 autem>
855 3003 943 3055 latius
967 3007 1079 3074 patet.“
1114 3007 1269 3062 Kiihnerus
1287 3011 1360 3076 quod

206 3086 288 3133 reete
306 3078 439 3146 exponit:
468 3074 507 3138 id,
527 3073 605 3142 quod
621 3072 823 3147 frugalitatem
849 3073 980 3140 dicimus,
1005 3093 1040 3128 an
1064 3079 1154 3131 ustius
1174 3081 1250 3149 apud
1269 3076 1359 3134 Grae·

207 3165 256 3202 cos
275 3148 362 3201 valet.
400 3147 482 3199 Unus
503 3143 553 3196 01.
577 3151 644 3211 post
661 3143 811 3218 angustius
831 3144 909 3196 addit
927 3152 976 3198 eat.
1049 3164 1074 3199 r.
1155 3163 1156 3167 ¹

276 3217 371 3284 Frugi
391 3214 518 3268 dominer
541 3218 695 3283 χρησίμους
719 3214 860 3280 appeltam
888 3215 955 3280 eta]
994 3215 1112 3270 Glossae
1129 3227 1257 3273 veteres:
1286 3218 1359 3274 tru-

205 3289 294 3354 gatis,
319 3294 462 3356 χρήσιμος.
500 3283 629 3337 Donatus
654 3284 689 3336 ad
713 3281 844 3336 Terentii
868 3284 1003 3338 Eunueh.
1033 3293 1096 3340 Act.
1115 3290 1167 3341 lll.
1195 3290 1240 3345 So.
1260 3292 1294 3356 V,
1312 3295 1358 3348 60.

119 3399 127 3407 .
206 3359 298 3434 Frugi
314 3357 396 3411 utilis
415 3363 443 3408 et
460 3354 644 3419 necessarius,
663 3360 694 3404 ut
712 3354 812 3421 fruges
829 3352 945 3408 bumana
963 3359 1070 3423 generi.
1109 3360 1201 3434 Frugi
1220 3366 1262 3413 est
1279 3377 1359 3431 ergo,

205 3428 238 3482 t‘n
256 3446 309 3498 qna
328 3433 371 3479 est
395 3425 517 3494 aliquid,
542 3440 592 3488 qua
615 3425 754 3488 fruamur,
780 3423 813 3476 id
836 3432 890 3490 est,
914 3433 1031 3479 utamur.
1065 3429 1123 3481 itis
1171 3432 1267 3483 emina
1291 3450 1359 3505 ger·

206 3516 292 3553 mana
308 3496 418 3566 repetit
438 3493 515 3562 idem
535 3493 748 3557 Grammaticus
771 3493 807 3546 ad
823 3495 889 3547 Act.
909 3496 958 3548 IV.
984 3495 1030 3552 Sc.
1050 3500 1115 3563 Vll,
1133 3449 1182 3557 oi:
1215 3499 1253 3552 At
1276 3509 1358 3556 reeta

204 3576 304 3622 monet
320 3566 448 3628 Tullius,
466 3563 542 3616 hauc
558 3580 660 3616 vocem
679 3565 826 3619 interdum
845 3566 932 3619 latius
950 3575 1059 3636 patere.
1097 3568 1154 3632 Sicv
1165 3577 1194 3624 et
1208 3569 1294 3622 Tuse.
1306 3572 1357 3636 IV,

124 3694 126 3699 ¹
207 3643 248 3694 16.
287 3634 577 3704 Intellegitur'qualr's
595 3634 646 3686 ille
664 3635 714 3699 sit,
734 3652 812 3705 quem
830 3652 892 3688 cum
909 3638 1089 3703 moderatum,
1114 3645 1173 3692 tum
1191 3647 1358 3709 ¹temperan-

206 3717 268 3771 tem,
292 3706 526 3771 continentemque
546 3705 678 3757 dicimur.
715 3707 928 3775 Nonnumquam
952 3707 1019 3760 baec
1044 3710 1139 3778 eadem
1165 3713 1301 3775 aoeamrla
1320 3713 1359 3765 ad

205 3777 387 3850 frugalitatis
411 3791 509 3828 nomen
533 3782 664 3842 tanquam
680 3776 816 3843 adcapnt
839 3778 948 3840 referre
964 3780 1098 3833 volumus.
1138 3781 1301 3845 Quodnisi
1325 3799 1357 3835 eo

207 3847 318 3900 nomine
340 3845 462 3898 uirtutes
486 3846 700 3910 continerentur,
731 3862 869 3919 nunquam
894 3847 938 3898 ita
954 3851 1151 3917 pervulgatum
1172 3852 1248 3904 'illud
1271 3858 1355 3917 earet,

205 3923 238 3969 ut
255 3917 314 3969 iam
330 3917 472 3984 praeteristi
491 3918 580 3969 locum
598 3915 734 3968 adtineret
747 3924 805 3968 etc.
842 3917 1004 3986 Utramque
1028 3921 1108 3973 vocis
1131 3920 1253 3976 huiusce
1276 3929 1358 3992 pote-

206 3995 310 4040 statem
328 3987 489 4039 subindicat
507 3987 721 4053 Quinctilianus
739 3987 810 4037 lust.
831 3987 907 4042 Orat.
927 3987 977 4039 lib.
998 3988 1021 4044 1.
1041 4007 1101 4058 cap.
1122 3995 1148 4047 6.-
1178 3995 1221 4045 M.
1243 3992 1358 4045 Coelius

206 4074 236 4110 se
254 4074 315 4111 ease
333 4056 469 4110 dommim
492 4059 576 4132 frugi
600 4059 657 4107 uult
679 4057 811 4122 probare,
833 4059 971 4126 nunquia
995 4060 1140 4114 abstinens
1164 4062 1204 4114 rit
1228 4064 1308 4127 (nam
1325 4063 1359 4115 id

204 4145 238 4181 ne
255 4130 372 4181 mentiri
390 4129 499 4195 quidem
514 4131 639 4194 poterat)
659 4127 709 4178 sed
727 4125 790 4192 quia
808 4128 892 4180 utilis
910 4129 1015 4194 multis,
1043 4132 1075 4182 id
1089 4138 1149 4191 eat,
1176 4135 1356 4199 fructuosus,

205 4201 275 4253 unde
293 4201 330 4252 ar't
349 4200 423 4252 dicta
445 4198 610 4272 frugalitas,
648 4196 776 4248 isidorus
795 4197 871 4273 Orig.
892 4197 941 4250 lib.
961 4200 994 4250 X.
1019 4217 1084 4275 pag.
1106 4204 1184 4257 1074.
1222 4203 1357 4279 Frugalis

205 4286 223 4322 a
240 4274 328 4345 fruge
346 4270 513 4330 nominatas,
529 4267 562 4319 id
580 4273 629 4330 est,
655 4268 782 4331 asmata
799 4269 844 4320 uel
857 4269 1048 4336 parsinzonio3
1078 4271 1148 4334 sine,
1171 4278 1202 4324 ut
1228 4273 1288 4326 alii
1308 4289 1356 4326 oo-

205 4342 270 4407 lunt,
289 4358 307 4393 a
325 4340 484 4394 modestiae
497 4337 694 4403 temperantia.
732 4339 899 4412 Legendum
918 4357 935 4392 a
953 4342 1087 4394 modestia
1115 4349 1141 4396 et
1159 4343 1354 4410 temperantia.

204 4413 258 4469 Res
277 4415 347 4485 ipsa
357 4412 486 4464 clamat..
510 4407 546 4459 D.
