2842 5070
660 185 794 235 ,1,

36 376 38 380 .
76 315 93 347 '¹
138 321 197 386 ltt
262 316 293 326 ”’
328 316 556 380 CICERONIS
578 313 825 382 TUSCULAN.
846 317 1076 383 DISPUTAT.

136 479 311 546 floridam
333 478 443 542 variat
474 480 669 541 fasciculum
699 479 740 541 ed
768 500 864 541 nares
891 479 1102 543 admovebis?
1127 480 1287 544 incendes

138 559 276 623 odores?
307 569 341 621 et
361 563 459 622 sertis
482 562 636 622 redimiri
658 559 788 622 iubebis
810 571 844 623 et
865 561 960 623 rosal
992 565 1021 622 si
1047 582 1129 624 vcro
1156 564 1286 646 aliquid

138 647 249 722 ctiam,
269 676 311 690 -
332 650 403 704 tum
425 643 523 723 plane
545 643 671 704 luctum
691 662 823 705 omnem
843 645 1054 707 absterseris.

136 851 169 900 in
187 846 317 900 oratione
332 839 553 914 Latins,‘quu1n
572 843 733 898 eiRomana
753 861 810 899 vox
825 861 883 901 non
905 844 1024 911 deesset,
1044 842 1128 898 tedia:
1148 845 1288 901 etacrior

137 925 181 971 est
194 918 286 971 'tibiae
297 931 394 979 sonus,
412 932 498 984 quam
509 922 542 967 ut
555 931 686 971 maerore
696 913 851 981 afflictum,
870 920 901 968 et
918 915 1103 991 aegritudine
1112 933 1288 986 oppressum

136 985 283 1043 delectare
306 994 356 1037 aut
381 985 509 1039 mulcere
533 985 634 1053 possit.
671 984 958 1055 Hydraulaenutem
987 1001 1074 1039 sonus
1099 987 1288 1041 suavissimus
1336 997 1341 1000 ’

137 1065 231 1181 ῗέιεῒ
250 1055 463 1109 dulcissimus.“
480 1053 529 1108 Fr.
547 1053 657 1108 Fabric.
681 1054 845 1125 „deraah‘
862 1052 1029 1111 constanter
1038 1055 1121 1131 Regii
1134 1054 1287 1113 Codices.“

193 1131 343 1180 lemannus·

208 1212 367 1283 Hydrnnli]
403 1211 447 1264 Ad
463 1211 538 1266 hanc
556 1213 744 1282 scriptionem
769 1173 836 1266 culn
855 1215 991 1282 proxime
1008 1214 1158 1270 accedant<
1172 1215 1288 1284 optimi,

44 1294 58 1347 ’,
139 1302 235 1354 neque
252 1285 340 1340 nimis
358 1285 447 1357 longe
458 1283 606 1337 discedant
622 1282 684 1348 otii,
698 1301 760 1341 enm
778 1285 877 1352 recepi
890 1299 957 1337 cum
968 1282 1051 1352 syth.
1058 1284 1150 1337 Bruto
1162 1293 1193 1338 et
1210 1302 1287 1340 rsus.

140 1355 207 1409 inde
225 1372 243 1407 a
256 1352 417 1419 Gebhardo,
436 1354 494 1405 nisi
512 1351 589 1423 quod
606 1342 679 1407 halt
700 1362 729 1409 et
747 1352 821 1407 oliv.
840 1362 1014 1422 receperunt
1031 1354 1192 1424 ὑδραύλεως.
1230 1355 1289 1409 Hs·

136 1425 209 1479 ‘bant
226 1433 323 1478 sutem
341 1432 399 1477 tres
419 1423 488 1487 Oxx„
510 1433 539 1478 et
556 1426 631 1477 Mon.
651 1427 676 1479 2·
695 1439 819 1477 vacuum
836 1425 975 1492 epatium,
1002 1425 1059 1477 duo
1077 1423 1192 1492 lipardi,
1211 1442 1288 1480 unus

141 1503 172 1550 st
189 1497 264 1548 Mon.
285 1497 310 1549 2.
330 1499 355 1550 1.
381 1492 508 1558 κυθάρας,
527 1511 602 1545 unus
618 1491 760 1562 lyaralas’,
785 1493 859 1549 cut.
880 1498 905 1547 l.
930 1493 1069 1549 dVArols'.
1094 1495 1168 1549 uua
1188 1499 1215 1552 2.
1238 1494 1289 1564 Ity·

122 1588 128 1615 ι
141 1567 228 1620 droti.
249 1565 336 1619 Marb.
355 1563 429 1638 Aug.
448 1562 565 1617 letoiore'.
585 1563 659 1621 Gud.
678 1562 797 1624 didrale,
823 1562 921 1616 Duisb.
940 1563 1062 1633 maroli.
1085 1565 1176 1623 Rehd.
1194 1565 1289 1620 s'drals'
1319 1570 1325 1626 j

141 1639 317 1688 ΜΧΛΡΛΛΙ
333 1637 500 1688 seraranan
524 1633 617 1703 aar.
637 1634 745 1701 aya‘nv.
764 1634 799 1691 Α.
812 1634 843 1688 Β.
854 1633 883 1687 S.
897 1635 968 1691 Ven.
983 1643 1071 1689 nostr.
1091 1638 1173 1691 Just.
1192 1638 1288 1691 autom

141 1705 207 1759 Asc.
227 1711 252 1761 1.
273 1708 363 1757 nolon.
392 1705 462 1760 cod.
481 1705 566 1757 vind.
586 1708 611 1759 1.
635 1703 698 1760 Asc.
718 1708 745 1761 2·
771 1703 803 1756 0.
824 1707 861 1756 M·
878 1706 950 1758 Ven.
969 1705 1028 1761 Alt.
1054 1705 1176 1762 Hwolf.
1200 1708 1288 1762 Leno.

143 1774 250 1830 sturm.
270 1779 369 1840 soleis,
392 1791 484 1850 marg.
504 1773 535 1826 C.
556 1771 763 1842 hydraulonem,
788 1773 823 1830 E.
843 1771 938 1839 atne,
963 1776 995 1827 in
1018 1792 1111 1850 marg.
1130 1773 1232 1842 αὐλῶν,
1254 1777 1288 1834 V.

142 1847 173 1899 L.
194 1846 263 1899 Rob.
284 1844 384 1913 Steph.
405 1854 444 1909 et,
462 1860 534 1912 quos
552 1843 624 1907 dixi,
648 1841 999 1911 hall.·01iv.ddpmileoc.
1036 1845 1080 1898 Au
1105 1863 1167 1903 rent
1191 1847 1290 1901 laudet

142 1917 194 1972 W.
215 1917 247 1968 in
265 1915 373 1969 scholis
392 1911 698 1970 Gesneriaechrestom.
717 1915 842 1970 Plinian.
860 1915 916 1967 Ed.
937 1919 1014 1971 1⁷76.
1034 1933 1063 1984 p·
1081 1919 1141 1973 389.
1170 1916 1181 1980 [
1208 1955 1216 1970 .
1235 1921 1290 1973 403

42 1988 51 1992 “
144 1985 264 2050 -405.]
292 1995 322 2040 et
339 1985 526 2042 Wernsdorf.
549 1984 585 2038 ad
608 1985 685 2037 Poe't.
711 1986 773 2040 Lat.
799 1985 869 2041 Min.
894 1984 927 2036 Τ.
947 1985 986 2038 11.
1010 1999 1038 2054 p·
1067 1989 1128 2042 396.
1151 1987 1176 2039 A
1196 1986 1224 2041 d.
1243 1988 1287 2042 Js.

143 2057 239 2111 Vossii
262 2057 373 2111 librum
399 2055 568 2108 admodum.
589 2071 688 2106 rarum
703 2053 763 2122 ,Βρ
793 2055 959 2108 poematum
982 2055 1077 2112 (lantu
1108 2064 1138 2110 et
1171 2053 1289 2111 Viribus

142 2126 286 2195 Rhythmi
308 2144 336 2196 p.
357 2128 501 2183 tto-tot.
526 2123 575 2176 ubi
592 2131 755 2179 accuratam
776 2123 861 2178 habes
880 2125 984 2200 organi
1006 2124 1175 2194 hydr-aulici
1191 2134 1224 2180 et
1241 2128 1289 2181 ds-

144 2197 334 2266 scriptionem
363 2202 392 2248 st
419 2196 461 2247 im
501 2195 594 2258 inem3
626 2202 655 2248 et
683 2195 851 2247 Hoffmanni
883 2196 952 2251 Lex.
976 2194 1062 2251 Univ.
1081 2215 1110 2250 v.
1131 2198 1289 2265 Hermes„

143 2267 216 2322 ΕΜ.
237 2267 269 2318 in
288 2267 368 2318 Glav.
389 2264 448 2316 cic.
488 2263 583 2318 chiits.
603 2265 635 2316 in
653 2265 721 2317 Len.
742 2264 803 2319 Cio.
824 2291 857 2303 -·-
882 2264 987 2340 Pergit
1003 2284 1078 2321 unus
1097 2267 1148 2320 01.
1166 2265 1288 2320 dertare.

144 2336 221 2392 Tum
245 2339 332 2410 Marg.
359 2349 456 2386 vocem.
482 2334 564 2386 Verb.
593 2334 625 2387 iu
647 2351 741 2409 marg.
767 2352 802 2386 ex
820 2333 875 2387 MS.
899 2336 996 2389 nescio
1019 2341 1079 2406 quo
1105 2345 1136 2392 et
1158 2337 1244 2398 Vind.
1261 2340 1289 2393 2,

144 2407 273 2461 Platonis
296 2405 555 2472 expositiones:
581 2405 727 2471 posterior
750 2406 850 2479 porgit
878 2406 942 2460 Qas'
971 2413 1160 2474 exspectat.
1202 2407 1290 2461 Alius

144 2475 202 2527 MS.
227 2477 260 2527 in
283 2492 375 2548 marg.
399 2474 483 2528 Verb.
510 2474 597 2527 Mart.
623 2473 699 2528 Gud.
720 2480 745 2530 1.
769 2474 845 2528 Mon.
866 2480 889 2530 1.
910 2477 936 2530 2.
961 2475 1019 2530 duo
1043 2477 1116 2531 011.
1141 2491 1288 2544 exponens

145 2547 226 2601 Unus
245 2546 294 2599 Ox.
315 2560 433 2614 expones
446 2559 608 2613 ponensque.
644 2543 719 2595 Tum
736 2548 813 2599 Mon.
834 2549 858 2602 1.
878 2550 902 2602 2.
928 2561 995 2614 psas
1018 2553 1173 2616 expetnt.
1201 2549 1288 2603 Morb-

60 2608 67 2623 ”
146 2616 219 2671 Gud.
241 2619 266 2672 2.
292 2625 352 2668 tres
376 2615 446 2667 Oxx.
468 2614 553 2667 Bern.
580 2629 649 2682 quae
672 2620 863 2682 exspectat.
887 2614 964 2674 ,Gud
991 2624 1020 2669 et
1046 2635 1120 2672 unus
1146 2615 1198 2673 Ox.
1223 2634 1291 2688 quae

146 2685 463 2754 espets13unus01.
484 2699 550 2754 quoe
575 2690 742 2751 espectet.
768 2686 855 2739 Bern.
883 2685 914 2736 in
939 2703 1031 2762 marg.
1050 2687 1084 2741 ab
1100 2687 1140 2744 al.
1159 2704 1198 2742 m.
1223 2703 1291 2757 paee

144 2762 291 2828 spectet.
325 2756 360 2808 In
378 2753 431 2806 Ed.
445 2753 516 2810 Ern.
536 2769 692 2824 operarum
710 2771 812 2808 errore
831 2771 998 2825 expressum
1018 2765 1061 2809 est
1079 2773 1148 2826 quae
1164 2759 1289 2823 flectet

143 2845 198 2899 pro
226 2844 293 2898 quas
316 2832 452 2893 spectet.
488 2824 573 2876 Hunc
598 2839 727 2876 errorem
755 2843 772 2878 a
802 2823 941 2879 Schiitzio
972 2826 1099 2883 fideliter
1131 2845 1163 2882 re
1185 2827 1289 2883 etitum

145 2915 214 2958 esse,
232 2897 362 2966 quamvis
374 2895 545 2953 sententiam
559 2900 732 2963 extorquere
749 2894 842 2962 possis
859 2894 946 2967 plane
965 2896 1088 2962 nullam,
1108 2845 1196 2961 [unde
1207 2894 1291 2955 valde

145 2987 175 3022 se
193 2968 312 3021 torsisse
329 2968 423 3020 refert
439 2965 564 3029 Nissen,
584 2963 685 3018 deinde
703 2979 773 3017 vero
791 2981 858 3017 cum
877 2966 993 3038 gratiis,
1019 2975 1052 3019 ut
1070 2967 1120 3030 eit,
1145 2968 1290 3038 accepisse

66 3037 72 3044 ’
143 3037 368 3111 Bipontinorum
386 3035 519 3105 spectem]
542 3033 599 3086 hoc
617 3033 744 3102 inquam,
771 3051 855 3104 nemo
874 3035 1027 3091 admodum
1044 3036 1211 3103 mirabitur,
1231 3037 1291 3107 ‚qui

143 3107 231 3165 huius
256 3106 392 3161 editionis
416 3102 543 3171 indolem
567 3105 693 3160 noverit.
730 3103 785 3159 Sed
808 3105 873 3174 quis
898 3104 1157 3177 oredatNobbium
1176 3124 1291 3178 quoque

144 3182 185 3233 ita
204 3179 371 3232 dormitasse
390 3177 422 3229 in
442 3175 569 3232 editione
588 3174 802 3249 elegantissime
826 3192 912 3248 eaque
937 3176 1084 3242 „studiose
1107 3194 1174 3230 reco
1197 3175 1289 3242 nite,“

144 3251 280 3318 idemque
297 3248 433 3299 lectionis
452 3253 614 3299 monstrum
633 3243 771 3298 exhibere
787 3244 954 3299 Editionem
973 3245 1119 3303 Teubner-i
1139 3197 1196 3312 „ad
1215 3248 1290 3319 opti-

144 3338 258 3373 morum
277 3317 420 3370 librorum
442 3316 528 3369 fidem
554 3313 781 3367 emendatam?“
817 3315 877 3373 Me,
1323 3330 1327 3338 ‘

214 3407 317 3468 florido
336 3411 361 3456 et
385 3402 500 3467 cartul]
536 3400 581 3453 Ad
600 3419 628 3456 v.
652 3400 755 3463 florida
781 3403 901 3472 eiusque
924 3405 1096 3458 sententiam
1121 3405 1151 3458 h.
1178 3406 1198 3463 l.
1222 3422 1290 3476 pro·

142 3477 238 3547 priam
256 3484 284 3526 v.
305 3473 469 3527 Menckenii
487 3472 566 3525 Obss.
591 3470 622 3521 L.
647 3471 681 3523 L.
707 3470 736 3526 h.
756 3490 785 3525 v.
804 3490 833 3541 p.
853 3473 914 3527 409.
943 3476 1050 3528 Vocem
1071 3479 1155 3529 saria
1179 3475 1290 3529 omittit

146 3547 214 3600 God.
244 3548 318 3599 Mon.
344 3547 370 3598 2.
416 3541 492 3597 Tum
517 3540 609 3594 Ilelsd.
634 3543 773 3605 iacendi,
797 3543 853 3596 duo
877 3543 949 3596 Oxx.
967 3554 999 3596 et
1015 3545 1089 3623 Aug.
1108 3548 1305 3599 incendens

145 3617 261 3680 Odoree,
279 3629 333 3685 pro
351 3611 519 3678 sustinentis,
544 3628 602 3665 non
616 3612 706 3665 semel
724 3613 799 3666 dixit
815 3613 933 3667 Ciceros
952 3616 1097 3682 incendere
1106 3615 1169 3668 ttius.
1177 3618 1292 3669 odores·

144 3707 193 3756 qne
211 3689 242 3739 in
260 3689 343 3738 Verr.
362 3683 426 3741 Act.
446 3684 483 3736 ll.
503 3681 565 3736 Lib.
579 3683 627 3747 IV,
646 3685 692 3744 35,
717 3686 759 3738 77.
774 3709 807 3721 -·
844 3683 925 3748 Quod
949 3687 1080 3753 sequitur
1098 3695 1123 3738 et
1140 3694 1208 3750 snte
1233 3704 1291 3741 sen·

88 3810 89 3813 ,
144 3761 180 3810 tn
196 3757 294 3808 abesse
319 3755 428 3807 dieitur
452 3760 551 3806 avet.
575 3752 644 3808 cod.
671 3755 702 3806 in
725 3769 789 3806 mar
812 3789 819 3805 .
844 3753 917 3806 Eud.
941 3755 1058 3812 [zambb.
1088 3756 1176 3812 Goth.
1205 3757 1290 3810 verb·

143 3827 245 3878 Nostri
256 3821 371 3876 ‘habent
392 3838 500 3877 omnes.
525 3823 704 3878 FAWolfius
730 3833 760 3877 et
805 3841 829 3877 r.
850 3832 883 3878 nt
906 3842 1151 3893 supervacaneum
1174 3827 1292 3879 uncinis

144 3897 333 3949 incluserunt.
359 3892 423 3966 Ego
442 3894 573 3947 intanto
592 3891 735 3947 librorum
754 3910 895 3948 consensu
913 3896 996 3948 nolui
1014 3897 1110 3950 videri
1120 3897 1292 3950 Ciceronem

95 3972 98 3978 '
143 3967 314 4020 correxisse.
334 3995 366 4004 -
404 3965 457 4017 Pro
476 3966 607 4018 redimiri
624 3964 692 4019 God.
712 3964 786 4040 Aug.
806 3965 956 4019 redieritis
982 3967 1045 4018 Mr.

214 4052 344 4106 redimiri
360 4052 495 4106 indetis
512 4061 538 4106 et
554 4051 653 4118 rosal]
673 4052 793 4117 „Placet
805 4051 882 4105 MSS.
899 4053 988 4107 lectio
1002 4054 1072 4106 Pall.
1092 4053 1180 4124 prim.
1195 4045 1289 4122 quart.

142 4122 217 4177 etth.
237 4123 356 4188 videbis3
379 4131 450 4177 noto
474 4123 666 4176 hellenismos
690 4139 756 4175 nam
782 4123 919 4177 videntur
937 4123 1008 4176 haec
1032 4141 1068 4176 ex
1085 4125 1173 4192 poeta
1190 4130 1291 4181 vetere

140 4195 198 4248 huc
224 4192 363 4247 inserta.“
391 4191 473 4246 cest.
518 4192 632 4245 Habent
657 4194 764 4246 videbis
786 4193 842 4246 duo
866 4194 935 4249 Orx.
957 4193 1046 4248 Marb.
1085 4194 1140 4247 Sed
1157 4210 1217 4246 non
1241 4211 1291 4246 uu*

140 4266 259 4320 diendus
280 4263 369 4319 Gelrln
408 4265 443 4317 ln
460 4263 577 4320 vocibus
596 4265 678 4323 sertis
695 4271 720 4316 et
738 4280 802 4317 ersa
824 4265 971 4334 poeticum
996 4264 1107 4333 aliquid
1133 4264 1227 4319 inesse
1245 4266 1289 4316 fa-

140 4336 197 4390 cile
223 4336 335 4410 largior
363 4334 524 4393 Gebhardo.
570 4332 658 4388 Plane
691 4336 828 4404 convenit
851 4335 907 4389 hoo
932 4332 962 4386 ἓν
978 4331 1027 4388 διὰ
1050 4334 1132 4387 δυοῖν
1152 4352 1222 4387 num
1245 4349 1290 4399 so‚⁴

139 4408 215 4476 quod
234 4408 292 4477 ipsi
310 4405 409 4475 paullo
426 4405 559 4474 superius
578 4402 758 4461 laudavimus
785 4423 820 4459 ex
838 4407 918 4480 virg.
945 4406 1054 4479 Georg.
1081 4405 1120 4458 11.
1147 4407 1217 4465 192:
1238 4407 1291 4473 pd-
