2842 5070
556 303 686 367 mom
706 301 768 383 ιιι,
791 294 859 383 ιι.1
1236 299 1277 362 or

122 477 294 539 mortalem.
339 472 431 536 Quae
453 467 687 532 vox-declarat
718 470 760 528 iis
789 485 859 529 esse
887 466 969 528 haec
999 461 1129 543 acerba,
1158 467 1277 546 quibus

125 579 192 621 non
226 557 356 618 fuerint
383 553 539 636 cogitata.
582 551 670 634 Ergo
699 548 734 609 id
762 547 894 630 quidem
919 566 986 608 non
1018 545 1167 624 dubium,
1199 551 1278 624 quin

126 642 248 716 omnia,
271 656 356 720 quae
378 637 461 695 mala
490 640 663 713 putentur,
695 632 763 691 sint
791 631 974 710 improvisa
1004 628 1171 710 graviora.
1214 629 1278 689 Ita-

126 743 204 865 ἔπιε,
226 736 423 801 quemquam
444 733 510 775 non
532 713 613 795 haec
634 732 700 772 una
721 732 775 773 res
788 713 902 773 efficit
928 712 1279 792 maximamraegrim-

149 807 250 879 inem,
279 809 401 875 tamen,
434 797 587 878 quoniam
620 795 764 855 multum
793 801 903 874 potest
933 787 1084 875 provisio
1113 794 1214 853 animi
1248 802 1282 853 et

152 884 342 963 raeparatio
373 877 415 940 ad
450 875 667 939 minuendum
701 875 864 952 dolorem,
901 877 969 936 sint
1006 894 1137 954 semper
1169 876 1281 936 omnia

126 907 257 1028 domini
279 964 420 1024 humana
443 959 611 1022 meditata.
654 958 696 1019 Et
715 959 877 1018 nimirum
904 957 986 1018 haec
1016 965 1068 1019 est
1095 957 1153 1017 illa
1184 975 1281 1038 prae-

887 1085 1117 1093 ——-—--—-..
1127 1087 1250 1092 --..—-...
1258 1088 1275 1092 .-

127 1149 219 1202 Serm.
239 1148 309 1200 cv1.
329 1165 366 1218 pa
389 1191 395 1204 .
416 1149 477 1204 571.
500 1154 528 1200 et
547 1145 641 1216 quoad
659 1161 812 1199 numerum
832 1145 1017 1197 Praenestino
1032 1141 1183 1213 sophistae
1200 1147 1280 1198 favet

125 1221 266 1293 Diogenes
284 1219 417 1272 Laertius
435 1218 486 1270 lib.
507 1218 544 1269 11.
564 1216 587 1281 §.
608 1219 651 1271 13.
678 1216 726 1267 ubi
744 1213 886 1269 nonnulla
905 1217 1067 1291 Menagius3
1094 1223 1127 1266 ut
1147 1223 1175 1267 et
1190 1217 1280 1269 Gata-
1382 1258 1386 1261 A

125 1290 212 1345 kerus
231 1289 265 1341 ad
282 1289 426 1342 Antonini
445 1290 496 1351 IV,
515 1290 540 1342 5.
578 1288 637 1340 Nos
660 1286 753 1339 multo
772 1286 906 1339 uberiora
924 1284 1063 1338 dedimus.
1101 1286 1191 1338 lllum
1209 1301 1279 1338 vero

126 1362 191 1416 iure
215 1361 335 1414 mireris
363 1359 448 1428 quod,
474 1376 539 1411 cum
568 1357 656 1411 verba
673 1356 830 1410 ‘Plutarchi
855 1373 890 1409 ex
909 1356 985 1408 libro
1005 1356 1103 1411 deira
1122 1355 1281 1410 cohibenda

148 1431 307 1494 rotulisset,
327 1431 495 1482 meminisse
505 1427 690 1480 Plutarchum
704 1426 781 1479 libro
799 1431 862 1495 περὶ
879 1423 1027 1496 ἀοργησίας
1043 1437 1167 1481 moneat.
1193 1427 1280 1493 Quasi

126 1449 203 1554 liber
220 1501 253 1552 de
270 1500 316 1552 ira
335 1500 483 1552 cohibenda
508 1500 651 1562 diversus
666 1505 741 1550 esset
762 1498 795 1549 ab
821 1513 853 1550 eo
871 1501 935 1565 περὶ
953 1494 1109 1568 ἆοργησιας.
1147 1497 1202 1551 Sed
1219 1501 1280 1551 lor-

127 1589 176 1623 san
195 1571 300 1623 calami
317 1570 415 1640 lapsus
435 1577 479 1623 est
496 1585 551 1639 pro
569 1568 646 1622 libro
664 1568 727 1637 περὶ
747 1565 887 1636 εὐθυμίας.
924 1567 960 1618 D.
1199 1615 1201 1618 ι

197 1641 275 1704 Ergo
292 1639 323 1692 id
340 1641 442 1707 quidem
459 1655 522 1690 non
540 1645 592 1692 eat
611 1635 742 1702 datium]
780 1638 878 1702 „Ergo
904 1637 935 1690 id
952 1637 1057 1706 quiden
1081 1655 1146 1692 aon
1165 1640 1279 1703 dubium,

127 1709 177 1765 Sic
196 1709 308 1779 Gryph.
329 1709 407 1763 belle
420 1708 455 1762 -et'
473 1717 596 1762 venuste
613 1708 702 1760 verbo
722 1707 893 1772 desiderato,
913 1708 990 1778 quod
1007 1711 1123 1786 vulgati
1141 1709 1295 1765 habent.“.

126 1782 240 1833 Brutus.
277 1780 312 1831 In
338 1797 430 1854 marg.
456 1778 571 1834 Lambb.
601 1784 630 1830 et
650 1776 736 1829 Goth.
762 1776 918 1830 Lambinus
943 1795 1058 1849 quoque
1081 1787 1123 1834 eat
1149 1782 1280 1836 omisisse
1349 1791 1354 1798 '

129 1851 248 1903 dieitur.
286 1849 374 1903 Idex
401 1849 460 1902 suis
480 1849 570 1902 solam
589 1846 693 1900 secisse
711 1845 764 1919 Ed.
785 1847 818 1900 P.
843 1850 943 1901 refert
953 1849 1002 1904 Or.
1025 1867 1060 1902 ex
1081 1854 1190 1904 nostris
1214 1861 1280 1906 ante

130 1920 223 1974 Gebh.
244 1919 344 1972 omisit
369 1920 466 1988 nulla„
495 1921 561 1971 Post
586 1934 651 1972 eum
670 1916 743 1968 Edd.
764 1916 814 1970 Ox.
842 1924 871 1970 et
890 1917 965 1970 oliv.
987 1919 1116 1989 itemque
1134 1921 1208 1976 hall.
1245 1924 1281 1975 In

128 1992 202 2047 Gud.
222 1993 247 2044 2
273 1991 410 2043 omissum
438 1997 483 2042 est
506 1989 544 2041 id.
582 1989 634 2042 Eat
659 1984 766 2040 habere
791 1987 929 2040 videntur
955 1989 1067 2057 aliquot
1092 1990 1162 2043 Oxx.
1198 1991 1280 2044 Unus

128 2079 181 2132 pro
199 2061 261 2128 quin
282 2061 370 2114 habet
388 2076 440 2111 an:
466 2060 543 2129 quod
567 2059 688 2113 debetur
705 2059 867 2112 correctori
892 2058 1012 2114 insulso.
1049 2060 1105 2113 Pro
1125 2075 1193 2128 quae
1210 2063 1282 2114 rnatu

129 2132 203 2188 Gud.
218 2130 305 2187 habet
322 2131 393 2182 mala
412 2147 494 2197 quaer
520 2129 564 2184 ele
585 2127 681 2183 antius
704 2128 826 2182 scilicet.
866 2128 925 2187 Mr-
1276 2137 1279 2143 “

201 2205 273 2259 Quae
291 2203 364 2254 mata
381 2200 534 2271 putentur]
596 2200 626 2252 ul
649 2214 665 2251 o
683 2205 820 2262 putantur.
846 2197 886 2252 At
903 2200 980 2265 quod
997 2202 1161 2272 recepimus
1178 2205 1282 2256 volunt

126 2273 197 2348 lleg.
217 2272 365 2325 Pithoean.
385 2272 458 2326 Med.
478 2270 546 2324 Bak.
568 2279 597 2325 et
644 2269 737 2335 alliol.
775 2269 811 2322 D.
1064 2317 1068 2324 .

85 2349 88 2352 ’
198 2359 265 2412 quae
288 2345 361 2396 mata
383 2338 561 2409 patentur]
598 2342 668 2405 „Sic
692 2338 751 2400 MS.
780 2341 880 2394 Guelf.
915 2341 1010 2418 Vulgo
1028 2344 1105 2397 male
1121 2347 1281 2412 putantur.“

126 2415 193 2475 Era.
233 2413 318 2480 Quasi
335 2429 405 2466 vero
425 2429 483 2466 non
501 2413 543 2464 ita
561 2409 733 2465 exhiberent
752 2410 841 2464 Godd.
860 2411 1005 2480 plerique,
1031 2430 1124 2480 neque
1142 2419 1199 2470 iam
1217 2420 1281 2486 pri.
1310 2439 1312 2442 >

130 2484 196 2538 dem
216 2486 257 2537 ita
275 2484 385 2535 editum
406 2490 481 2536 esset
500 2482 531 2534 in
548 2480 620 2532 Edd.
641 2484 670 2533 P.
689 2481 722 2534 A.
742 2478 773 2532 B.
794 2479 821 2531 S.
841 2482 876 2534 E.
897 2480 928 2535 O..
947 2482 979 2532 V.
999 2485 1069 2536 Ven.
1090 2495 1179 2538 nostr.
1200 2487 1279 2541 Crat.

125 2555 227 2611 Herw,
247 2554 312 2606 Asc.
324 2559 348 2609 1.
360 2557 385 2608 2.
405 2553 471 2607 Rob.
492 2550 591 2621 Steph.
612 2553 694 2606 Junt:
714 2550 925 2606 Hwolfsnav.
955 2551 1012 2606 Sed
1028 2555 1088 2606 dici
1105 2556 1157 2606 vix
1174 2565 1279 2626 potest,

128 2643 214 2695 quam
233 2642 335 2694 parum
356 2624 504 2684 curaverit
515 2623 589 2675 Ern·
608 2623 700 2676 libros
719 2629 832 2675 veteres
851 2629 880 2675 et
898 2622 1022 2693 scriptos
1042 2632 1071 2676 et
1090 2625 1189 2690 editos,
1209 2645 1280 2696 quo·

129 2713 195 2747 rum
214 2704 293 2750 certe
318 2696 400 2748 lara
426 2696 455 2748 ei
478 2695 538 2748 suit
562 2694 654 2764 copia.
682 2694 768 2749 Verb.
796 2709 831 2746 ex
848 2690 913 2744 MS:
932 2694 1031 2748 nescio
1056 2711 1113 2763 quo
1137 2697 1168 2748 in
1185 2715 1279 2774 marg.

127 2765 214 2818 habet
228 2773 336 2834 putent3
383 2765 451 2820 uisb.
472 2772 598 2835 quatuor
616 2763 685 2816 Oxx.
703 2769 842 2828 putantur,
866 2763 940 2838 Aug.
959 2772 1085 2829 putemur.
1121 2765 1187 2820 Post
1204 2767 1277 2822 Ern.

128 2851 227 2890 omnes
244 2842 376 2903 putentur.
414 2836 448 2887 In
468 2853 546 2905 seqq·
566 2836 642 2888 Mon.
663 2833 845 2888 artacaeon
863 2849 923 2885 aaa.
960 2833 1026 2889 Duo
1045 2835 1114 2890 Oxx.
1139 2838 1280 2893 omittunt

128 2922 188 2962 non
208 2906 282 2981 Aug.
301 2905 387 2958 habet
406 2905 558 2970 efficiatur
576 2919 727 2973 magnam
745 2904 961 2968 aegritudinem
988 2906 1066 2959 idem
1085 2924 1153 2960 mox
1176 2912 1280 2963 mutto

125 2983 215 3044 potest
235 3008 266 3018 -
288 2977 326 3026 ad
350 2975 607 3028 diminuendam.
645 2972 726 3028 Unus
746 2974 796 3027 Ox.
821 2975 925 3026 maltum
947 2977 1104 3043 prodest,
1133 2978 1211 3048 quod
1237 2992 1280 3035 est

129 3045 322 3099 correctoris:
358 3062 432 3097 unus
451 3046 501 3100 Ox.
527 3045 703 3110 praevisio:
734 3044 808 3098 alius
831 3045 946 3097 omittit
968 3044 1046 3100 'lianc
1070 3064 1180 3103 vocem.
1207 3051 1278 3105 Cod.

130 3117 221 3170 Marb.
241 3114 327 3168 habet
345 3120 431 3166 tamen
449 3131 517 3167 cum
540 3121 620 3166 ante
641 3113 752 3166 ruattum.
789 3115 848 3167 Mr.

201 3203 258 3256 sint
282 3218 385 3270 semper
415 3202 503 3254 omnia
533 3201 635 3254 leonini
666 3201 779 3254 damano
812 3202 965 3267 meditata]
1007 3205 1092 3256 vind.
1117 3207 1151 3263 2„
1171 3207 1283 3258 omittit

130 3273 227 3327 onnia.
247 3277 323 3326 Mon.
343 3277 369 3328 2.
388 3272 477 3326 habet
503 3272 605 3325 leonini
630 3272 727 3337 omnia,
755 3273 872 3324 inverso
895 3273 1006 3329 ordine.
1043 3274 1086 3327 Ad
1104 3294 1132 3330 v.
1152 3277 1284 3329 nieditata

130 3345 322 3398 Bouhierius:
341 3345 399 3397 nisi
416 3345 493 3396 forte
509 3342 730 3410 praemeditata
749 3342 943 3408 scribendum,
975 3352 1008 3396 ut
1034 3347 1127 3398 estin
1144 3346 1198 3401 Ed.
1218 3364 1282 3401 mea

129 3424 188 3470 vet.
207 3416 337 3484 Respicit
357 3433 398 3479 ea,
419 3430 490 3483 quae
511 3421 578 3466 sunt
596 3412 682 3465 huius
702 3415 806 3481 capitis
826 3413 926 3468 initio:
960 3415 1037 3467 Haec
1055 3416 1144 3479 igitar
1160 3432 1281 3483 praeme-

130 3486 229 3539 ditatio
246 3487 393 3550 fataroram
410 3487 535 3536 natorum
562 3492 591 3536 et
615 3491 687 3552 quae
705 3484 846 3557 leguntur
870 3500 894 3539 c.
918 3487 964 3539 15:
996 3486 1059 3551 fieri
1079 3489 1282 3553 praemeditata

130 3557 241 3610 leuiora.
281 3555 374 3619 Credo
400 3555 488 3610 etiam
514 3554 614 3624 paullo
639 3555 763 3607 inferius
790 3554 945 3627 legendum
971 3573 1032 3609 esse
1054 3565 1283 3622 praetractataa
1349 3581 1351 3583 ¹

130 3627 258 3680 dumanas
274 3642 333 3679 rear
367 3633 504 3696 quaeest
528 3625 673 3685 sententia
689 3625 858 3687 Burmanni,
884 3642 971 3694 quam
991 3626 1092 3680 lubens
1111 3628 1281 3697 amplector.

131 3697 304 3768 Saepissime
331 3699 363 3749 in
385 3696 527 3748 librorum
547 3694 726 3817 compendiis
744 3693 883 3747 confundi
899 3711 966 3761 prae
984 3704 1013 3750 et
1028 3712 1080 3761 per
1098 3698 1282 3754 notissimum

132 3766 213 3829 sstf‘,
244 3768 358 3820 Habent
381 3767 579 3833 praemeditata
626 3781 662 3818 uo
681 3766 751 3820 Oxx.
789 3764 845 3818 Sed
873 3767 985 3820 etiamsi
1008 3768 1107 3836 plures
1132 3769 1282 3837 haberent,

132 3855 195 3892 eam
228 3838 324 3891 tamen
356 3837 515 3891 lectionem
546 3837 578 3888 in
603 3836 707 3910 glossis
732 3835 908 3908 ponendam
923 3839 1126 3894 existimarem.
1172 3840 1283 3894 Eadem

131 3909 215 3962 verbi
233 3912 329 3962 sonna
349 3908 447 3960 eadem
467 3906 611 3960 sententia
632 3915 661 3960 et
678 3908 791 3976 passiva
808 3907 1027 3982 significatione,
1040 3902 1181 3962 meditatae
1200 3928 1283 3980 saepe

132 3978 208 4050 apud
222 3978 392 4032 Ciceronem
411 3977 439 4030 le
462 3979 535 4029 itur:
556 3977 649 4029 multo
668 3977 763 4042 rarius
780 3979 1004 4042 praemeditatas.-
1023 3979 1098 4032 illud
1117 3989 1158 4032 est
1178 3983 1215 4034 de
1228 3981 1281 4033 off.

132 4050 155 4101 l.
175 4052 201 4106 8.
221 4059 295 4103 extr.
315 4050 365 4101 ubi
383 4060 415 4102 v:
460 4047 610 4126 eusinger3
638 4045 694 4100 hoc
717 4065 778 4117 cap.
800 4065 858 4119 seq.
882 4064 931 4100 nee
947 4049 1011 4113 fieri
1025 4051 1222 4115 praemeditata
1240 4053 1281 4103 te·

130 4119 217 4174 niara.
255 4122 313 4174 Mr.

105 4208 108 4212 ·
169 4192 174 4201 '
202 4191 239 4242 Et
262 4190 384 4242 nimirum
407 4184 475 4240 laec
499 4193 539 4239 est
562 4187 615 4239 illa
637 4185 794 4253 praestana]
832 4188 901 4244 God.
929 4190 1002 4264 Aug.
1023 4190 1083 4242 leo'c
1110 4198 1158 4242 est.
1192 4190 1282 4242 Rehd.

134 4263 246 4327 omittit
263 4261 324 4317 itta.
349 4260 394 4313 Ad
410 4278 438 4312 v.
460 4265 489 4310 et
506 4264 648 4323 perceptae
666 4257 756 4311 Gebh.
776 4257 865 4314 haece
880 4260 916 4310 Et
934 4263 977 4312 sic
995 4261 1188 4328 praemittunt
1206 4263 1282 4312 Vict.

135 4333 205 4386 Pall.
227 4332 363 4401 quinque,
392 4331 448 4382 duo
467 4328 599 4404 germani
626 4344 675 4381 seu
693 4329 838 4382 coniurati
857 4330 923 4382 Feb.
943 4329 1017 4385 Pith.
1045 4333 1133 4384 Porro
1151 4346 1205 4399 pro
1223 4345 1285 4395 per-

135 4408 228 4471 ceptae
251 4417 311 4454 non
334 4401 466 4471 poenitet
488 4400 519 4450 in
543 4397 716 4467 crepundiis
741 4401 896 4456 asseruisse
921 4418 956 4455 ex
974 4400 1045 4456 Pall.
1064 4418 1111 4470 pr.·
1130 4416 1184 4455 sec.
1204 4412 1285 4466 prae·

163 4541 245 4610 arene
259 4539 324 4584 nise.
338 4539 406 4600 cup.
421 4539 455 4584 ea.
471 4539 555 4585 unser.
573 4537 598 4586 r.
613 4538 647 4582 a.
1029 4505 1049 4568 7
1141 4588 1143 4591 .
