2842 5070
554 315 850 392 amantum.
942 347 943 351 κ
1048 391 1051 401 s
1212 316 1276 387 aar

125 483 233 557 fortia,
254 482 320 546 nisi
340 482 544 551 stomachari
563 485 686 568 coepit,
706 502 776 548 non
803 490 913 568 pateat
940 482 1039 547 fortis
1067 480 1158 547 carel
1201 482 1277 545 Gla-

125 566 310 631 diatorium
342 567 379 629 id
416 566 558 650 quidem.
611 567 816 650 Quamquam
848 568 884 627 in
924 567 972 628 eis
1004 567 1088 648 ipsis
1124 562 1277 629 videmur

125 669 224 734 saepe
248 651 486 714 constantiam
509 650 757 732 colloquuntur,
780 647 1056 734 congrediuntur,
1077 656 1277 731 queruntur,

124 733 168 794 ali
191 731 250 795 uid
271 733 453 814 postulant,
473 737 628 816 utmagis
650 733 771 815 placati
783 751 880 813 quam
901 732 983 792 irati
1003 729 1276 804 essevideantnr.

125 754 193 877 Sel
221 816 343 902 inille
375 835 499 902 genere
519 816 565 877 cit
584 834 665 877 saue
685 812 904 895 Pacideianus
925 814 1046 897 aliquia
1067 813 1132 878 hoc
1153 816 1295 892 animo,

125 905 164 958 ut
176 905 303 958 'narrat
321 898 490 963 Luciliuct
1207 909 1212 920 ¹

127 1018 1274 1051 ——W——ffl
1320 1041 1322 1045 .

196 1083 427 1140 aladiatorium
444 1084 477 1138 aa
494 1082 622 1155 meacm]
658 1065 728 1150 „ni
746 1084 814 1143 coa.
835 1083 949 1156 crypt.
974 1085 1103 1154 itemque
1120 1083 1230 1136 victor.
1249 1084 1280 1136 ut

125 1155 279 1208 Vascosani
293 1154 369 1210 Bd.“
385 1157 468 1209 Brut.
504 1154 736 1220 „Gladiatorium
761 1172 797 1208 ex
813 1156 945 1208 Victoria
969 1154 1059 1208 edidit
1081 1153 1210 1207 Lambin.
1231 1169 1280 1207 ex-

125 1233 237 1296 statque
255 1226 286 1278 in
303 1226 440 1281 vetcod.
459 1225 575 1279 secund.
594 1232 663 1278 tert.
683 1226 775 1277 Vatia.
804 1226 861 1278 Vul
916 1225 1143 1295 gladiatorum.“
1156 1222 1244 1281 ‚Gella
1284 1262 1286 1273 .

124 1367 156 1421 d·
175 1296 394 1420 ‘Gladiatcssum
410 1296 445 1351 id
463 1291 602 1366 quidem]
618 1295 667 1354 Sic
690 1295 837 1351 Pithoean.
886 1297 979 1355 edet
996 1298 1065 1351 Bak.
1101 1295 1196 1373 Vulgo
1213 1296 1280 1365 gla-

144 1383 173 1421 ια
188 1384 286 1421 arium.
354 1405 360 1419 .
559 1386 563 1391 ’

196 1437 427 1507 Gladiatorium]
446 1439 543 1506 „Bene
561 1438 720 1493 lectionem
737 1447 868 1492 veterem
886 1437 1017 1492 restitnit
1034 1439 1175 1504 Davisius,
1193 1454 1281 1507 qnam
1362 1484 1364 1489 ,

124 1510 275 1561 manifesto
298 1510 432 1584 flagitant
456 1510 809 1582 sequentiazsauamquam
831 1509 862 1563 iu
888 1509 931 1563 eie
953 1508 1058 1578 ipaic.“
1083 1507 1171 1563 Bauli.
1209 1508 1281 1575 „Sic

123 1578 182 1634 MS.
203 1580 301 1636 Guelf.
321 1598 388 1634 cum
405 1583 479 1638 aliis.
515 1582 611 1656 Vulgo
628 1581 704 1636 male
721 1580 961 1648 gladiatorium.“
979 1581 1049 1634 Era.

195 1667 460 1723 Gladiatorium
482 1669 518 1742 id
541 1669 668 1741 quidem}
702 1668 884 1736 „filta'Ccdd
909 1671 983 1744 Regi
1006 1667 1119 1738 Gryph.
1151 1662 1282 1737 [aliquot

126 1737 273 1791 Gebhardi
292 1747 322 1791 ct
341 1740 464 1806 Oxonn.]
482 1749 540 1794 vet.
561 1742 623 1794 cod·
642 1742 673 1792 in
691 1758 782 1816 marg.
802 1740 917 1793 Lambb.
938 1749 967 1792 et
981 1738 1067 1794 Goth.
1088 1738 1139 1808 qui
1159 1739 1200 1791 ita
1219 1738 1281 1791 edi·

123 1807 198 1861 disse
220 1808 390 1862 Lambinum
415 1813 511 1874 aiunt3
542 1812 667 1868 Edd'V.
695 1810 776 1877 [Asc.
795 1812 822 1865 2
848 1811 925 1864 Crat.
950 1811 1048 1864 Hcrw.
1074 1810 1142 1862 Bab.
1161 1808 1280 1880 stapla]
1391 1830 1393 1835 ·

125 1877 217 1932 Gebh.
244 1880 346 1947 [Gran.
371 1883 456 1935 Verh.
480 1882 540 1935 Alt.
567 1881 654 1948 otiu]
681 1883 756 1935 nau.
786 1881 893 1948 [Tbn]
915 1880 1099 1934 Difficillime
1123 1889 1165 1934 est
1190 1879 1279 1950 optio.
1325 1920 1329 1924 .

124 1950 207 2002 Haud
224 1950 301 2003 inele
339 1960 405 2006 nter
424 1953 502 2007 enim
516 1971 552 2006 ex
562 1953 618 2008 ho'c
628 1951 770 2006 adieetivo
789 1970 896 2006 nomen
913 1951 1011 2004 elieiaa'
1029 1950 1064 2004 ad
1076 1969 1104 2004 v.
1118 1953 1161 2005 eie
1178 1948 1282 2020 ipcic.“

125 2020 213 2075 Orell.
251 1969 364 2087 „titillet
389 2041 454 2078 sane
477 2024 661 2090 adjectivum,
691 2041 748 2095 quc
772 2041 802 2077 ac
827 2024 1031 2077 commendet·
1060 2024 1096 2075 ln
1118 2021 1174 2076 hoc
1202 2019 1307 2074 enini‘

122 2092 195 2145 latet
225 2094 549 2162 nomensglaataroree,
580 2095 615 2149 ad
645 2095 722 2167 quod
750 2095 901 2165 pertinent
928 2093 959 2147 iu
982 2092 1026 2148 eia
1057 2091 1162 2161 iperet
1184 2090 1284 2167 Kale..

122 2163 267 2233 Equidem
284 2165 490 2231 gladiatorium
505 2184 608 2220 verum
626 2174 708 2236 puto,
731 2184 748 2218 a
764 2166 871 2219 vetere
884 2165 1007 2234 quodam
1022 2171 1203 2231 ¹correctore,¹
1227 2162 1281 2235 qui

122 2250 224 2287 vocem
242 2237 425 2304 sequentibus
436 2239 647 2292 accommodari
663 2237 765 2303 vellet,
784 2238 816 2289 in
832 2235 1025 2304 gladiatorum
1035 2243 1191 2288 mutatum:
1211 2250 1282 2288 con-

123 2306 347 2358 trariumxcerte
365 2308 505 2362 eiusmodi
526 2307 660 2361 homines
685 2310 782 2361 iacere
800 2324 859 2374 non
876 2308 979 2364 solent.
999 2337 1032 2348 -
1069 2304 1158 2359 Abest
1175 2304 1282 2389 ipeic'a
1374 2309 1376 2311 ’

123 2375 190 2429 Cod.
210 2376 285 2449 Aug.
321 2377 356 2429 In
373 2379 457 2431 Vind
476 2383 503 2434 1.
528 2378 718 2452 estuduimus
741 2394 820 2432 ecce
841 2389 933 2447 caepe.
972 2378 1043 2431 Mr..

95 2530 101 2539 υ
131 2474 149 2525 ᾗ
196 2464 400 2532 colloquuntur,
426 2465 662 2536 congrediuntur,
687 2473 850 2536 queruntur,
878 2466 989 2539 aliquid
1011 2461 1181 2534 portulaca]
1218 2465 1283 2531 „lta

123 2533 237 2608 legitur
253 2534 286 2586 in
304 2536 419 2609 Gryph.
441 2537 610 2608 exemplari,
630 2537 679 2589 cui
696 2539 807 2591 Victor.
828 2545 858 2590 ct
874 2538 1026 2590 Vaseosani
1050 2536 1138 2590 editio
1157 2536 1284 2609 adstipu-=
1335 2571 1340 2578 ,

123 2603 211 2656 latur.
248 2604 285 2656 In
302 2607 367 2660 aliis
385 2608 512 2683 vulgatis
531 2614 682 2679 queruntur
698 2609 821 2663 verbum
838 2606 945 2661 abest.“
962 2609 1063 2660 Brul.·
1085 2607 1199 2673 „Verbo
1214 2622 1283 2675 ‘que-

124 2682 235 2740 runtur,
256 2677 332 2745 quod
348 2679 400 2729 vul
422 2677 476 2731 atis
493 2679 580 2745 abest,
611 2679 725 2732 auctior
747 2687 791 2732 est
816 2679 905 2732 editio
922 2679 1049 2732 Victorii
1067 2695 1134 2731 cnm
1153 2676 1283 2749 quinqua

73 2809 75 2813 ¹
123 2746 193 2799 Pan.
213 2747 320 2799 Fabr.“
339 2749 398 2803 Gel‘
415 2788 421 2801 .
441 2749 511 2806 Dav.
531 2751 563 2802 in
580 2749 633 2803 Bd·
653 2752 679 2804 2.
700 2749 793 2803 dedit:
814 2754 966 2817 quatientur
984 2748 1100 2818 aliquid,
1119 2752 1283 2817 exposta·

125 2816 213 2870 lant:
234 2835 269 2870 ex
286 2816 415 2873 Bentleii
430 2821 574 2878 nimirum
592 2822 748 2884 sententia:
772 2821 854 2891 quod
871 2820 1026 2873 sibiv‘alde
1044 2820 1223 2890 placiturum
1241 2819 1283 2872 ait

122 2887 223 2953 Bouh.‚
255 2889 280 2939 si
306 2892 456 2944 accederet
480 2892 602 2943 alicuius
628 2892 695 2944 Ood.
714 2891 773 2945 MS.
799 2892 964 2945 auctoritas.
1001 2893 1142 2945 Ernestne
1168 2906 1283 2960 quoque

123 2958 298 3023 Bentleinm,
317 2963 411 3043 aptius
430 2963 543 3026 ceteris,
564 2963 722 3027 correxisse
740 2962 782 3015 ait
795 2954 985 3031 -e'apaclulaal
1006 2962 1092 3017 Godd.
1113 2960 1189 3015 Gud.
1208 2966 1233 3017 1.
1254 2968 1285 3014 et
1396 2969 1401 2991 ⁶

123 3028 222 3082 Buiab.
251 3038 347 3082 veteri
373 3049 454 3086 more
478 3033 621 3102 seriptum
642 3032 752 3085 hahent
771 3037 994 3089 conlocantur.
1023 3034 1098 3090 Gud.
1116 3033 1203 3085 habet
1219 3047 1283 3084 coa-

123 3100 316 3166 gladiuutur,
334 3109 561 3174 conqueruntur.
586 3103 750 3167 -Omittitur
767 3104 916 3170 querantur
934 3104 967 3155 in
984 3103 1057 3156 Edd.
1075 3102 1282 3166 M.12.La1nbb.

125 3170 212 3224 Goth.
233 3170 296 3222 Car.
317 3169 415 3244 Steph.
448 3172 515 3238 [sed
536 3175 649 3243 reperit
674 3173 725 3232 hic
749 3190 811 3227 eam
837 3190 940 3227 vocem
966 3175 999 3227 in
1022 3182 1081 3227 vet.
1101 3171 1182 3237 cod]
1202 3171 1282 3242 Sylb.

124 3241 189 3294 Ald.
208 3241 290 3293 Boul.
315 3242 396 3297 Brut.
419 3244 546 3297 Bentleii
569 3244 797 3297 emendationem
815 3244 910 3298 Kiihn.
938 3252 1051 3296 acutam
1068 3244 1206 3314 appellat,
1233 3243 1281 3297 Or.

123 3312 159 3366 ad
176 3311 285 3368 Wolfii
302 3312 413 3371 scholas
431 3315 482 3368 vix
499 3315 629 3367 latinam.
654 3315 779 3400 Vulgata
790 3323 869 3384 certe
886 3316 984 3380 lectio,
1004 3332 1076 3384 quae
1093 3322 1135 3370 est
1153 3312 1284 3367 omnium

124 3384 271 3448 Codicum,
298 3383 376 3437 nihil
401 3386 498 3453 habet,
531 3386 607 3456 quod
635 3386 829 3439 reiicrcndum
857 3395 915 3440 asse
942 3386 1083 3438 videatur.
1125 3384 1281 3439 Unucox.
1317 3387 1328 3416 Γ

123 3455 236 3509 omittit
261 3455 497 3523 congrediuntur:
528 3457 605 3511 idem
626 3455 718 3524 habet
746 3456 849 3525 placiti
880 3473 933 3528 pro
958 3457 1075 3525 placati.
1113 3456 1181 3510 eod.
1207 3454 1281 3531 Aug.

125 3526 235 3580 omittit
254 3541 325 3590 eece,
344 3530 417 3585 Gud.
438 3531 464 3583 2.
483 3529 570 3583 habet
587 3529 720 3582 uideatur
737 3544 805 3585 ecce.
834 3529 923 3602 Ergo,
942 3527 1053 3582 diceret
1072 3527 1188 3598 quidam
1206 3535 1283 3580 cete-

125 3597 166 3648 ris
183 3596 352 3650 mortalibus
376 3601 542 3671 sapientior,
574 3600 709 3653 eiiciatur
732 3614 801 3656 ecce.
837 3599 925 3652 Mari.
949 3607 1014 3670 post
1032 3599 1094 3653 ‘Sed
1111 3599 1223 3651 omittit
1241 3597 1282 3663 ia,

125 3665 247 3789 ggdbl.
267 3683 379 3788 honam
400 3688 474 3736 caue,
502 3689 575 3724 unua
599 3671 649 3724 Ox.
679 3669 769 3723 rerba
794 3670 831 3724 cit
857 3685 932 3724 aaut.
968 3670 1055 3723 Abest
1079 3670 1167 3724 etiam
1185 3669 1226 3722 ¹ia
1248 3668 1309 3743 ab.

172 3772 187 3788 ..
222 3776 229 3791 .
303 3755 328 3790 r.
439 3758 448 3767 ‘

133 3808 144 3815 “’
183 3805 231 3859 siu
249 3804 300 3860 illc
318 3811 439 3877 genere]
471 3829 509 3864 sc.
527 3802 729 3889 §indictorum
765 3809 976 3878 „Pacideianua
999 3827 1104 3865 nomen
1123 3819 1165 3864 est
1181 3796 1284 3865 faniosi

92 3932 95 3937 ,
127 3876 297 3954 gladiatoris
315 3882 396 3934 cuius
414 3882 553 3949 meminit
563 3885 698 3938 Horatius
717 3883 955 3950 insermonibus,
975 3900 1041 3936 cum
1054 3883 1095 3956 ait
1114 3880 1166 3948 [11.
1176 3881 1283 3951 t.9t.]:

294 3950 350 4006 Qui
364 3967 465 4019 peccat
482 3953 573 4015 mittut
590 3961 679 4024 atque*
690 3972 752 4023 rga,
774 3971 836 4008 cum
853 3954 936 4010 Fulvi
957 3954 1130 4025 strataeque

293 4021 352 4074 Aut
370 4021 538 4077 Pacideiani
554 4031 681 4078 aculeato
702 4025 808 4095 poplite
825 4024 914 4078 mirer

293 4091 421 4158 Proelia,
445 4094 561 4147 rubrica
583 4094 662 4164 picta
681 4102 729 4149 aut
747 4095 877 4149 carbone:
899 4094 1020 4165 relatui

294 4163 335 4216 lte
353 4181 420 4218 vera
434 4172 567 4232 pugnent,
594 4165 704 4232 feriant
727 4169 864 4234 vitentque
883 4171 1020 4219 moveatur
1233 4208 1235 4212 .

294 4237 387 4287 Arma
414 4234 502 4290 uiri.“
528 4236 663 4290 Beroald.
705 4236 850 4290 Pacidiani
875 4243 905 4288 et
927 4235 997 4288 alibi
1021 4235 1123 4292 Cicero
1148 4237 1201 4304 [dc
1219 4237 1285 4306 Opt.

130 4308 203 4364 Gen.
223 4309 270 4376 Or.
290 4310 316 4363 6.
336 4307 371 4360 ad
390 4307 420 4372 Q.
440 4308 489 4361 Fr.
510 4307 622 4373 111.4.]
642 4316 673 4359 et
689 4307 825 4360 Horatius
842 4307 1019 4361 mentionem
1036 4311 1141 4363 fecere.
1166 4306 1209 4360 De
1227 4322 1285 4375 quc

131 4385 160 4429 et
185 4395 254 4446 pare
282 4378 380 4445 illiue,¹
402 4379 554 4445 Esernino,
581 4377 728 4432 Luciliani
749 4395 853 4439 versus,
874 4378 1023 4433 feruntur:
1056 4379 1213 4434 Eaeruinua
1230 4375 1287 4443 mle

130 4449 219 4514 flacco
236 4466 286 4504 ore
305 4449 482 4516 [Aesernina
500 4449 569 4519 tait,
587 4450 752 4505 Flaccorum
769 4448 904 4519 muuereJ,
923 4450 1036 4521 quidam
1054 4480 1086 4495 -
