2842 5070
188 310 251 379 aso
393 308 620 376 mumolus
642 278 890 403 ruscumu.
913 306 1142 381 mseumr.

130 480 172 535 12.
192 474 304 537 uadem
326 475 476 537 afficiunt
497 474 711 574 aegritudine
730 475 898 537 instantia.
929 470 1091 536 -Loetitia
1112 479 1225 535 autom
1246 481 1292 536 et.
1302 475 1343 538 12·-

188 557 263 621 bt'do
275 560 311 617 in
322 558 487 619 bonorum
499 561 657 640 opinione
670 567 862 621 vereanturt
884 576 987 638 quum
1001 554 1106 618 libido
1126 554 1230 628 adid,
1253 555 1357 638 quod<

187 639 326 703 videtur
347 640 497 718 bouum,
513 641 623 701 illecta
652 647 686 702 et
715 641 925 701 inflammata·
948 641 1117 719 rapiatur,
1147 639 1345 709 laetitie,-ut

187 720 308 802 adepta
322 724 395 783 iam
416 720 541 804 aliquid
561 723 785 803 concupitum,
810 723 971 783 efferatur
990 729 1025 783 et
1045 722 1172 806 gestiat·
1212 718 1346 783 Natura

190 806 279 869 enim
290 822 403 867 omnes
415 823 464 881 ea,
476 823 560 887 quae
570 805 656 866 bona
663 802 834 882 videntur,
846 812 1042 885 sequuntur,
1055 804 1255 888 fugiuntque
1267 822 1345 865 con-

69 1010 78 1018 .
188 973 278 1028 lectio
296 972 368 1026 haec
385 981 437 1037 est,
456 973 731 1043 omnibusapicibns
750 972 878 1026 exhibita
896 991 911 1024 a
929 975 1058 1026 Vatican.
1097 973 1233 1026 Ceterum
1251 974 1345 1026 estin

188 1045 348 1107 Pallytent.
369 1053 463 1113 quart.
488 1045 572 1098 Febr.
592 1044 667 1097 Pith.
693 1042 824 1110 afficiunt
850 1043 1066 1112 aegritudinem,
1094 1043 1169 1096 unde
1194 1043 1229 1096 de
1247 1044 1345 1106 conie-

190 1123 275 1167 ctura
292 1122 442 1166 annotarat
460 1132 574 1184 quoqne
593 1123 720 1167 nostram
746 1130 796 1168 seu
814 1115 942 1167 Vatican.
962 1115 1130 1179 lectionem,
1158 1114 1342 1167 Gulielmius.

188 1185 285 1258 Vulgo
303 1183 432 1254 putidius
459 1185 588 1251 efficiunt
612 1184 854 1251 aegritudinem.“
873 1183 955 1238 Getis.
993 1186 1093 1250 „Miro
1117 1184 1226 1237 citandi
1249 1184 1344 1259 negli-

190 1253 331 1381 Ξθιιῒίειῑα
349 1254 434 1308 Gron.
472 1256 583 1308 Habent
602 1256 677 1311 illud
695 1255 819 1321 efficiunt
844 1254 1050 1322 aegritudinem
1074 1253 1219 1325 plerique,
1244 1265 1278 1307 ut
1302 1255 1345 1307 vi-

210 1334 276 1380 etur
294 1327 363 1380 Oxx.
384 1328 458 1378 Mon.
479 1329 504 1382 2.
523 1326 595 1379 Edd.
615 1325 649 1378 A.
668 1327 699 1378 B.
720 1325 748 1378 S.
767 1327 803 1378 E.
824 1325 854 1379 C.
873 1325 906 1377 V.
926 1329 963 1378 Μ.
985 1335 1014 1379 et
1032 1342 1129 1378 omnes
1148 1334 1261 1378 nostrae
1280 1332 1345 1378 ante

191 1394 283 1453 Gebh.
321 1396 439 1448 Probam
465 1396 623 1450 lectionem
644 1396 750 1450 habent
775 1395 861 1451 codd.
880 1396 1000 1464 reliqui,
1028 1396 1084 1448 nisi
1112 1397 1187 1465 quod
1205 1396 1237 1447 iu
1255 1395 1342 1449 Rehd.

191 1476 222 1523 ot
238 1469 314 1520 llon.
335 1470 360 1521 l.
381 1484 417 1518 ex
435 1469 561 1533 officiunt
579 1487 595 1520 a
613 1469 639 1522 2.
659 1486 697 1518 m.
717 1470 827 1520 factum
845 1473 888 1518 est
906 1465 1040 1534 efficiunt,
1068 1474 1096 1518 et
1116 1465 1189 1519 Gud.
1210 1468 1236 1520 2
1259 1465 1345 1519 habet

191 1536 395 1605 aegritudinis.
415 1537 485 1591 Dav.
504 1539 536 1590 in'
553 1538 606 1591 Ed.
626 1540 652 1592 2.
674 1555 735 1590 eam
754 1538 911 1590 lectionem
928 1536 1067 1607 praetulit
1092 1535 1158 1601 (nec
1182 1542 1280 1590 tamen
1297 1537 1345 1589 de*
1363 1550 1386 1572 ἢ

114 1607 117 1610 ⁴
191 1608 265 1673 dit),
283 1624 355 1677 quae
366 1608 510 1662 obtinebat
526 1618 592 1662 ante
603 1607 693 1662 Gebb.
713 1608 892 1677 addiditque:
912 1607 1091 1674 „lectionem
1101 1607 1232 1673 afficiunt
1246 1607 1345 1676 aegri·

191 1678 288 1734 tudine
306 1695 359 1748 pro
377 1680 593 1762 germmissima
610 1679 798 1732 venditarunt
817 1677 895 1731 Guil.
923 1686 952 1731 et
971 1678 1085 1730 Gebb.“
1120 1678 1160 1729 At
1184 1695 1246 1730 eam
1271 1678 1344 1730 solus

192 1749 311 1803 exhibet
328 1750 419 1803 vatic.
441 1747 508 1814 [hoc
526 1767 629 1803 verum
647 1766 706 1802 non
724 1766 784 1802 esse
800 1747 934 1801 vidimus.
955 1749 1028 1815 Mu]
1066 1747 1121 1801 Sed
1145 1748 1176 1800 id
1200 1765 1258 1802 non
1277 1765 1346 1817 que-

192 1836 258 1886 ror;
277 1814 387 1889 saepius
406 1820 484 1873 enim
501 1821 545 1886 fit,
564 1828 598 1873 ut
615 1839 688 1872 unus
706 1819 801 1873 MStus
820 1820 926 1872 ceteris
944 1827 1070 1889 praestet
1088 1819 1227 1871 omnibus.
1257 1817 1346 1872 Aliud

192 1890 284 1965 tnagis
306 1900 403 1964 urget,
429 1891 505 1960 quod
527 1892 562 1944 ad
584 1892 744 1945 orationem
771 1889 973 1958 complendam
994 1892 1081 1959 plane
1099 1888 1172 1942 desit
1196 1889 1345 1942 accusandi

83 1956 85 1963 ⁴
193 1978 281 2016 casus.
304 1960 374 2013 ‘Nos
394 1962 487 2036 igitur
513 1978 580 2013 cum
602 1961 748 2015 veteribus
772 1960 855 2014 editis
879 1960 1004 2045 legimus
1032 1959 1160 2027 efficiunt
1187 1959 1347 2029 aegritudia

192 2049 263 2098 um,
283 2048 373 2099 eoque
391 2033 475 2085 modo
493 2032 664 2087 concinnior
676 2040 726 2084 est
750 2031 851 2084 oratio.
875 2031 985 2085 Eirene.
1012 2047 1067 2084 sec.
1094 2030 1200 2099 faciunt
1218 2030 1347 2100 aegritus

192 2102 297 2158 «tinem.
315 2102 382 2155 Non
401 2101 611 2156 incommode.“
622 2124 628 2130 ·
640 2102 745 2156 Merito
765 2101 937 2155 sententiam
956 2103 1081 2154 mutavit
1099 2101 1130 2152 in
1146 2101 1198 2155 Ed.
1217 2104 1243 2155 3.
1281 2101 1341 2153 Mr.

264 2173 371 2226 Eadem
389 2172 523 2238 adficiunt
539 2188 574 2226 ue
596 2172 720 2227 titudine
740 2171 888 2237 instantia]
925 2171 1065 2224 Arrianus
1088 2171 1182 2242 Epict.
1214 2170 1265 2222 lib.
1285 2171 1341 2222 111.

195 2244 410 2315 cap..XXV1.p
449 2247 540 2299 too:
569 2191 608 2297 dv
627 2245 681 2314 γὰρ
700 2242 938 2317 προςδοκωμένῳν
956 2243 1044 2314 φόβος
1066 2246 1176 2309 γίνεται,
1200 2244 1245 2295 καὶ
1271 2239 1345 2306 λύπη

112 2312 119 2322 ’
192 2313 349 2385 rapimur.
386 2261 458 2366 vide
480 2314 694 2382 Hieronymum
716 2312 751 2366 ad
774 2313 903 2383 ctesiph.
929 2321 1032 2366 contra
1057 2313 1152 2387 Pelag.
1176 2329 1206 2383 p.
1225 2314 1287 2367 546.
1317 2319 1346 2364 et

193 2385 301 2438 lib.11.
322 2384 383 2435 adv.
403 2383 498 2458 Pelag.
518 2403 546 2454 p.
561 2387 622 2442 576.
642 2401 675 2437 ac
694 2385 726 2436 in
743 2384 833 2438 Job’lis
852 2402 878 2437 c.
899 2388 925 2439 1.·
960 2384 1032 2436 Duo.

253 2454 425 2523 ,tustanum
461 2455 516 2522 „id
540 2454 582 2509 est
604 2457 767 2526 praesentia
788 2455 989 2529 urgentiaque.
1027 2453 1112 2524 Apud
1138 2453 1347 2507 Grarmnaticos

193 2525 424 2595 Dialecticosque
445 2529 557 2597 'tempus
577 2536 629 2591 est,
649 2526 726 2596 quod
744 2526 852 2579 instans
870 2534 984 2591 vocant,
1008 2525 1106 2581 idest
1124 2541 1271 2595 praesens:
1299 2540 1348 2576 cu-

194 2596 240 2650 ius
260 2604 289 2649 et
307 2596 457 2649 Diomedes
475 2596 649 2650 meminit.“⁴
662 2596 828 2650 Beroaldus.
865 2595 1002 2662 Quinctil.
1022 2596 1056 2646 V.
1079 2598 1124 2649 10:
1152 2593 1346 2663 praeteritum,

193 2666 312 2732 irritans,
340 2669 474 2735 futurum.
510 2666 555 2719 Ad
581 2668 708 2720 llerenn.
728 2668 766 2720 11.
792 2669 824 2722 5:
861 2667 897 2720 id
914 2665 1053 2719 dividitur
1079 2664 1111 2718 t'n
1135 2672 1260 2732 tempora
1278 2664 1347 2729 tria,

190 2738 387 2808 praeteritum,
407 2738 524 2804 iustam,
543 2754 718 2809 consequens.
740 2740 799 2794 Cic.
817 2739 851 2791 de
865 2739 911 2792 Or.
923 2738 960 2790 ll.
971 2738 1015 2792 25.
1037 2737 1101 2792 105:
1122 2736 1153 2786 in
1168 2734 1348 2790 deliberatio-

194 2809 454 2879 nibue'pterumque
471 2825 506 2862 ex
520 2808 621 2877 futiri,
641 2822 710 2864 raro
729 2811 813 2865 etiam
830 2824 864 2862 eu
882 2806 1074 2861 instantieaut
1090 2806 1169 2872 facti.
1190 2807 1242 2859 Est
1250 2815 1347 2859 autem

193 2879 305 2934 instans
323 2895 492 2933 conversum
510 2881 544 2932 ad
563 2881 705 2933 Graecum
722 2880 894 2934 vocabulum
911 2871 1030 2938 ἐνεστώς.
1048 2929 1051 2940 ,
1067 2877 1126 2931 Mr.
1149 2894 1154 2899 ·

266 2949 393 3003 Laetitia
411 2955 504 3004 autem
523 2957 550 3004 et
568 2950 668 3019 libido]
704 2952 770 3014 cod.
792 2950 865 3004 Gud.
886 2952 911 3004 2.
932 2949 1042 3002 omittit
1060 2955 1158 3001 autem.
1195 2949 1239 3001 Ad
1263 2967 1291 2999 v.
1310 2945 1349 2999 tt·
1380 2982 1386 2989 -

108 3074 111 3079 ,
194 3024 267 3076 lecta
283 3021 452 3073 Beroaldus:
472 3023 625 3088 „Invitata
643 3031 829 3106 evocatapum
857 3020 934 3088 unde
953 3028 983 3073 et
1000 3018 1132 3085 illiciunt·
1146 3019 1222 3090 apud
1244 3021 1351 3070 Varro-

193 3098 262 3146 nem
280 3092 313 3144 ab
332 3092 481 3146 illiciendo
500 3093 620 3158 dictum,
638 3109 692 3163 pro
710 3093 900 3147 incitamento
913 3091 1171 3160 invitamentoque,
1190 3089 1266 3141 sicut
1282 3087 1350 3141 iltis

194 3162 286 3218 animi
307 3163 399 3218 Venus
427 3172 456 3217 et
484 3163 579 3218 illices
604 3163 679 3217 oculi
703 3164 777 3236 apud
800 3161 958 3233 Apuleium
986 3162 1029 3229 [in
1047 3159 1168 3234 Apolog.
1188 3177 1217 3230 p,
1238 3161 1299 3215 295.
1320 3163 1348 3213 t.

193 3233 331 3293 Elmenh.
351 3243 380 3288 et
397 3253 426 3306 p.
445 3237 506 3291 323.
528 3239 570 3290 13.
589 3235 719 3302 ΕΙιυ.]“’
742 3235 801 3288 Μν.
1175 3244 1177 3248 ’

265 3307 278 3359 i
283 3305 320 3359 ni
326 3313 400 3360 ecta
418 3312 445 3358 et
461 3305 628 3369 inflammata
646 3301 815 3376 copiatum]
833 3304 988 3377 „Egregia
1006 3299 1167 3353 emendatio
1185 3299 1255 3379 l’all.
1275 3307 1350 3354 tert.

95 3378 100 3388 ‘
140 3427 143 3431 ,
194 3385 289 3448 quart.
338 3377 413 3429 nint·
438 3377 522 3429 Fabr.
550 3378 624 3431 Pith.
650 3377 776 3429 Vaticun.
800 3372 913 3428 intecta.
951 3369 1134 3432 Gulielmius,
1161 3384 1227 3435 qula
1257 3369 1353 3424 sicin

194 3447 301 3500 duobus
348 3446 479 3499 allicanis
496 3447 578 3501 libris
596 3455 755 3518 repererat,
773 3444 965 3520 augurabatur
982 3441 1108 3494 invecta.
1132 3436 1181 3488 sed
1197 3436 1275 3488 nihil
1295 3449 1350 3494 est.

193 3517 278 3573 iniict‘
301 3518 340 3570 ad
364 3517 476 3587 aliquid
499 3527 612 3573 rectum
639 3526 682 3570 est
698 3517 734 3570 de
754 3510 1099 3584 impetuosacupiditate,
1125 3523 1246 3576 quaese
1267 3509 1351 3565 ultro

195 3589 276 3660 quasi
294 3589 325 3641 in
343 3589 457 3643 hostem
475 3591 581 3643 inlicit.
618 3590 643 3640 V
731 3587 829 3640 illecta
844 3600 879 3635 ex
896 3579 1025 3659 glossa.“
1061 3576 1143 3633 ortt.

267 3661 378 3714 inlecta
400 3666 427 3714 et
454 3654 653 3725 inflammataJ'
702 3658 771 3731 ulgo
794 3653 909 3719 iniecto,
941 3651 1017 3724 quod
1040 3649 1208 3705 Gebhardus
1233 3650 1349 3720 primus

195 3732 310 3784 intulit:
330 3727 481 3786 Ascensius
500 3732 588 3797 enim,
606 3732 750 3794 Erasinus,
777 3723 935 3790 Manucius,
960 3721 1113 3778 Lambinus
1133 3728 1162 3774 et
1179 3719 1232 3772 alii
1248 3739 1350 3777 veram

195 3801 352 3856 lectionem
371 3810 596 3876 repraesentant.
632 3799 669 3851 D.
726 3806 729 3812 '
781 3814 784 3819 ·
879 3851 880 3855 ,
935 3815 937 3819 ·
1343 3807 1348 3815 ·

266 3874 378 3941 iniectu]
416 3870 616 3941 „ilecteDau
635 3867 731 3922 illecta
749 3865 889 3931 restituit,
909 3866 985 3937 quod
1004 3872 1066 3918 erat
1085 3864 1117 3915 in
1134 3862 1206 3916 Edd
1225 3871 1297 3916 vett.
1318 3872 1349 3916 et

195 3944 281 3999 habet
298 3964 371 3998 unus
389 3943 456 3998 Cod.
475 3939 579 3997 neitf‘
595 3936 683 3993 Boul.
720 3938 854 4004 ,‚1m'ecta
870 3936 978 3990 habent
996 3935 1082 3990 Codd.
1102 3943 1132 3988 et
1150 3941 1262 3986 veteres
1274 3933 1347 3987 Edd.

197 4014 348 4099 [posterius
368 4014 485 4087 quidem
503 4012 609 4064 falsum
626 4016 677 4075 est,
717 4009 778 4063 rius
796 4009 855 4061 non
873 4009 991 4063 omnino
1002 4004 1120 4060 'vet-um.
1139 4004 1214 4071 Mn]
1239 4006 1350 4058 Recen-

195 4094 286 4140 taores
304 4088 470 4141 maluerunt
488 4079 616 4136 illecto.“
633 4078 691 4132 Lat
700 4096 751 4133 em.
771 4079 900 4146 „t'nioew
920 4088 962 4133 est
981 4080 1000 4130 i.
1021 4097 1048 4147 q.
1074 4093 1226 4148 praeceps:
1253 4084 1287 4128 ut
1304 4075 1349 4127 di-

196 4158 274 4211 citur
299 4159 418 4213 iniicere
441 4169 471 4206 ae
488 4150 519 4205 iu
542 4153 647 4221 ignem,
675 4151 706 4204 iu
723 4149 823 4205 hostes.
859 4151 954 4228 Vulgo
973 4149 1077 4205 illecto.
1117 4147 1173 4202 Sed
1192 4144 1350 4198 vehemen-

194 4230 265 4282 tiori
286 4229 373 4282 verbo
396 4223 567 4278 Ciceronem
595 4222 645 4277 hic
672 4240 756 4277 usum
780 4223 841 4295 ipse
873 4238 988 4292 quoque
1012 4219 1185 4293 putaverim.
1222 4215 1350 4269 Incitato

215 4300 324 4355 lacebat
343 4294 497 4360 Richtero3
529 4304 559 4348 et
583 4297 704 4349 fortasse
734 4294 877 4366 optimum
899 4300 956 4347 est:
987 4299 1065 4345 certe
1091 4305 1160 4341 mox
1187 4287 1229 4341 ita
1240 4287 1349 4369 'Cicero

207 4369 329 4426 incitata
355 4373 396 4420 eat
427 4363 650 4435 vehementiua]“
674 4366 757 4420 (iesu.
792 4363 944 4431 „Haesere
974 4362 1033 4415 viri
1052 4360 1144 4413 docti
1166 4358 1202 4411 ad
1232 4359 1349 4422 iniecta,

195 4441 271 4512 quod
289 4448 319 4495 et
337 4455 391 4495 scr.
402 4445 441 4519 ‘ot
459 4437 529 4494 Edd.
551 4438 688 4511 quaedam
707 4435 775 4504 [non
794 4435 940 4508 pusiam,
970 4432 1018 4488 sed
1045 4448 1142 4487 omnes
1169 4436 1235 4483 ante
1253 4427 1347 4486 Gebh.
