2842 5070
186 283 248 353 474
286 290 289 300 '
326 318 338 343 -ι
393 280 625 394 CICERONIS
645 283 894 352 Tuscum.
917 282 1147 348 DISPUTAT.

23 488 30 496 ·
122 448 165 514 38
268 443 335 510 Sed
366 446 501 532 cognite
532 447 600 510 iam
630 466 729 512 causa
770 439 1078 530 perturbationum,
1111 466 1196 529 quae
1229 467 1345 512 omnes

123 534 167 590 82·
187 530 349 594 oriuntur
369 549 412 591 ex
432 528 567 592 iudiciis
588 531 783 612 opinionum
806 540 841 593 et
860 531 1101 608 voluntatibus,
1127 531 1173 593 sit
1192 530 1262 593 iam
1282 531 1344 593 hu-

185 613 239 675 ius
261 611 498 696 disputationis
518 611 647 676 modus.
689 612 785 676 Scire
806 619 919 676 autem
939 631 1000 674 nos
1022 620 1166 694 oportet,
1187 631 1227 675 co
1253 613 1343 691 uitis,

184 693 298 840 quoad
319 704 459 776 possunt
479 695 520 759 ab
548 695 685 762 homine
716 696 885 781 cognosci,
916 695 1082 757 bonorum
1114 703 1149 756 et
1175 632 1343 757 medorum

211 777 320 856 uibus,
341 776 428 838 nihil
447 797 468 840 a
487 777 699 860 philosophia
715 796 812 860 posse
833 785 899 840 aut
913 778 1022 839 mains
1038 784 1097 839 aut
1107 775 1227 839 utilius
1249 783 1342 858 opta-

185 961 253 997 cum
277 961 334 997 non
357 951 507 1014 repetatur
530 943 607 997 idem
630 952 695 1014 post
718 960 798 1010 quum
819 943 1006 1011 perturbatio,
1033 943 1149 996 uncinis
1167 942 1339 996 includeret.

184 1014 225 1068 Et
242 1013 319 1068 abest
336 1014 369 1066 ab
388 1031 446 1070 uno
464 1015 526 1080 Ox,
545 1014 577 1067 in
595 1013 653 1067 alio
677 1015 789 1090 legitur
807 1014 973 1083 depellatur,
997 1014 1029 1066 iu
1040 1015 1122 1085 qoud.
1142 1015 1168 1070 2.
1192 1013 1272 1065 idem
1298 1013 1341 1064 bis

183 1086 326 1153 scriptum
340 1086 496 1154 reperitur.
534 1085 716 1154 Wopkensio
735 1085 755 1136 l.
776 1101 802 1143 c.
821 1102 849 1156 p.
871 1086 932 1142 259.
951 1085 1100 1140 immerito
1124 1083 1280 1138 sollicitari
1297 1084 1341 1135 vi-

184 1155 317 1211 debatur:
338 1157 415 1227 quod
431 1155 514 1209 nobis
533 1171 648 1226 quoque
665 1155 791 1210 videtur.
829 1154 889 1209 Mr.

254 1243 279 1280 c.
299 1229 343 1284 38.
380 1225 437 1281 Sed
453 1226 566 1294 cognita
583 1225 641 1278 tam
659 1240 746 1278 causa
760 1224 1025 1297 perturbationum]
1061 1225 1133 1279 Edd.
1153 1223 1188 1282 Α.
1200 1225 1233 1277 Β.
1253 1223 1283 1278 S.
1302 1225 1337 1279 Ε.

183 1295 214 1350 (l
233 1296 267 1353 V.
286 1298 355 1349 Ven.
375 1305 464 1353 nostr.
486 1296 550 1350 Asc.
572 1300 597 1350 1.
615 1299 654 1351 2„
667 1297 750 1351 Junt.
773 1295 843 1354 aab.
868 1296 968 1367 steph.
993 1297 1092 1353 ΗΘΜ.
1117 1295 1203 1348 habet
1226 1295 1271 1348 sic
1287 1310 1339 1364 pro

182 1367 251 1421 aad:
276 1368 358 1421 cuius
381 1367 515 1420 lectionis
539 1367 663 1442 vestigia
685 1373 752 1421 sunt
777 1366 809 1417 in
828 1366 901 1425 Gud.
921 1369 947 1424 2.
973 1367 1025 1436 qui
1047 1366 1132 1419 habet
1156 1365 1190 1418 Si
1214 1365 1336 1434 cognitu.

83 1471 85 1478 ·
182 1436 227 1491 Ad
240 1455 272 1500 a.
291 1453 378 1491 couaa
404 1437 602 1513 explicandam
627 1436 747 1510 apponit
771 1437 803 1489 in
821 1436 926 1491 Annot
954 1438 1023 1489 Bill.
1042 1433 1173 1502 materiai,
1199 1437 1336 1490 doctrina.

182 1507 352 1563 Addendum
376 1509 436 1561 fuit
460 1523 572 1562 causam
594 1523 759 1575 cognoscere
782 1524 840 1560 csse
858 1507 1036 1561 locutionem
1059 1505 1237 1559 iudicialem.
1275 1507 1337 1559 Vid.

182 1575 299 1633 Schiitz.
326 1581 394 1634 Lex.
421 1579 482 1637 Cic.
503 1597 533 1631 v.
562 1593 727 1644 cognoscere
744 1581 770 1635 6.
808 1577 843 1629 ln
862 1595 940 1649 seqq.
961 1578 1046 1633 codd.
1068 1577 1141 1630 Gud.
1167 1584 1197 1628 et
1216 1580 1292 1630 Mon.
1314 1581 1338 1630 l.

205 1666 237 1704 ro
261 1650 447 1710 uoluntatibus
471 1657 515 1702 est
541 1648 730 1718 uoluptatibus
759 1648 992 1718 frequentissima
1016 1648 1195 1701 confusione.
1242 1647 1340 1720 Pergit

181 1667 251 1775 bod.
279 1720 370 1774 Rehd.
396 1722 432 1775 ait
455 1716 558 1773 tutus
584 1716 765 1785 iam3'Gud.
785 1720 811 1773 2.
836 1719 896 1773 aed
913 1720 972 1773 iam
989 1715 1090 1781 buius3
1127 1717 1202 1771 Gud.
1221 1717 1262 1770 sit
1280 1720 1338 1773 ium

182 1789 341 1843 huiuamodi
357 1791 455 1845 modus
472 1789 681 1858 disputationis.
709 1787 806 1843 Duisb.
825 1790 862 1843 ait
879 1789 936 1842 iam
955 1788 1157 1859 disputationis
1180 1785 1264 1844 buius
1282 1804 1339 1840 mo·

181 1861 244 1944 dua.
280 1861 469 1915 hoentlonem
487 1860 696 1944 aits-'modus
715 1858 840 1942 explicat
859 1860 905 1913 Or.
926 1861 1007 1914 Verr.
1026 1861 1065 1915 11.
1086 1862 1132 1916 ll:
1161 1873 1212 1912 nos
1227 1861 1339 1912 modum

183 1932 448 2058 ahquddirdtabdddd
462 1931 993 2071 dbcdtldddrddtst-rffeqdbb'd'bbssaaddi]
1014 1998 1089 2065 „Sic
1104 1998 1240 2070 plerique
1257 1999 1338 2064 libri,

181 2073 252 2127 Pall.
272 2091 327 2127 sec.
346 2082 414 2131 tert.
435 2074 530 2142 quint.
548 2073 679 2125 Vatican.
697 2071 767 2124 alias
786 2087 845 2138 aas,
864 2080 893 2126 et
908 2070 1050 2139 possint.“
1074 2069 1158 2124 Gebh.
1195 2072 1231 2122 ln
1248 2088 1339 2154 marg.

182 2143 299 2202 Lainbb.
327 2153 355 2197 et
375 2144 462 2198 Goth.
488 2146 516 2198 le
538 2143 598 2195 itur
620 2144 699 2208 alios,
723 2143 920 2210 nescioquas,
943 2141 1048 2197 habere
1074 2157 1130 2195 aaa.
1168 2140 1214 2194 Ex
1232 2149 1339 2195 nostrts

183 2215 301 2284 quidem
322 2214 394 2269 Edd.
419 2223 485 2269 ante
531 2213 594 2267 ebh.
623 2214 709 2283 plane
728 2212 812 2266 nulla
828 2211 921 2278 habet
938 2228 999 2266 uos:
1030 2211 1107 2269 solus
1129 2211 1212 2267 Brut.
1239 2220 1339 2272 monet

181 2286 242 2360 legi
261 2286 302 2337 sic
321 2287 351 2339 in
371 2285 438 2341 cod.
460 2287 486 2340 G
544 2283 574 2336 h.
612 2284 672 2340 Mr.
854 2298 860 2308 ··

251 2357 310 2407 Nos
337 2355 461 2424 oportet]
493 2365 496 2367 ’
523 2354 591 2430 algo
614 2370 673 2406 uos.
710 2353 861 2407 Ascensius
890 2369 970 2421 vero,
999 2353 1150 2419 Erasmus,
1188 2353 1337 2405 Mauricius

180 2425 290 2497 aliique
308 2434 388 2479 recte
407 2443 458 2480 uos
484 2425 646 2488 ediderunt,
674 2432 709 2476 ut
732 2424 793 2488 ipse
817 2423 932 2477 Tullius
959 2433 989 2477 et
1010 2424 1187 2487 adulescens,
1216 2439 1342 2494 quocum

180 2495 294 2549 locutus
321 2497 342 2549 a
384 2497 453 2562 itur,
481 2495 696 2548 intellicantur.
734 2493 782 2554 Sic
810 2502 839 2547 et
856 2494 971 2548 Balliol.
998 2493 1120 2547 exhibet.
1161 2494 1253 2562 [Quod
1271 2511 1339 2546 mox

180 2514 457 2623 scribiturzndotore
480 2567 519 2623 od
540 2539 705 2638 poliendum
728 2567 832 2630 leuato,
862 2565 893 2617 id
919 2582 973 2618 nec
995 2565 1098 2617 Latine
1125 2564 1184 2617 dici
1211 2564 1338 2629 videtur,

181 2654 235 2691 nec
258 2639 293 2693 ad
316 2657 429 2692 sensum
453 2636 610 2692 commode.
647 2637 687 2687 Le
710 2650 725 2687 o
747 2637 846 2689 dolore
860 2637 964 2701 leuato,
982 2635 1098 2688 vocibus
1124 2635 1162 2688 od
1177 2636 1340 2706 potiendum

179 2725 234 2781 pro
258 2709 445 2764 librariorum
469 2707 639 2763 emblemate
661 2653 759 2758 vadere
784 2706 875 2760 iussis.
904 2706 978 2759 Dau.
1004 2707 1036 2757 in
1058 2706 1112 2758 Ed.
1130 2709 1157 2763 2.
1193 2706 1239 2761 Ad
1258 2723 1339 2776 quas

180 2795 230 2832 nos
249 2780 280 2831 in
298 2789 408 2834 annott.
428 2796 506 2850 seqq.
526 2774 751 2848 respondemus]
786 2777 823 2832 D.
1252 2784 1254 2789 ’

252 2849 335 2906 Scire
353 2857 445 2904 nutem
462 2866 519 2903 uos
538 2845 656 2919 oportet]
693 2847 787 2913 „Dae
807 2846 949 2918 praetulit
966 2862 1027 2913 nos,
1056 2845 1132 2918 quod
1155 2845 1250 2899 estin
1268 2864 1339 2899 non.

180 2920 269 2974 nullis
287 2918 371 2974 Oodd.
400 2920 503 2992 quibus
529 2918 639 2972 accedit
661 2918 732 2992 Reg.
751 2917 804 2970 Ed.
825 2927 922 2971 nostra
947 2927 1006 2973 vet.
1033 2927 1061 2972 et
1078 2918 1235 2988 pleraeque
1255 2918 1336 2972 aliae.

131 3021 133 3024 ⁴
180 2991 266 3046 Nihil
284 2991 392 3057 differt,
415 2999 564 3058 utcunque
587 2990 615 3042 le
637 2989 696 3042 as.“
719 2986 808 3041 Boub.
845 2989 940 3052 „Data
960 2988 1090 3041 correxit
1115 3003 1181 3040 nos:
1207 3004 1262 3062 ega
1280 3007 1339 3041 ma·

179 3063 234 3119 lim
258 3063 355 3119 delere
378 3061 460 3115 aos.“
483 3062 551 3115 Era.
589 3007 682 3128 ‚ch
708 3074 822 3142 quoque
846 3059 920 3124 loca,
944 3059 995 3128 qui
1013 3059 1071 3111 iam
1095 3075 1153 3111 non
1180 3059 1336 3123 succurrit,

180 3127 325 3189 auditores
349 3133 518 3203 alloquitur·
555 3130 646 3196 Quare
671 3148 731 3185 non
752 3130 837 3183 video
861 3147 914 3183 cur
940 3146 989 3183 vos
1011 3148 1028 3182 a
1050 3129 1120 3182 Dav.
1149 3137 1178 3181 et
1195 3129 1279 3199 Bipp.
1304 3128 1337 3182 i'n

181 3221 232 3261 noa
251 3212 394 3260 mutatum
413 3204 481 3259 sit.“
499 3201 612 3256 Nissen.
649 3201 713 3276 Ego
737 3209 833 3259 autem
854 3216 912 3253 non
929 3200 1014 3253 video
1033 3217 1095 3266 cur,
1121 3207 1223 3251 contra
1247 3200 1338 3252 libros

181 3285 211 3331 et
229 3276 372 3349 plurimos
391 3284 420 3328 et
438 3276 572 3346 optimos,
599 3273 650 3324 vul
672 3281 747 3325 atam
769 3281 835 3323 ante
855 3270 1039 3323 Gebhardum
1060 3270 1218 3323 lectionem
1241 3278 1335 3323 muto-

137 3349 144 3360 “
180 3365 253 3403 mus.
289 3347 402 3401 Habent
419 3355 515 3400 autem
532 3360 584 3400 aaa
602 3343 640 3396 Co
661 3344 687 3401 d.
707 3345 776 3417 Reg.
797 3342 870 3395 Gud.
888 3344 915 3396 l.
940 3342 1015 3431 Aug.
1038 3341 1127 3394 Rehd.
1157 3341 1230 3392 Gud.
1250 3343 1334 3394 Bern.

180 3421 257 3474 Mon.
276 3419 301 3472 ‘h
322 3424 431 3488 septem
451 3417 520 3469 Oxx.
557 3415 680 3500 begitur
698 3422 793 3466 autem
809 3414 918 3480 posunt
935 3411 967 3462 in
984 3412 1056 3465 uda.
1077 3419 1143 3464 ante
1162 3410 1256 3465 Gebh.
1277 3429 1337 3467 om-

180 3489 272 3554 nibus,
303 3488 351 3541 sed
382 3505 416 3539 ex
435 3486 521 3540 Godd.
549 3485 767 3539 conrunctivum
792 3483 899 3537 habent
924 3483 1179 3537 consisitunt.
1209 3491 1239 3536 et
1263 3502 1337 3536 unus

181 3561 231 3684 Οἱ.
268 3562 322 3613 Pro
341 3557 432 3684 quqqd
450 3557 525 3629 βιιᾱε
547 3561 570 3612 1.
590 3557 677 3609 habet
700 3554 774 3628 quad
791 3553 946 3622 athliehd.
967 3570 1027 3623 que,
1052 3553 1149 3606 Duisb.
1174 3553 1263 3607 habet
1287 3571 1338 3624 que

180 3646 198 3684 a
238 3637 337 3684 ossum.
411 3645 435 3681 r.
968 3643 971 3650 ’

184 3728 186 3732 ·
216 3647 374 3768 pcognius
395 3726 427 3736 -
445 3696 578 3753 botarum
601 3702 630 3751 et
652 3696 790 3750 motorum
811 3695 922 3762 finibus,
949 3694 1023 3751 nibil
1041 3724 1075 3736 -
1091 3712 1170 3765 posse
1190 3728 1222 3738 -
1242 3694 1337 3748 maius

179 3767 1336 3915 att{tl0lptc¹¹23t²fgiltttt¹¹,tt⁵‘tittlt‘tttllatitat

178 3909 1338 4056 {ttagtttttlttftitud}witti?optulit·itti:

178 4053 264 4106 habet
282 4069 300 4104 a
316 4050 527 4176 pdithpopbica.
563 4054 600 4105 In
622 4068 702 4123 seqq.
723 4051 792 4106 (lod.
816 4051 892 4108 Mon.
914 4056 937 4107 l.
960 4051 1046 4104 habet
1070 4057 1199 4114 mortem
1218 4083 1253 4096 -·
1272 4068 1338 4105 cou-

191 4141 231 4179 em
256 4130 337 4178 tam.
411 4140 434 4174 r.

180 4133 190 4180 ἱ
230 4129 269 4248 pa
284 4191 461 4266 philosophia
476 4211 559 4263 posse
576 4209 610 4239 :-
627 4192 732 4261 optars]
752 4194 931 4264 „Nunquam
949 4193 1024 4246 mihi
1041 4192 1092 4246 hic
1104 4192 1227 4245 verbum
1236 4193 1338 4261 optari

180 4269 290 4338 placuit
308 4265 383 4318 satis.
411 4267 565 4335 Requiram
582 4265 702 4318 verbum
721 4264 845 4335 aliquod,
865 4265 962 4333 qualia
980 4264 1143 4331 exspectari,
1160 4263 1339 4330 praestari.“

182 4340 250 4393 Era.
288 4339 354 4390 Nou
379 4336 526 4390 intellexit
549 4336 620 4389 Ern.
645 4338 836 4406 βραχυλογίαν
864 4334 1089 4391 Ciceronianam.
1127 4333 1199 4387 Vult
1217 4334 1336 4391 Cicero:

114 4430 116 4435 ⁴
180 4407 252 4466 sitit
273 4425 356 4480 porse
380 4409 474 4478 optari
496 4414 544 4462 aut
570 4406 661 4462 retatus
685 4414 731 4463 aut
754 4405 863 4474 utilius,
891 4408 963 4477 quod
989 4405 1097 4477 quidem
1122 4403 1338 4476 upbitoaoptu‘a
