2842 5070
452 325 582 393 umus
603 326 664 410 ιν,
693 328 816 423 rurs
960 280 961 286 Ν
1006 358 1010 367 -
1153 330 1217 400 sat

65 495 224 576 reliquae.
256 491 495 576 disputationis
527 514 663 566 cursum
690 501 881 566 teneamus:
913 490 1014 556 modo
1035 494 1132 558 satis
1160 497 1215 560 illa

49 575 209 639 'dilucide
231 575 413 640 dixerimus
441 596 504 658 pro
527 597 642 640 rerum
665 577 879 640 obscuritate.
928 575 967 640 A.
989 576 1133 642 Prorsus
1162 599 1215 642 sa·

61 660 123 721 tis:
154 659 212 721 sed
233 661 262 720 si
285 679 370 742 quae
391 659 585 746 diligentius
613 667 714 721 erunt
746 657 986 744 cognoscenda,
1018 679 1216 742 quaeremus

60 743 162 804 alias:
184 762 273 803 nunc
293 743 380 821 vela,
391 762 474 824 quac
492 741 589 804 modo
605 741 749 819 dicebas,
773 748 1004 823 exspectamus
1017 749 1051 805 et
1066 763 1213 810 cursum.

144 823 193 887 Μ.
218 822 357 888 Quando
379 834 413 905 et
434 826 508 886 aliis
530 825 614 887 locis
636 823 819 887 devictute
842 833 877 885 et
897 821 1042 887 diximus
1064 837 1099 889 et
1119 846 1217 910 saepe
1238 838 1280 900 15

132 990 344 1059 eecruposis]
376 993 428 1057 Ita,
448 1000 482 1044 ut
499 991 626 1055 videtur,
645 998 705 1042 tres
724 989 810 1056 Oxi-3
834 1005 887 1042 nee
906 988 991 1060 plane
1009 987 1114 1044 abeunt
1133 992 1218 1049 Godd.

61 1060 131 1136 lieg.
152 1069 181 1114 et
200 1061 273 1114 Gud.
285 1068 310 1117 l·
329 1063 379 1132 qui
397 1062 505 1119 habeut
521 1060 711 1129 scruplosis,
732 1076 905 1131 quamquam
923 1059 955 1112 in
972 1062 1132 1130 posteriore
1151 1063 1220 1118 lite·
1269 1084 1272 1090 ¹

36 1131 103 1199 ‚ris
126 1133 159 1200 pi
181 1150 213 1184 su
236 1133 416 1202 asscriptum
441 1142 483 1185 est
513 1140 539 1186 u.
571 1133 753 1202 Receperunt
776 1131 924 1184 nobiscum
950 1131 1104 1200 scruposis,
1132 1135 1218 1204 quod,

60 1209 162 1270 utpote
186 1149 312 1255 lidrariis
337 1204 433 1268 minus
458 1212 571 1270 notum,
595 1203 735 1255 facillime
760 1203 791 1253 in
809 1202 981 1255 vocabulum
1000 1202 1220 1260 usitatissimum

62 1271 258 1341 (scrupulosis)
277 1275 384 1327 mutari
401 1273 507 1344 potuit,
527 1274 597 1328 Dav.
618 1273 691 1326 Lall.
711 1272 855 1341 FAWolf.
877 1269 960 1326 Scltz.
982 1272 1028 1325 Or.
1044 1272 1116 1327 Tbn.
1141 1277 1220 1332 Nob-

55 1341 123 1394 bius
141 1344 283 1413 syllabam
306 1347 337 1398 ui
360 1344 476 1397 uncinis
501 1344 700 1411 circumdedit.
743 1344 824 1398 Unus
852 1344 902 1398 Ox.
927 1360 994 1396 curn
1016 1345 1105 1399 Rehd.
1132 1346 1230 1410 habet*
1267 1346 1270 1351 ’

60 1415 222 1483 scopulosis.
261 1415 378 1484 Reliqui
405 1417 590 1468 consentiunt
617 1415 647 1466 in
681 1413 863 1483 scrupulosis,
894 1415 976 1486 quod¹
996 1415 1134 1471 Kiihnero
1160 1436 1219 1472 non
1281 1452 1284 1457 -

60 1484 278 1556 improbandum
303 1486 427 1538 videtur.
465 1488 568 1556 Neque
591 1501 644 1560 ego
668 1485 709 1537 ita
734 1480 875 1554 improbo,
901 1493 935 1536 ut
959 1486 1033 1538 ferri
1057 1505 1115 1540 non
1137 1507 1219 1560 posse

60 1557 243 1610 contendam:
273 1557 323 1610 sed
346 1558 433 1610 facile
457 1565 585 1628 apparet,
620 1571 674 1608 cur
702 1555 734 1606 in
759 1573 830 1609 voce
855 1554 1029 1622 scrupulosis
1060 1567 1155 1611 tantus
1181 1563 1219 1615 sit

58 1626 204 1680 librorum
223 1645 384 1694 consensus,
404 1644 461 1698 quo
478 1626 650 1681 vocabulum
667 1625 765 1697 paullo
785 1625 956 1680 insolentius
983 1628 1045 1680 fere
1068 1629 1128 1681 fuit
1145 1632 1219 1684 obli-

60 1705 195 1750 teratum.
234 1699 371 1751 Ceterum
396 1699 461 1752 dedi
486 1716 526 1752 cc
551 1699 651 1768 quibus
673 1725 702 1734 —
732 1713 747 1748 e
770 1697 922 1765 catapotia,
949 1697 1031 1768 prius
1056 1716 1092 1752 ex
1120 1700 1217 1769 Codd,

60 1784 128 1818 cum
151 1769 224 1821 Edd.
248 1777 313 1822 ante
338 1769 429 1822 Gebh.
454 1769 578 1822 habeant
605 1784 639 1822 ex
667 1768 780 1838 quitum
813 1770 938 1821 alterum
968 1768 1040 1820 item
1063 1788 1128 1823 cum
1152 1781 1218 1828 octo

60 1838 149 1892 codd.
170 1839 239 1892 Oxx.
260 1841 305 1892 Au
328 1879 333 1891 .
353 1842 423 1915 Reg.
443 1840 526 1892 vind.
549 1845 572 1895 l.
595 1847 630 1892 ct
653 1839 727 1891 Edd'.
747 1839 886 1892 omnibus.
925 1838 1061 1894 Quoniam
1079 1843 1219 1897 omittunt

60 1909 149 1962 Codd.
170 1910 243 1962 Gud.
263 1913 289 1965 2.
306 1859 406 1963 luisti.
427 1911 498 1964 Edd.
518 1913 547 1964 Ρ.
567 1911 600 1964 A.
619 1911 650 1961 Β.
671 1909 699 1962 S.
719 1909 754 1961 Ε.
775 1909 805 1962 C.
826 1912 860 1961 V.
879 1910 952 1970 Ven.
971 1920 1059 1962 nostr.
1080 1913 1144 1966 Asc.
1156 1917 1217 1972 m.

60 1980 141 2032 dunt.
162 1980 232 2033 Rob.
252 1980 353 2052 Stepb.
372 1984 471 2036 Herw.
509 1983 591 2035 Unus
610 1981 660 2034 Ox.
686 1979 772 2034 habet
791 1980 852 2034 eius
870 1980 935 2033 loco
954 1983 1077 2048 wando:
1108 1985 1142 2038 de
1161 2003 1219 2055 qua

59 2054 272 2120 permutatione
295 2053 345 2105 vel
369 2054 536 2107 confusione
560 2054 688 2105 dicemus
707 2049 741 2103 ad
765 2052 945 2123 principium
964 2068 1025 2123 cap.
1045 2071 1104 2124 seq.
1145 2055 1219 2110 Tuu-

60 2139 144 2191 quom
167 2122 245 2175 abest
268 2124 384 2188 aVind.
405 2128 430 2180 2.
467 2125 502 2178 In
526 2122 600 2176 Gud.
619 2126 646 2178 2.
674 2122 824 2174 omittitur
847 2120 1015 2190 sequens'e.
1053 2127 1119 2178 Mox
1142 2127 1217 2203 Aug.

57 2194 183 2263 reliquae
200 2206 311 2246 cursum
331 2195 543 2264 disputationis.
581 2196 662 2247 Unus
680 2192 731 2244 Ox.
751 2193 864 2245 omittit
880 2194 950 2257 ilia3
974 2195 1059 2249 Vind.
1081 2201 1105 2252 1.
1130 2197 1228 2253 habet

54 2264 185 2318 dilucide
210 2266 273 2319 itta.
296 2266 370 2341 Aug.
391 2268 502 2318 omittit
521 2265 653 2330 dilucide,
679 2272 709 2316 et
727 2261 844 2316 exhibet
863 2264 997 2326 dicimus,
1031 2274 1102 2336 orto¹
1118 2285 1218 2324 errore

57 2353 97 2388 ex
115 2335 249 2410 neglecto
268 2337 438 2406 compendio
458 2335 625 2402 [diu’t'muel
651 2338 726 2387 Mon.
743 2341 766 2390 1.
786 2351 839 2403 pro
858 2335 1031 2389 obscuritate
1049 2351 1160 2392 retum:
1185 2342 1217 2394 iu

59 2404 160 2459 eodem
178 2406 276 2474 paullo
295 2406 426 2477 superius
445 2409 587 2476 scriptum
611 2413 654 2459 est
672 2407 801 2460 cantibus
823 2422 877 2475 pro
897 2406 1010 2472 cotibus,
1043 2411 1119 2478 quod
1136 2429 1217 2465 men·
1309 2418 1313 2423 '

58 2476 128 2528 dum
151 2484 249 2528 ortum
272 2486 314 2529 est
340 2494 375 2531 ex
399 2477 564 2548 scriptione
582 2475 720 2541 cautibus,
747 2492 819 2545 quae
838 2485 899 2539 erat
918 2479 1215 2548 correctiobominis,

24 2591 25 2594 ,
57 2547 112 2616 qui
130 2546 309 2600 existimaret
327 2549 433 2610 cotibus
450 2548 611 2624 significari
635 2547 749 2599 nonnisi
774 2562 819 2600 eos
842 2547 962 2618 lapides,
995 2550 1099 2620 quibus
1123 2554 1216 2607 ferrass

54 2626 154 2670 menta
177 2628 347 2686 accuuntur,
375 2619 500 2680 cautibus
525 2619 594 2672 vero'
618 2635 684 2670 saxa
707 2625 736 2671 et
754 2634 840 2689 rupes
864 2618 990 2690 adeoque
1008 2623 1149 2691 scopulos,
1179 2625 1215 2678 de

54 2690 160 2758 quibus
178 2689 228 2741 hic
246 2707 340 2743 sermo
359 2699 401 2743 est
419 2691 451 2742 in
468 2688 690 2761 comparatione.
727 2689 788 2743 Mr.
1055 2758 1060 2765 Ι

55 2780 57 2784 ’
128 2759 249 2814 Prorsus
267 2761 374 2828 saties]
393 2762 478 2828 Deest
496 2761 568 2815 satis
585 2761 616 2812 in
633 2760 704 2814 Edd.
727 2758 758 2810 Α.
778 2758 907 2827 Β.,8.Ε.
926 2762 1008 2826 dunt.
1029 2761 1211 2821 Venssnostr.
1269 2785 1272 2790 ·

55 2828 121 2882 Asc.
134 2834 160 2887 2.
188 2833 259 2884 Eius
278 2835 356 2886 enim
372 2832 452 2896 vocis
471 2832 672 2902 compendium
693 2827 816 2906 [SAut]
835 2831 999 2901 absorptum
1019 2842 1062 2886 est
1080 2853 1096 2886 a
1113 2840 1214 2908 praxi.
1260 2875 1262 2880 .

56 2902 104 2953 mc
126 2903 276 2965 vocabulo,
307 2905 334 2957 ei
359 2905 390 2955 in
413 2903 621 2972 antiquissimis
640 2902 726 2954 Oodd.
755 2901 915 2968 simillimo,
949 2892 1029 2956 SET.
1055 2907 1119 2960 Vid.
1140 2910 1215 2963 Con.

10 3028 16 3036 ‚
55 2981 186 3041 spectum
206 2972 343 3025 Orthorr.
364 2974 430 3027 (lod.
451 2974 543 3025 Vatis.
563 2972 796 3026 Niebuhrianum
821 2973 856 3025 ad
875 2973 984 3026 calcem
1004 2975 1063 3029 Cic.
1089 2979 1123 3032 de
1142 2982 1231 3064 Rep-

56 3043 101 3095 ed.
121 3053 210 3095 nostr.
231 3061 259 3113 p.
279 3019 340 3099 622.
377 3045 545 3103 Proximum
562 3044 590 3098 si
608 3044 720 3117 omittit
739 3042 805 3097 (lod.
826 3046 899 3095 Mon.
922 3049 945 3098 1.
967 3054 995 3108 et
1013 3050 1113 3122 pergit
1131 3067 1214 3118 quta
1273 3112 1275 3116 Α

57 3112 342 3183 diligentius,·plane
360 3123 394 3166 ut
412 3115 479 3168 Cod.
498 3122 557 3167 ret.
577 3114 675 3167 Caroli
694 3112 793 3182 Steph.
826 3114 936 3185 Scripsi
953 3124 1050 3174 autem
1069 3120 1097 3172 si
1114 3137 1213 3189 quae,

56 3192 157 3235 contra
174 3185 246 3236 Edd.
266 3184 422 3238 lectionem
440 3185 467 3238 si
485 3201 564 3256 qua,
583 3201 649 3249 cum
667 3184 736 3236 Dav.
757 3202 792 3237 ex
810 3184 896 3237 Godd.
916 3187 986 3260 Reg.
1008 3187 1080 3240 Gud.
1093 3194 1116 3244 l.
1136 3191 1211 3267 Aug.

60 3256 135 3307 Mon.
157 3260 181 3311 l.
202 3257 228 3309 2.
252 3256 338 3310 Marb.
355 3256 453 3310 ‘Rehd.
479 3256 577 3308 Duisb.
604 3264 633 3308 et
657 3253 749 3306 tribus
774 3255 843 3309 Oxx.
881 3255 929 3307 sic
953 3257 1039 3308 etiam
1065 3259 1099 3312 tle
1124 3262 1211 3317 Finn.

55 3325 88 3375 V.
109 3329 152 3380 tt.
171 3330 221 3382 46:
241 3335 280 3394 ut,
310 3329 338 3383 ei
364 3336 453 3397 quus
478 3327 509 3380 iu
532 3328 664 3380 membris
688 3340 798 3393 provo
817 3325 885 3391 aiot,
904 3357 938 3368 -
963 3327 1013 3380 ubi
1032 3329 1105 3384 item
1122 3333 1212 3410 vulgo

56 3396 169 3470 legitur
185 3398 214 3450 ei
233 3415 313 3468 qua,
343 3400 428 3452 Goer.
448 3415 518 3451 vero
537 3417 572 3452 ex
591 3397 676 3452 Codd.
697 3396 725 3448 ss·
744 3412 826 3466 quae
843 3397 985 3464 restituit,
1009 3401 1085 3470 quod
1103 3403 1144 3456 ibi
1162 3423 1213 3459 ne-

55 3466 185 3542 glectum
209 3481 251 3522 est
274 3489 290 3523 a
317 3471 441 3523 Davisio.
480 3471 546 3522 Mox
570 3469 625 3521 duo
643 3468 722 3544 dxx.
743 3483 997 3592 quaeramuedprc
1022 3480 1211 3544 quaeremus,
1256 3524 1260 3530 .

55 3555 123 3589 cum
149 3541 234 3593 Vind.
253 3543 287 3607 2;
315 3542 384 3596 God.
412 3541 501 3595 Rehd.
527 3539 625 3592 habet
640 3538 782 3592 dicemus.
824 3541 859 3592 ln
886 3539 933 3593 Gu
954 3579 960 3592 .
980 3544 1007 3598 2.
1035 3551 1078 3597 est
1108 3561 1212 3614 cogno.

55 3609 167 3660 scendi.
204 3611 265 3663 Mr.
653 3629 656 3632 ·
813 3615 816 3618 ’

110 3683 199 3731 'nunc
215 3680 287 3746 oeta,
319 3699 389 3751 quoe
410 3684 492 3737 modo
511 3682 630 3749 dicebas,
647 3687 853 3753 ‚expectamus
869 3687 898 3734 et
915 3682 1045 3751 mesum]
1080 3685 1211 3757 Respicit

57 3750 92 3801 ad
109 3749 195 3801 huius
213 3749 282 3801 libri
300 3769 323 3804 c.
343 3755 369 3806 4.
391 3762 464 3806 extr.
505 3754 605 3808 Utrum
628 3753 725 3821 igitur
746 3752 836 3819 mauis
862 3754 991 3806 statimne
1015 3761 1147 3812 nasucio
1164 3760 1211 3826 fo·
1253 3766 1256 3773 ’

55 3836 127 3886 cere,
148 3835 184 3873 au
203 3823 282 3890 quasi
299 3838 314 3874 e
330 3831 412 3890 portu
431 3825 614 3892 egredientes*
619 3825 776 3895 paullulum
794 3823 961 3892 remigare?
996 3826 1049 3880 Pro
1068 3835 1211 3899 exspecta-

54 3908 116 3943 mus
133 3891 200 3944 God.
221 3892 306 3946 Marb.
327 3901 461 3961 expetam,
481 3897 533 3965 qui
551 3914 635 3949 error
652 3904 732 3949 ortus
752 3903 793 3949 est
812 3914 847 3948 ex
862 3895 1021 3966 scriptione
1040 3907 1210 3970 expectomq.

55 3963 130 4018 Gud.
151 3966 176 4017 2.
197 3963 309 4015 omittit
332 3963 388 4017 hoc
405 3966 539 4017 verbum:
575 3968 652 4036 quod
677 3968 700 4016 si
724 3967 863 4020 aGodice
884 3967 1003 4019 maioris
1030 3973 1211 4032 auctoritatis

55 4035 181 4099 abesset,
192 4033 289 4103 quales
308 4044 374 4086 sunt
391 4037 459 4109 Reg.
479 4035 554 4087 Gud.
576 4042 598 4091 l.
624 4037 737 4107 Gryph.
755 4038 850 4102 Bern,
873 4036 960 4089 facile
980 4037 1143 4109 induceres,
1176 4051 1211 4096 ut

54 4105 207 4159 delendum
227 4105 432 4172 existimarem,
453 4123 518 4157 curn
537 4107 568 4157 in
587 4107 727 4175 oratione,
750 4108 875 4160 sermoni
893 4107 1033 4160 familiari
1051 4118 1236 4178 accommoss,
1310 4161 1313 4166 .

53 4176 127 4242 data,
154 4177 249 4229 intell‘
274 4178 284 4227 i
310 4177 407 4246 possit.
444 4178 505 4228 Mr.
1120 4225 1122 4229 Α

125 4266 150 4301 c.
172 4251 212 4303 15.
254 4237 365 4300 'uaudo
384 4254 410 4297 et
430 4247 500 4303 aliie
518 4247 606 4312 Iocis]
643 4247 740 4313 „Quae
758 4247 856 4318 paullo
874 4256 939 4317 post
957 4248 1115 4326 subiungit,
1141 4271 1209 4306 cum

55 4318 107 4368 ait:
130 4321 236 4388 meando
257 4321 349 4386 igitur
368 4318 460 4371 oirtsoe
480 4322 518 4372 eet
537 4319 647 4384 affectio
665 4318 764 4382 animi,
785 4336 816 4370 ea
830 4318 905 4372 mihi
923 4320 1118 4374 coniecturam
1134 4332 1210 4374 attu-

56 4388 163 4454 leruut,
183 4409 268 4460 quam
286 4389 418 4443 studiosis
437 4389 550 4462 aperire
576 4379 679 4458 bperae
703 4389 831 4458 pretium
857 4391 935 4444 duxi.
966 4400 1037 4460 puto
1056 4393 1149 4466 igitur
1167 4395 1210 4446 le·
1302 4434 1304 4438 .

55 4460 184 4534 gendum
202 4463 258 4515 sic:
291 4462 417 4529 Quando,
442 4469 480 4525 ut
504 4460 574 4515 aliis
597 4459 667 4516 locis
684 4461 723 4515 de
736 4460 842 4516 uirtute
860 4460 996 4516 dicimus.
1034 4461 1113 4529 Quod
1131 4463 1210 4519 enim

83 4563 162 4608 Cicero
178 4565 243 4610 Tuse.
261 4567 328 4623 Disp.
343 4569 378 4612 ed.
395 4567 477 4611 Moser.
501 4566 524 4609 Y.
540 4565 576 4609 ΙΙ.
919 4568 961 4631 22
