<?xml version="1.0" encoding="UTF-8"?>
<!DOCTYPE html PUBLIC "-//W3C//DTD XHTML 1.0 Transitional//EN"
    "http://www.w3.org/TR/xhtml1/DTD/xhtml1-transitional.dtd">
<html xmlns="http://www.w3.org/1999/xhtml" xml:lang="en" lang="en">
 <head>
  <title>
</title>
<meta http-equiv="Content-Type" content="text/html;charset=utf-8" />
  <meta name='ocr-system' content='tesseract 3.04.00' />
  <meta name='ocr-capabilities' content='ocr_page ocr_carea ocr_par ocr_line ocrx_word'/>
</head>
<body>
  <div class='ocr_page' id='page_1' title='image "./mtulliiciceroni00davigoog/mtulliiciceroni00davigoog_0417.png"; bbox 0 0 2842 5070; ppageno 0'>
   <div class='ocr_carea' id='block_1_1' title="bbox 203 314 1203 425">
    <p class='ocr_par' dir='ltr' id='par_1_1' title="bbox 203 314 1203 425">
     <span class='ocr_line' id='line_1_1' title="bbox 203 314 1203 425; baseline -0.01 -36"><span class='ocrx_word' id='word_1_1' title='bbox 203 326 266 390; x_wconf 76' lang='lat'><strong>&#39;41⁰</strong></span> <span class='ocrx_word' id='word_1_2' title='bbox 408 319 639 385; x_wconf 81' lang='lat' dir='ltr'>CICERONIS</span> <span class='ocrx_word' id='word_1_3' title='bbox 658 314 910 425; x_wconf 57' lang='lat' dir='ltr'><strong>TUSCULAN.</strong></span> <span class='ocrx_word' id='word_1_4' title='bbox 933 319 1162 383; x_wconf 84' lang='lat' dir='ltr'>DISPUTAT.</span> <span class='ocrx_word' id='word_1_5' title='bbox 1200 362 1203 367; x_wconf 61' lang='grc'><strong><em>»</em></strong></span> 
     </span>
    </p>
   </div>
   <div class='ocr_carea' id='block_1_2' title="bbox 120 477 1367 656">
    <p class='ocr_par' dir='ltr' id='par_1_2' title="bbox 120 477 1367 656">
     <span class='ocr_line' id='line_1_2' title="bbox 120 477 1367 572; baseline -0.003 -22"><span class='ocrx_word' id='word_1_6' title='bbox 120 503 123 506; x_wconf 83' lang='grc'><strong><em>·</em></strong></span> <span class='ocrx_word' id='word_1_7' title='bbox 203 477 273 551; x_wconf 74' lang='lat' dir='ltr'><strong>non</strong></span> <span class='ocrx_word' id='word_1_8' title='bbox 294 487 450 571; x_wconf 76' lang='lat' dir='ltr'><strong>videatur</strong></span> <span class='ocrx_word' id='word_1_9' title='bbox 471 477 777 572; x_wconf 70' lang='lat' dir='ltr'><strong>aegre&#39;ferendum,</strong></span> <span class='ocrx_word' id='word_1_10' title='bbox 797 503 839 555; x_wconf 73' lang='lat' dir='ltr'><strong>ex</strong></span> <span class='ocrx_word' id='word_1_11' title='bbox 856 504 921 568; x_wconf 90' lang='lat' dir='ltr'><strong>quo</strong></span> <span class='ocrx_word' id='word_1_12' title='bbox 941 480 1090 566; x_wconf 79' lang='lat' dir='ltr'><strong>suscepta</strong></span> <span class='ocrx_word' id='word_1_13' title='bbox 1108 486 1152 544; x_wconf 88' lang='lat' dir='ltr'><strong>sit</strong></span> <span class='ocrx_word' id='word_1_14' title='bbox 1164 478 1367 570; x_wconf 77' lang='lat' dir='ltr'><strong>aeg&#39;ritnd03</strong></span> 
     </span>
     <span class='ocr_line' id='line_1_3' title="bbox 203 566 1367 656; baseline -0.001 -25"><span class='ocrx_word' id='word_1_15' title='bbox 203 573 247 656; x_wconf 76' lang='lat' dir='ltr'><strong>an</strong></span> <span class='ocrx_word' id='word_1_16' title='bbox 269 573 417 650; x_wconf 86' lang='lat' dir='ltr'><strong>omnium</strong></span> <span class='ocrx_word' id='word_1_17' title='bbox 438 588 554 654; x_wconf 76' lang='lat' dir='ltr'><strong>reram</strong></span> <span class='ocrx_word' id='word_1_18' title='bbox 585 568 733 632; x_wconf 83' lang='lat' dir='ltr'><strong>tollenda</strong></span> <span class='ocrx_word' id='word_1_19' title='bbox 760 571 897 630; x_wconf 89' lang='lat' dir='ltr'><strong>omnino</strong></span> <span class='ocrx_word' id='word_1_20' title='bbox 925 566 1119 655; x_wconf 70' lang='lat' dir='ltr'><strong>aegritudot</strong></span> <span class='ocrx_word' id='word_1_21' title='bbox 1155 577 1207 644; x_wconf 82' lang='lat' dir='ltr'><strong>ut,</strong></span> <span class='ocrx_word' id='word_1_22' title='bbox 1240 570 1271 628; x_wconf 84' lang='lat' dir='ltr'><strong>&#39;si</strong></span> <span class='ocrx_word' id='word_1_23' title='bbox 1294 572 1367 650; x_wconf 88' lang='lat' dir='ltr'><strong>quis</strong></span> 
     </span>
    </p>
   </div>
   <div class='ocr_carea' id='block_1_3' title="bbox 107 746 1407 4493">
    <p class='ocr_par' dir='ltr' id='par_1_3' title="bbox 107 746 1407 4493">
     <span class='ocr_line' id='line_1_4' title="bbox 202 746 1366 825; baseline -0.003 -18"><span class='ocrx_word' id='word_1_24' title='bbox 202 750 208 760; x_wconf 91' lang='grc'><strong><em>’</em></strong></span> <span class='ocrx_word' id='word_1_25' title='bbox 274 761 368 807; x_wconf 85' lang='lat' dir='ltr'><strong>utrum</strong></span> <span class='ocrx_word' id='word_1_26' title='bbox 393 746 476 817; x_wconf 80' lang='lat' dir='ltr'><strong>illud,</strong></span> <span class='ocrx_word' id='word_1_27' title='bbox 500 768 582 806; x_wconf 87' lang='lat' dir='ltr'><strong>necne</strong></span> <span class='ocrx_word' id='word_1_28' title='bbox 604 750 750 818; x_wconf 83' lang='lat' dir='ltr'><strong>uideatur]</strong></span> <span class='ocrx_word' id='word_1_29' title='bbox 786 750 857 817; x_wconf 88' lang='lat' dir='ltr'><strong>„lta</strong></span> <span class='ocrx_word' id='word_1_30' title='bbox 884 769 950 804; x_wconf 87' lang='lat' dir='ltr'><strong>cum</strong></span> <span class='ocrx_word' id='word_1_31' title='bbox 977 748 1044 804; x_wconf 81' lang='lat' dir='ltr'><strong>(lod.</strong></span> <span class='ocrx_word' id='word_1_32' title='bbox 1065 747 1229 825; x_wconf 76' lang='lat' dir='ltr'><strong>cantabrig.</strong></span> <span class='ocrx_word' id='word_1_33' title='bbox 1256 768 1366 804; x_wconf 87' lang='lat' dir='ltr'><strong>unase</strong></span> 
     </span>
     <span class='ocr_line' id='line_1_5' title="bbox 197 822 1367 900; baseline -0.003 -21"><span class='ocrx_word' id='word_1_34' title='bbox 197 827 303 900; x_wconf 78' lang='lat' dir='ltr'><strong>regiis,</strong></span> <span class='ocrx_word' id='word_1_35' title='bbox 336 825 387 893; x_wconf 84' lang='lat' dir='ltr'><strong>qui</strong></span> <span class='ocrx_word' id='word_1_36' title='bbox 415 832 444 876; x_wconf 90' lang='lat' dir='ltr'><strong>et</strong></span> <span class='ocrx_word' id='word_1_37' title='bbox 469 825 546 875; x_wconf 80' lang='lat' dir='ltr'><strong>inira</strong></span> <span class='ocrx_word' id='word_1_38' title='bbox 574 840 640 875; x_wconf 91' lang='lat' dir='ltr'><strong>cum</strong></span> <span class='ocrx_word' id='word_1_39' title='bbox 664 824 753 875; x_wconf 85' lang='lat' dir='ltr'><strong>Palat.</strong></span> <span class='ocrx_word' id='word_1_40' title='bbox 773 834 828 874; x_wconf 56' lang='lat' dir='ltr'><strong>seca</strong></span> <span class='ocrx_word' id='word_1_41' title='bbox 855 822 943 874; x_wconf 88' lang='lat' dir='ltr'><strong>habet</strong></span> <span class='ocrx_word' id='word_1_42' title='bbox 957 825 1133 890; x_wconf 70' lang='lat' dir='ltr'><em>paupertatis</em></span> <span class='ocrx_word' id='word_1_43' title='bbox 1151 837 1260 887; x_wconf 82' lang='lat' dir='ltr'><strong>nomen,</strong></span> <span class='ocrx_word' id='word_1_44' title='bbox 1290 824 1367 892; x_wconf 87' lang='lat' dir='ltr'><strong>quod</strong></span> 
     </span>
     <span class='ocr_line' id='line_1_6' title="bbox 177 893 1366 967; baseline 0.001 -19"><span class='ocrx_word' id='word_1_45' title='bbox 177 896 182 914; x_wconf 67' lang='lat'>⁸</span> <span class='ocrx_word' id='word_1_46' title='bbox 203 905 361 967; x_wconf 81' lang='lat' dir='ltr'><strong>utrumque</strong></span> <span class='ocrx_word' id='word_1_47' title='bbox 380 903 459 947; x_wconf 88' lang='lat' dir='ltr'><strong>recte</strong></span> <span class='ocrx_word' id='word_1_48' title='bbox 478 903 577 946; x_wconf 87' lang='lat' dir='ltr'><strong>tuetur</strong></span> <span class='ocrx_word' id='word_1_49' title='bbox 594 894 741 946; x_wconf 86' lang='lat' dir='ltr'><strong>Bentleius</strong></span> <span class='ocrx_word' id='word_1_50' title='bbox 759 910 813 963; x_wconf 90' lang='lat' dir='ltr'><strong>pro</strong></span> <span class='ocrx_word' id='word_1_51' title='bbox 831 893 973 967; x_wconf 82' lang='lat' dir='ltr'><strong>vulgatis:</strong></span> <span class='ocrx_word' id='word_1_52' title='bbox 1001 900 1099 947; x_wconf 71' lang='lat' dir='ltr'><strong>ulman</strong></span> <span class='ocrx_word' id='word_1_53' title='bbox 1111 893 1229 947; x_wconf 69' lang='lat' dir='ltr'><strong>eladae</strong></span> <span class='ocrx_word' id='word_1_54' title='bbox 1251 911 1309 946; x_wconf 82' lang='lat' dir='ltr'><strong>aaa</strong></span> <span class='ocrx_word' id='word_1_55' title='bbox 1325 897 1366 949; x_wconf 58' lang='lat' dir='ltr'><strong>ai*-</strong></span> 
     </span>
     <span class='ocr_line' id='line_1_7' title="bbox 202 963 1407 1035; baseline -0.009 -15"><span class='ocrx_word' id='word_1_56' title='bbox 202 968 316 1031; x_wconf 77' lang='lat' dir='ltr'><strong>deatar,</strong></span> <span class='ocrx_word' id='word_1_57' title='bbox 336 975 366 1018; x_wconf 90' lang='lat' dir='ltr'><strong>et</strong></span> <span class='ocrx_word' id='word_1_58' title='bbox 380 968 558 1032; x_wconf 68' lang='lat' dir='ltr'><strong>paupertatis</strong></span> <span class='ocrx_word' id='word_1_59' title='bbox 576 964 710 1017; x_wconf 83' lang='lat' dir='ltr'><strong>malam.“</strong></span> <span class='ocrx_word' id='word_1_60' title='bbox 747 963 820 1016; x_wconf 88' lang='lat' dir='ltr'><strong>Lall.</strong></span> <span class='ocrx_word' id='word_1_61' title='bbox 986 981 990 987; x_wconf 92' lang='lat'><strong>·</strong></span> <span class='ocrx_word' id='word_1_62' title='bbox 1406 1028 1407 1035; x_wconf 8' lang='grc' dir='ltr'>ἵ</span> 
     </span>
     <span class='ocr_line' id='line_1_8' title="bbox 201 1030 1363 1102; baseline -0.002 -10"><span class='ocrx_word' id='word_1_63' title='bbox 201 1085 205 1092; x_wconf 93' lang='grc'>.</span> <span class='ocrx_word' id='word_1_64' title='bbox 275 1045 369 1090; x_wconf 86' lang='lat' dir='ltr'><strong>atrum</strong></span> <span class='ocrx_word' id='word_1_65' title='bbox 386 1036 507 1102; x_wconf 78' lang='lat' dir='ltr'><strong>illudne]</strong></span> <span class='ocrx_word' id='word_1_66' title='bbox 545 1037 633 1102; x_wconf 82' lang='lat' dir='ltr'><strong>„Aut</strong></span> <span class='ocrx_word' id='word_1_67' title='bbox 650 1043 746 1089; x_wconf 80' lang='lat' dir='ltr'><strong>atrum</strong></span> <span class='ocrx_word' id='word_1_68' title='bbox 764 1034 927 1100; x_wconf 89' lang='lat' dir='ltr'><strong>delendum,</strong></span> <span class='ocrx_word' id='word_1_69' title='bbox 945 1043 995 1086; x_wconf 80' lang='lat' dir='ltr'><strong>aut</strong></span> <span class='ocrx_word' id='word_1_70' title='bbox 1013 1050 1063 1087; x_wconf 82' lang='lat' dir='ltr'><strong>ne.</strong></span> <span class='ocrx_word' id='word_1_71' title='bbox 1084 1030 1276 1088; x_wconf 54' lang='lat' dir='ltr'><strong>nocumenta</strong></span> <span class='ocrx_word' id='word_1_72' title='bbox 1295 1036 1363 1090; x_wconf 82' lang='lat' dir='ltr'><strong>Em.</strong></span> 
     </span>
     <span class='ocr_line' id='line_1_9' title="bbox 202 1105 1366 1177; baseline -0.001 -16"><span class='ocrx_word' id='word_1_73' title='bbox 202 1109 326 1172; x_wconf 81' lang='lat' dir='ltr'><strong>Nissen,</strong></span> <span class='ocrx_word' id='word_1_74' title='bbox 345 1108 529 1159; x_wconf 86' lang='lat' dir='ltr'><strong>Ernestinam</strong></span> <span class='ocrx_word' id='word_1_75' title='bbox 547 1109 762 1159; x_wconf 84' lang='lat' dir='ltr'><strong>annotationem</strong></span> <span class='ocrx_word' id='word_1_76' title='bbox 780 1106 944 1174; x_wconf 87' lang='lat' dir='ltr'><strong>reprobans,</strong></span> <span class='ocrx_word' id='word_1_77' title='bbox 968 1122 1021 1157; x_wconf 85' lang='lat' dir='ltr'><strong>nec</strong></span> <span class='ocrx_word' id='word_1_78' title='bbox 1039 1121 1111 1171; x_wconf 83' lang='lat' dir='ltr'><strong>vero</strong></span> <span class='ocrx_word' id='word_1_79' title='bbox 1137 1105 1212 1171; x_wconf 88' lang='lat' dir='ltr'><strong>ideo,</strong></span> <span class='ocrx_word' id='word_1_80' title='bbox 1241 1115 1366 1177; x_wconf 86' lang='lat' dir='ltr'><strong>propter</strong></span> 
     </span>
     <span class='ocr_line' id='line_1_10' title="bbox 116 1176 1365 1247; baseline 0 -17"><span class='ocrx_word' id='word_1_81' title='bbox 116 1215 121 1223; x_wconf 63' lang='grc'><strong>«</strong></span> <span class='ocrx_word' id='word_1_82' title='bbox 205 1178 282 1246; x_wconf 85' lang='lat' dir='ltr'><strong>quod</strong></span> <span class='ocrx_word' id='word_1_83' title='bbox 306 1177 484 1247; x_wconf 86' lang='lat' dir='ltr'><strong>reprobanda</strong></span> <span class='ocrx_word' id='word_1_84' title='bbox 505 1185 564 1242; x_wconf 88' lang='lat' dir='ltr'><strong>est,</strong></span> <span class='ocrx_word' id='word_1_85' title='bbox 596 1176 677 1247; x_wconf 89' lang='lat' dir='ltr'><strong>nihil</strong></span> <span class='ocrx_word' id='word_1_86' title='bbox 700 1176 794 1240; x_wconf 85' lang='lat' dir='ltr'><strong>affert,</strong></span> <span class='ocrx_word' id='word_1_87' title='bbox 822 1177 898 1244; x_wconf 83' lang='lat' dir='ltr'><strong>quod</strong></span> <span class='ocrx_word' id='word_1_88' title='bbox 920 1176 1066 1246; x_wconf 78' lang='lat' dir='ltr'><strong>probabile</strong></span> <span class='ocrx_word' id='word_1_89' title='bbox 1091 1176 1233 1229; x_wconf 86' lang='lat' dir='ltr'><strong>videatur.</strong></span> <span class='ocrx_word' id='word_1_90' title='bbox 1271 1177 1365 1242; x_wconf 92' lang='lat' dir='ltr'><strong>„Non</strong></span> 
     </span>
     <span class='ocr_line' id='line_1_11' title="bbox 205 1246 1363 1317; baseline 0 -17"><span class='ocrx_word' id='word_1_91' title='bbox 205 1249 365 1317; x_wconf 88' lang='lat' dir='ltr'><strong>quaeritur,</strong></span> <span class='ocrx_word' id='word_1_92' title='bbox 392 1249 443 1312; x_wconf 89' lang='lat' dir='ltr'><strong>ait,</strong></span> <span class='ocrx_word' id='word_1_93' title='bbox 465 1257 565 1299; x_wconf 87' lang='lat' dir='ltr'><strong>utrum</strong></span> <span class='ocrx_word' id='word_1_94' title='bbox 588 1249 628 1299; x_wconf 87' lang='lat' dir='ltr'><strong>ita</strong></span> <span class='ocrx_word' id='word_1_95' title='bbox 652 1248 794 1311; x_wconf 81' lang='lat' dir='ltr'><strong>videatur,</strong></span> <span class='ocrx_word' id='word_1_96' title='bbox 818 1247 993 1299; x_wconf 80' lang='lat' dir='ltr'><strong>sed-utrum</strong></span> <span class='ocrx_word' id='word_1_97' title='bbox 1015 1248 1057 1299; x_wconf 89' lang='lat' dir='ltr'><strong>ita</strong></span> <span class='ocrx_word' id='word_1_98' title='bbox 1084 1246 1290 1316; x_wconf 86' lang='lat' dir='ltr'><strong>disputandum</strong></span> <span class='ocrx_word' id='word_1_99' title='bbox 1316 1249 1363 1301; x_wconf 88' lang='lat' dir='ltr'><strong>sit.</strong></span> 
     </span>
     <span class='ocr_line' id='line_1_12' title="bbox 203 1315 1386 1393; baseline 0.001 -23"><span class='ocrx_word' id='word_1_100' title='bbox 203 1319 360 1393; x_wconf 72' lang='lat' dir='ltr'><strong>vulgatum</strong></span> <span class='ocrx_word' id='word_1_101' title='bbox 379 1327 440 1371; x_wconf 83' lang='lat' dir='ltr'><strong>erat</strong></span> <span class='ocrx_word' id='word_1_102' title='bbox 458 1318 572 1382; x_wconf 81' lang='lat' dir='ltr'><strong>illudne,</strong></span> <span class='ocrx_word' id='word_1_103' title='bbox 600 1318 828 1387; x_wconf 73' lang='lat' dir='ltr'><strong>necquicquam</strong></span> <span class='ocrx_word' id='word_1_104' title='bbox 845 1317 942 1371; x_wconf 82' lang='lat' dir='ltr'><strong>verius</strong></span> <span class='ocrx_word' id='word_1_105' title='bbox 961 1324 1012 1380; x_wconf 88' lang='lat' dir='ltr'><strong>est,</strong></span> <span class='ocrx_word' id='word_1_106' title='bbox 1037 1317 1061 1368; x_wconf 88' lang='lat' dir='ltr'><strong>si</strong></span> <span class='ocrx_word' id='word_1_107' title='bbox 1079 1315 1135 1368; x_wconf 88' lang='lat' dir='ltr'><strong>hoc</strong></span> <span class='ocrx_word' id='word_1_108' title='bbox 1162 1317 1274 1371; x_wconf 85' lang='lat' dir='ltr'><strong>dividas</strong></span> <span class='ocrx_word' id='word_1_109' title='bbox 1292 1318 1386 1384; x_wconf 52' lang='lat' dir='ltr'><strong>illua,</strong></span> 
     </span>
     <span class='ocr_line' id='line_1_13' title="bbox 188 1386 1363 1462; baseline -0.002 -19"><span class='ocrx_word' id='word_1_110' title='bbox 188 1406 246 1443; x_wconf 72' lang='lat' dir='ltr'><strong>re.</strong></span> <span class='ocrx_word' id='word_1_111' title='bbox 285 1389 353 1443; x_wconf 85' lang='lat' dir='ltr'><strong>Sine</strong></span> <span class='ocrx_word' id='word_1_112' title='bbox 378 1389 463 1441; x_wconf 84' lang='lat' dir='ltr'><strong>dubio</strong></span> <span class='ocrx_word' id='word_1_113' title='bbox 487 1390 565 1442; x_wconf 88' lang='lat' dir='ltr'><strong>enim</strong></span> <span class='ocrx_word' id='word_1_114' title='bbox 588 1389 745 1462; x_wconf 82' lang='lat' dir='ltr'><strong>legendum</strong></span> <span class='ocrx_word' id='word_1_115' title='bbox 765 1386 825 1440; x_wconf 85' lang='lat' dir='ltr'><strong>est:¹</strong></span> <span class='ocrx_word' id='word_1_116' title='bbox 861 1389 899 1440; x_wconf 83' lang='lat' dir='ltr'><strong>Et</strong></span> <span class='ocrx_word' id='word_1_117' title='bbox 921 1394 1013 1439; x_wconf 84' lang='lat' dir='ltr'><strong>atram</strong></span> <span class='ocrx_word' id='word_1_118' title='bbox 1040 1386 1222 1450; x_wconf 85' lang='lat' dir='ltr'><strong>(adhibeatur</strong></span> <span class='ocrx_word' id='word_1_119' title='bbox 1250 1390 1363 1454; x_wconf 87' lang='lat' dir='ltr'><strong>oratio),</strong></span> 
     </span>
     <span class='ocr_line' id='line_1_14' title="bbox 202 1458 1364 1530; baseline -0.003 -17"><span class='ocrx_word' id='word_1_120' title='bbox 202 1458 276 1518; x_wconf 74' lang='lat' dir='ltr'><strong>iaia</strong></span> <span class='ocrx_word' id='word_1_121' title='bbox 301 1475 413 1512; x_wconf 77' lang='lat' dir='ltr'><strong>rte-non</strong></span> <span class='ocrx_word' id='word_1_122' title='bbox 440 1459 569 1514; x_wconf 78' lang='lat' dir='ltr'><strong>uideatur</strong></span> <span class='ocrx_word' id='word_1_123' title='bbox 594 1474 680 1526; x_wconf 75' lang='lat' dir='ltr'><strong>aegre</strong></span> <span class='ocrx_word' id='word_1_124' title='bbox 699 1459 855 1522; x_wconf 73' lang='lat' dir='ltr'><strong>fereadum.</strong></span> <span class='ocrx_word' id='word_1_125' title='bbox 889 1458 968 1527; x_wconf 81' lang='lat' dir='ltr'><strong>¹Quid</strong></span> <span class='ocrx_word' id='word_1_126' title='bbox 992 1459 1175 1526; x_wconf 86' lang='lat' dir='ltr'><strong>frequentius</strong></span> <span class='ocrx_word' id='word_1_127' title='bbox 1196 1468 1249 1524; x_wconf 87' lang='lat' dir='ltr'><strong>est,</strong></span> <span class='ocrx_word' id='word_1_128' title='bbox 1278 1478 1364 1530; x_wconf 88' lang='lat' dir='ltr'><strong>quam</strong></span> 
     </span>
     <span class='ocr_line' id='line_1_15' title="bbox 201 1528 1383 1601; baseline -0.001 -18"><span class='ocrx_word' id='word_1_129' title='bbox 201 1546 237 1583; x_wconf 85' lang='lat' dir='ltr'><strong>ae</strong></span> <span class='ocrx_word' id='word_1_130' title='bbox 254 1547 309 1584; x_wconf 83' lang='lat' dir='ltr'><strong>aaa</strong></span> <span class='ocrx_word' id='word_1_131' title='bbox 326 1530 386 1582; x_wconf 89' lang='lat' dir='ltr'><strong>dici</strong></span> <span class='ocrx_word' id='word_1_132' title='bbox 409 1547 462 1600; x_wconf 88' lang='lat' dir='ltr'><strong>pro</strong></span> <span class='ocrx_word' id='word_1_133' title='bbox 489 1537 519 1583; x_wconf 80' lang='lat' dir='ltr'><strong>at</strong></span> <span class='ocrx_word' id='word_1_134' title='bbox 543 1531 621 1584; x_wconf 79' lang='lat' dir='ltr'><strong>aaa?</strong></span> <span class='ocrx_word' id='word_1_135' title='bbox 656 1529 822 1584; x_wconf 84' lang='lat' dir='ltr'><strong>Schellerus</strong></span> <span class='ocrx_word' id='word_1_136' title='bbox 841 1545 954 1597; x_wconf 83' lang='lat' dir='ltr'><strong>quoque</strong></span> <span class='ocrx_word' id='word_1_137' title='bbox 974 1528 1128 1601; x_wconf 77' lang='lat' dir='ltr'><strong>vulgatam</strong></span> <span class='ocrx_word' id='word_1_138' title='bbox 1144 1529 1304 1582; x_wconf 86' lang='lat' dir='ltr'><strong>lectionem</strong></span> <span class='ocrx_word' id='word_1_139' title='bbox 1323 1531 1383 1582; x_wconf 86' lang='lat' dir='ltr'><strong>sic-</strong></span> 
     </span>
     <span class='ocr_line' id='line_1_16' title="bbox 202 1599 1364 1671; baseline 0.001 -19"><span class='ocrx_word' id='word_1_140' title='bbox 202 1609 313 1667; x_wconf 87' lang='lat' dir='ltr'><strong>tuetur,</strong></span> <span class='ocrx_word' id='word_1_141' title='bbox 331 1609 364 1652; x_wconf 91' lang='lat' dir='ltr'><strong>ut</strong></span> <span class='ocrx_word' id='word_1_142' title='bbox 382 1618 416 1654; x_wconf 86' lang='lat' dir='ltr'><strong>re</strong></span> <span class='ocrx_word' id='word_1_143' title='bbox 434 1602 574 1654; x_wconf 83' lang='lat' dir='ltr'><strong>redundet</strong></span> <span class='ocrx_word' id='word_1_144' title='bbox 591 1609 654 1671; x_wconf 88' lang='lat' dir='ltr'><strong>post</strong></span> <span class='ocrx_word' id='word_1_145' title='bbox 672 1600 773 1653; x_wconf 82' lang='lat' dir='ltr'><strong>atram.</strong></span> <span class='ocrx_word' id='word_1_146' title='bbox 811 1599 886 1664; x_wconf 83' lang='lat' dir='ltr'><strong>Quae</strong></span> <span class='ocrx_word' id='word_1_147' title='bbox 909 1599 1027 1667; x_wconf 85' lang='lat' dir='ltr'><strong>quidem</strong></span> <span class='ocrx_word' id='word_1_148' title='bbox 1053 1599 1127 1651; x_wconf 88' lang='lat' dir='ltr'><strong>ratio</strong></span> <span class='ocrx_word' id='word_1_149' title='bbox 1149 1608 1219 1656; x_wconf 79' lang='lat' dir='ltr'><strong>vera</strong></span> <span class='ocrx_word' id='word_1_150' title='bbox 1239 1610 1291 1667; x_wconf 84' lang='lat' dir='ltr'><strong>est,</strong></span> <span class='ocrx_word' id='word_1_151' title='bbox 1316 1601 1364 1653; x_wconf 85' lang='lat' dir='ltr'><strong>sed</strong></span> 
     </span>
     <span class='ocr_line' id='line_1_17' title="bbox 202 1670 1220 1743; baseline -0.001 -20"><span class='ocrx_word' id='word_1_152' title='bbox 202 1671 261 1725; x_wconf 86' lang='lat' dir='ltr'><strong>huc</strong></span> <span class='ocrx_word' id='word_1_153' title='bbox 278 1689 336 1725; x_wconf 91' lang='lat' dir='ltr'><strong>non</strong></span> <span class='ocrx_word' id='word_1_154' title='bbox 354 1672 521 1740; x_wconf 64' lang='lat' dir='ltr'><strong>pertinet.“‘</strong></span> <span class='ocrx_word' id='word_1_155' title='bbox 551 1673 613 1730; x_wconf 88' lang='lat' dir='ltr'><strong>Hoc</strong></span> <span class='ocrx_word' id='word_1_156' title='bbox 630 1687 700 1722; x_wconf 89' lang='lat' dir='ltr'><strong>vero</strong></span> <span class='ocrx_word' id='word_1_157' title='bbox 718 1679 761 1722; x_wconf 90' lang='lat' dir='ltr'><strong>est</strong></span> <span class='ocrx_word' id='word_1_158' title='bbox 780 1670 1009 1729; x_wconf 86' lang='lat' dir='ltr'><strong>Grammaticum</strong></span> <span class='ocrx_word' id='word_1_159' title='bbox 1026 1687 1122 1743; x_wconf 79' lang='lat' dir='ltr'><strong>agere.</strong></span> <span class='ocrx_word' id='word_1_160' title='bbox 1160 1672 1220 1723; x_wconf 86' lang='lat' dir='ltr'><strong>Mr.</strong></span> 
     </span>
     <span class='ocr_line' id='line_1_18' title="bbox 274 1738 1363 1810; baseline 0.001 -18"><span class='ocrx_word' id='word_1_161' title='bbox 274 1749 301 1793; x_wconf 86' lang='lat' dir='ltr'><strong>et</strong></span> <span class='ocrx_word' id='word_1_162' title='bbox 318 1749 411 1792; x_wconf 82' lang='lat' dir='ltr'><strong>atrum</strong></span> <span class='ocrx_word' id='word_1_163' title='bbox 428 1742 573 1796; x_wconf 77' lang='lat' dir='ltr'><strong>illudne</strong></span> <span class='ocrx_word' id='word_1_164' title='bbox 589 1757 645 1794; x_wconf 84' lang='lat' dir='ltr'><strong>non</strong></span> <span class='ocrx_word' id='word_1_165' title='bbox 662 1742 791 1802; x_wconf 72' lang='lat' dir='ltr'><strong>rideatur</strong></span> <span class='ocrx_word' id='word_1_166' title='bbox 813 1755 898 1806; x_wconf 82' lang='lat' dir='ltr'><strong>aegre</strong></span> <span class='ocrx_word' id='word_1_167' title='bbox 914 1738 1083 1804; x_wconf 62' lang='lat' dir='ltr'><strong>[menatem]</strong></span> <span class='ocrx_word' id='word_1_168' title='bbox 1120 1740 1222 1806; x_wconf 83' lang='lat' dir='ltr'><strong>Nemo,</strong></span> <span class='ocrx_word' id='word_1_169' title='bbox 1250 1742 1363 1810; x_wconf 84' lang='lat' dir='ltr'><strong>opinor,</strong></span> 
     </span>
     <span class='ocr_line' id='line_1_19' title="bbox 119 1811 1364 1896; baseline -0.002 -30"><span class='ocrx_word' id='word_1_170' title='bbox 119 1858 123 1866; x_wconf 95' lang='lat'>.</span> <span class='ocrx_word' id='word_1_171' title='bbox 202 1811 261 1864; x_wconf 87' lang='lat' dir='ltr'><strong>iam</strong></span> <span class='ocrx_word' id='word_1_172' title='bbox 280 1811 313 1864; x_wconf 87' lang='lat' dir='ltr'><strong>de</strong></span> <span class='ocrx_word' id='word_1_173' title='bbox 332 1813 467 1863; x_wconf 88' lang='lat' dir='ltr'><strong>mutanda</strong></span> <span class='ocrx_word' id='word_1_174' title='bbox 484 1813 610 1865; x_wconf 88' lang='lat' dir='ltr'><strong>lectione</strong></span> <span class='ocrx_word' id='word_1_175' title='bbox 630 1812 777 1885; x_wconf 76' lang='lat' dir='ltr'><strong>cogitabit,</strong></span> <span class='ocrx_word' id='word_1_176' title='bbox 805 1811 937 1885; x_wconf 79' lang='lat' dir='ltr'><strong>vulgares</strong></span> <span class='ocrx_word' id='word_1_177' title='bbox 956 1811 1220 1866; x_wconf 79' lang='lat' dir='ltr'><strong>Grammaticorum</strong></span> <span class='ocrx_word' id='word_1_178' title='bbox 1248 1813 1364 1896; x_wconf 76' lang='lat' dir='ltr'><strong>regulas</strong></span> 
     </span>
     <span class='ocr_line' id='line_1_20' title="bbox 202 1878 1365 1950; baseline 0.001 -17"><span class='ocrx_word' id='word_1_179' title='bbox 202 1881 355 1935; x_wconf 85' lang='lat' dir='ltr'><strong>decantans</strong></span> <span class='ocrx_word' id='word_1_180' title='bbox 384 1892 413 1934; x_wconf 85' lang='lat' dir='ltr'><strong>et</strong></span> <span class='ocrx_word' id='word_1_181' title='bbox 438 1882 545 1936; x_wconf 82' lang='lat' dir='ltr'><strong>illudne</strong></span> <span class='ocrx_word' id='word_1_182' title='bbox 570 1884 601 1935; x_wconf 92' lang='lat' dir='ltr'><strong>in</strong></span> <span class='ocrx_word' id='word_1_183' title='bbox 625 1883 697 1936; x_wconf 76' lang='lat' dir='ltr'><strong>illua</strong></span> <span class='ocrx_word' id='word_1_184' title='bbox 715 1880 883 1933; x_wconf 89' lang='lat' dir='ltr'><strong>mutandum</strong></span> <span class='ocrx_word' id='word_1_185' title='bbox 903 1897 961 1933; x_wconf 88' lang='lat' dir='ltr'><strong>esse</strong></span> <span class='ocrx_word' id='word_1_186' title='bbox 984 1878 1179 1950; x_wconf 77' lang='lat' dir='ltr'><strong>praecipiens,</strong></span> <span class='ocrx_word' id='word_1_187' title='bbox 1205 1899 1242 1935; x_wconf 86' lang='lat' dir='ltr'><strong>ne</strong></span> <span class='ocrx_word' id='word_1_188' title='bbox 1262 1882 1365 1936; x_wconf 79' lang='lat' dir='ltr'><strong>Cicero</strong></span> 
     </span>
     <span class='ocr_line' id='line_1_21' title="bbox 201 1950 1390 2022; baseline -0.001 -18"><span class='ocrx_word' id='word_1_189' title='bbox 201 1951 374 2005; x_wconf 88' lang='lat' dir='ltr'><strong>abundantia</strong></span> <span class='ocrx_word' id='word_1_190' title='bbox 391 1953 511 2019; x_wconf 88' lang='lat' dir='ltr'><strong>laboret,</strong></span> <span class='ocrx_word' id='word_1_191' title='bbox 531 1972 567 2007; x_wconf 89' lang='lat' dir='ltr'><strong>ne</strong></span> <span class='ocrx_word' id='word_1_192' title='bbox 587 1953 680 2006; x_wconf 87' lang='lat' dir='ltr'><strong>dicam</strong></span> <span class='ocrx_word' id='word_1_193' title='bbox 698 1952 874 2005; x_wconf 86' lang='lat' dir='ltr'><strong>soloecismo.</strong></span> <span class='ocrx_word' id='word_1_194' title='bbox 900 1950 1018 2010; x_wconf 79' lang='lat' dir='ltr'><strong>Plenior</strong></span> <span class='ocrx_word' id='word_1_195' title='bbox 1036 1951 1114 2002; x_wconf 88' lang='lat' dir='ltr'><strong>enim</strong></span> <span class='ocrx_word' id='word_1_196' title='bbox 1130 1953 1226 2022; x_wconf 87' lang='lat' dir='ltr'><strong>potius</strong></span> <span class='ocrx_word' id='word_1_197' title='bbox 1246 1953 1390 2020; x_wconf 72' lang='lat' dir='ltr'><strong>dicenda·</strong></span> 
     </span>
     <span class='ocr_line' id='line_1_22' title="bbox 109 2021 1384 2095; baseline 0.001 -19"><span class='ocrx_word' id='word_1_198' title='bbox 109 2021 114 2031; x_wconf 68' lang='lat'><strong><em>¹</em></strong></span> <span class='ocrx_word' id='word_1_199' title='bbox 194 2031 246 2076; x_wconf 60' lang='lat' dir='ltr'><strong>‘est</strong></span> <span class='ocrx_word' id='word_1_200' title='bbox 263 2023 335 2075; x_wconf 89' lang='lat' dir='ltr'><strong>haec</strong></span> <span class='ocrx_word' id='word_1_201' title='bbox 352 2024 472 2090; x_wconf 85' lang='lat' dir='ltr'><strong>locutio,</strong></span> <span class='ocrx_word' id='word_1_202' title='bbox 501 2025 627 2093; x_wconf 88' lang='lat' dir='ltr'><strong>quamsi</strong></span> <span class='ocrx_word' id='word_1_203' title='bbox 647 2024 792 2093; x_wconf 88' lang='lat' dir='ltr'><strong>scriptum</strong></span> <span class='ocrx_word' id='word_1_204' title='bbox 815 2030 898 2088; x_wconf 89' lang='lat' dir='ltr'><strong>esset,</strong></span> <span class='ocrx_word' id='word_1_205' title='bbox 926 2030 960 2073; x_wconf 87' lang='lat' dir='ltr'><strong>ut</strong></span> <span class='ocrx_word' id='word_1_206' title='bbox 976 2023 1116 2074; x_wconf 81' lang='lat' dir='ltr'><strong>Ernestus</strong></span> <span class='ocrx_word' id='word_1_207' title='bbox 1139 2023 1274 2095; x_wconf 46' lang='lat' dir='ltr'><strong>volebatg</strong></span> <span class='ocrx_word' id='word_1_208' title='bbox 1300 2025 1384 2077; x_wconf 79' lang='lat' dir='ltr'><strong>Ple-&#39;</strong></span> 
     </span>
     <span class='ocr_line' id='line_1_23' title="bbox 202 2092 1365 2166; baseline 0.002 -20"><span class='ocrx_word' id='word_1_209' title='bbox 202 2095 352 2146; x_wconf 85' lang='lat' dir='ltr'><strong>nissimam</strong></span> <span class='ocrx_word' id='word_1_210' title='bbox 366 2094 452 2147; x_wconf 84' lang='lat' dir='ltr'><strong>babes</strong></span> <span class='ocrx_word' id='word_1_211' title='bbox 470 2113 556 2166; x_wconf 84' lang='lat' dir='ltr'><strong>supra</strong></span> <span class='ocrx_word' id='word_1_212' title='bbox 575 2095 621 2148; x_wconf 87' lang='lat' dir='ltr'><strong>IV.</strong></span> <span class='ocrx_word' id='word_1_213' title='bbox 642 2097 667 2150; x_wconf 65' lang='lat' dir='ltr'><strong>i</strong></span> <span class='ocrx_word' id='word_1_214' title='bbox 691 2097 737 2159; x_wconf 18' lang='lat'><strong>92,</strong></span> <span class='ocrx_word' id='word_1_215' title='bbox 754 2092 873 2147; x_wconf 82' lang='lat' dir='ltr'><strong>Utrum</strong></span> <span class='ocrx_word' id='word_1_216' title='bbox 891 2092 983 2160; x_wconf 75' lang='lat' dir='ltr'><strong>igitar</strong></span> <span class='ocrx_word' id='word_1_217' title='bbox 1001 2092 1131 2144; x_wconf 80' lang='lat' dir='ltr'><strong>mavis?</strong></span> <span class='ocrx_word' id='word_1_218' title='bbox 1153 2095 1298 2148; x_wconf 81' lang='lat' dir='ltr'><strong>statimne</strong></span> <span class='ocrx_word' id='word_1_219' title='bbox 1316 2111 1365 2148; x_wconf 88' lang='lat' dir='ltr'><strong>nos</strong></span> 
     </span>
     <span class='ocr_line' id='line_1_24' title="bbox 201 2162 1367 2234; baseline 0.001 -18"><span class='ocrx_word' id='word_1_220' title='bbox 201 2164 264 2223; x_wconf 80' lang='lat' dir='ltr'><strong>vela</strong></span> <span class='ocrx_word' id='word_1_221' title='bbox 281 2165 386 2231; x_wconf 72' lang='lat' dir='ltr'><strong>facere,</strong></span> <span class='ocrx_word' id='word_1_222' title='bbox 415 2182 457 2218; x_wconf 88' lang='lat' dir='ltr'><strong>an</strong></span> <span class='ocrx_word' id='word_1_223' title='bbox 477 2199 509 2208; x_wconf 98' lang='lat'><em>-</em></span> <span class='ocrx_word' id='word_1_224' title='bbox 526 2165 683 2234; x_wconf 83' lang='lat' dir='ltr'><strong>paullulum</strong></span> <span class='ocrx_word' id='word_1_225' title='bbox 708 2165 875 2232; x_wconf 72' lang='lat' dir='ltr'><strong>remigare?</strong></span> <span class='ocrx_word' id='word_1_226' title='bbox 899 2163 933 2216; x_wconf 87' lang='lat' dir='ltr'><strong>ad</strong></span> <span class='ocrx_word' id='word_1_227' title='bbox 959 2180 1045 2233; x_wconf 84' lang='lat' dir='ltr'><strong>quem</strong></span> <span class='ocrx_word' id='word_1_228' title='bbox 1062 2162 1158 2221; x_wconf 85' lang='lat' dir='ltr'><strong>locum</strong></span> <span class='ocrx_word' id='word_1_229' title='bbox 1183 2164 1261 2229; x_wconf 88' lang='lat' dir='ltr'><strong>vide,</strong></span> <span class='ocrx_word' id='word_1_230' title='bbox 1287 2165 1367 2234; x_wconf 84' lang='lat' dir='ltr'><strong>quod</strong></span> 
     </span>
     <span class='ocr_line' id='line_1_25' title="bbox 201 2233 1365 2304; baseline 0.001 -17"><span class='ocrx_word' id='word_1_231' title='bbox 201 2236 367 2299; x_wconf 85' lang='lat' dir='ltr'><strong>monuimus</strong></span> <span class='ocrx_word' id='word_1_232' title='bbox 395 2245 423 2288; x_wconf 89' lang='lat' dir='ltr'><strong>et</strong></span> <span class='ocrx_word' id='word_1_233' title='bbox 448 2253 517 2304; x_wconf 88' lang='lat' dir='ltr'><strong>quos</strong></span> <span class='ocrx_word' id='word_1_234' title='bbox 542 2236 728 2288; x_wconf 83' lang='lat' dir='ltr'><strong>laudavimus.</strong></span> <span class='ocrx_word' id='word_1_235' title='bbox 774 2234 855 2285; x_wconf 85' lang='lat' dir='ltr'><strong>Libri</strong></span> <span class='ocrx_word' id='word_1_236' title='bbox 881 2250 940 2287; x_wconf 88' lang='lat' dir='ltr'><strong>non</strong></span> <span class='ocrx_word' id='word_1_237' title='bbox 968 2233 1097 2285; x_wconf 85' lang='lat' dir='ltr'><strong>multum</strong></span> <span class='ocrx_word' id='word_1_238' title='bbox 1116 2233 1243 2286; x_wconf 35' lang='lat' dir='ltr'><strong>evariant.</strong></span> <span class='ocrx_word' id='word_1_239' title='bbox 1281 2236 1365 2288; x_wconf 89' lang='lat' dir='ltr'><strong>Unus</strong></span> 
     </span>
     <span class='ocr_line' id='line_1_26' title="bbox 202 2302 1365 2370; baseline -0.002 -11"><span class='ocrx_word' id='word_1_240' title='bbox 202 2307 253 2359; x_wconf 81' lang='lat' dir='ltr'><strong>Ox.</strong></span> <span class='ocrx_word' id='word_1_241' title='bbox 279 2305 365 2357; x_wconf 81' lang='lat' dir='ltr'><strong>habet</strong></span> <span class='ocrx_word' id='word_1_242' title='bbox 396 2306 494 2358; x_wconf 82' lang='lat' dir='ltr'><strong>illud</strong></span> <span class='ocrx_word' id='word_1_243' title='bbox 518 2303 690 2358; x_wconf 82' lang='lat' dir='ltr'><strong>aidebtar</strong></span> <span class='ocrx_word' id='word_1_244' title='bbox 713 2320 756 2358; x_wconf 85' lang='lat' dir='ltr'><strong>ne</strong></span> <span class='ocrx_word' id='word_1_245' title='bbox 785 2302 851 2356; x_wconf 84' lang='lat' dir='ltr'><strong>ada</strong></span> <span class='ocrx_word' id='word_1_246' title='bbox 877 2320 964 2370; x_wconf 81' lang='lat' dir='ltr'><strong>aegre</strong></span> <span class='ocrx_word' id='word_1_247' title='bbox 989 2305 1141 2370; x_wconf 74' lang='lat' dir='ltr'><strong>ferendam,</strong></span> <span class='ocrx_word' id='word_1_248' title='bbox 1168 2305 1254 2359; x_wconf 85' lang='lat' dir='ltr'><strong>Vind.</strong></span> <span class='ocrx_word' id='word_1_249' title='bbox 1283 2310 1311 2360; x_wconf 89' lang='lat' dir='ltr'><strong>l.&#39;</strong></span> <span class='ocrx_word' id='word_1_250' title='bbox 1337 2315 1365 2358; x_wconf 88' lang='lat' dir='ltr'><strong>et</strong></span> 
     </span>
     <span class='ocr_line' id='line_1_27' title="bbox 201 2375 1363 2438; baseline -0.002 -9"><span class='ocrx_word' id='word_1_251' title='bbox 201 2376 291 2429; x_wconf 88' lang='lat' dir='ltr'><strong>Rehd.</strong></span> <span class='ocrx_word' id='word_1_252' title='bbox 311 2375 409 2427; x_wconf 79' lang='lat' dir='ltr'><strong>illud</strong></span> <span class='ocrx_word' id='word_1_253' title='bbox 427 2392 536 2428; x_wconf 84' lang='lat' dir='ltr'><strong>nonae</strong></span> <span class='ocrx_word' id='word_1_254' title='bbox 553 2375 696 2438; x_wconf 64' lang='lat' dir='ltr'><strong>videntum</strong></span> <span class='ocrx_word' id='word_1_255' title='bbox 712 2375 809 2426; x_wconf 86' lang='lat' dir='ltr'><strong>Duisb.</strong></span> <span class='ocrx_word' id='word_1_256' title='bbox 829 2382 923 2428; x_wconf 84' lang='lat' dir='ltr'><strong>atrum</strong></span> <span class='ocrx_word' id='word_1_257' title='bbox 941 2375 953 2427; x_wconf 84' lang='lat' dir='ltr'><strong>i</strong></span> <span class='ocrx_word' id='word_1_258' title='bbox 961 2375 1043 2429; x_wconf 82' lang='lat' dir='ltr'><strong>llud</strong></span> <span class='ocrx_word' id='word_1_259' title='bbox 1068 2391 1127 2429; x_wconf 84' lang='lat' dir='ltr'><strong>aec</strong></span> <span class='ocrx_word' id='word_1_260' title='bbox 1144 2392 1183 2427; x_wconf 86' lang='lat' dir='ltr'><strong>ne</strong></span> <span class='ocrx_word' id='word_1_261' title='bbox 1206 2376 1264 2430; x_wconf 80' lang='lat' dir='ltr'><strong>oid.</strong></span> <span class='ocrx_word' id='word_1_262' title='bbox 1292 2377 1363 2429; x_wconf 85' lang='lat' dir='ltr'><strong>Edd.</strong></span> 
     </span>
     <span class='ocr_line' id='line_1_28' title="bbox 201 2444 1364 2515; baseline 0.002 -19"><span class='ocrx_word' id='word_1_263' title='bbox 201 2445 235 2496; x_wconf 82' lang='lat' dir='ltr'><strong>A.</strong></span> <span class='ocrx_word' id='word_1_264' title='bbox 256 2447 293 2497; x_wconf 85' lang='grc' dir='ltr'><strong>Μ.</strong></span> <span class='ocrx_word' id='word_1_265' title='bbox 313 2444 400 2502; x_wconf 87' lang='lat' dir='ltr'><strong>Leod.</strong></span> <span class='ocrx_word' id='word_1_266' title='bbox 426 2446 452 2500; x_wconf 84' lang='lat' dir='ltr'><strong>et</strong></span> <span class='ocrx_word' id='word_1_267' title='bbox 477 2451 574 2499; x_wconf 82' lang='lat' dir='ltr'><strong>atrum</strong></span> <span class='ocrx_word' id='word_1_268' title='bbox 598 2446 695 2504; x_wconf 73' lang='lat' dir='ltr'><strong>illud</strong></span> <span class='ocrx_word' id='word_1_269' title='bbox 719 2461 782 2515; x_wconf 77' lang='lat' dir='ltr'><strong>noa,</strong></span> <span class='ocrx_word' id='word_1_270' title='bbox 809 2464 895 2515; x_wconf 86' lang='lat' dir='ltr'><strong>quam</strong></span> <span class='ocrx_word' id='word_1_271' title='bbox 918 2445 1107 2515; x_wconf 85' lang='lat' dir='ltr'><strong>scriptionem</strong></span> <span class='ocrx_word' id='word_1_272' title='bbox 1128 2446 1201 2501; x_wconf 88' lang='lat' dir='ltr'><strong>Ern.</strong></span> <span class='ocrx_word' id='word_1_273' title='bbox 1227 2455 1262 2497; x_wconf 79' lang='lat' dir='ltr'><strong>ut</strong></span> <span class='ocrx_word' id='word_1_274' title='bbox 1286 2465 1364 2498; x_wconf 85' lang='lat' dir='ltr'><strong>suam</strong></span> 
     </span>
     <span class='ocr_line' id='line_1_29' title="bbox 203 2510 1362 2587; baseline 0 -21"><span class='ocrx_word' id='word_1_275' title='bbox 203 2510 432 2586; x_wconf 73' lang='lat' dir='ltr'><strong>emendationem</strong></span> <span class='ocrx_word' id='word_1_276' title='bbox 450 2517 593 2587; x_wconf 77' lang='lat' dir='ltr'><strong>protulit3</strong></span> <span class='ocrx_word' id='word_1_277' title='bbox 616 2522 713 2572; x_wconf 85' lang='lat' dir='ltr'><strong>atram</strong></span> <span class='ocrx_word' id='word_1_278' title='bbox 730 2516 804 2570; x_wconf 76' lang='lat' dir='ltr'><strong>iana</strong></span> <span class='ocrx_word' id='word_1_279' title='bbox 821 2533 855 2569; x_wconf 84' lang='lat' dir='ltr'><strong>ae</strong></span> <span class='ocrx_word' id='word_1_280' title='bbox 873 2515 931 2569; x_wconf 74' lang='lat' dir='ltr'><strong>via.</strong></span> <span class='ocrx_word' id='word_1_281' title='bbox 953 2516 1055 2585; x_wconf 84' lang='lat' dir='ltr'><strong>omisso</strong></span> <span class='ocrx_word' id='word_1_282' title='bbox 1080 2531 1141 2581; x_wconf 81' lang='lat' dir='ltr'><strong>aar,</strong></span> <span class='ocrx_word' id='word_1_283' title='bbox 1166 2514 1274 2569; x_wconf 88' lang='lat' dir='ltr'><strong>habent</strong></span> <span class='ocrx_word' id='word_1_284' title='bbox 1292 2517 1362 2573; x_wconf 83' lang='lat' dir='ltr'><strong>Edd.</strong></span> 
     </span>
     <span class='ocr_line' id='line_1_30' title="bbox 201 2583 1364 2657; baseline 0.001 -18"><span class='ocrx_word' id='word_1_285' title='bbox 201 2583 285 2639; x_wconf 68' lang='lat' dir='ltr'><strong>aa.</strong></span> <span class='ocrx_word' id='word_1_286' title='bbox 306 2584 334 2638; x_wconf 81' lang='lat' dir='ltr'><strong>S.</strong></span> <span class='ocrx_word' id='word_1_287' title='bbox 354 2586 388 2638; x_wconf 87' lang='grc' dir='ltr'><strong>Ε.</strong></span> <span class='ocrx_word' id='word_1_288' title='bbox 407 2587 439 2639; x_wconf 82' lang='lat' dir='ltr'><strong>C.</strong></span> <span class='ocrx_word' id='word_1_289' title='bbox 460 2589 492 2637; x_wconf 89' lang='lat' dir='ltr'><strong>V.</strong></span> <span class='ocrx_word' id='word_1_290' title='bbox 518 2587 587 2640; x_wconf 86' lang='lat' dir='ltr'><strong>Rob.</strong></span> <span class='ocrx_word' id='word_1_291' title='bbox 612 2586 713 2657; x_wconf 86' lang='lat' dir='ltr'><strong>Stepb.</strong></span> <span class='ocrx_word' id='word_1_292' title='bbox 742 2585 841 2641; x_wconf 82' lang='lat' dir='ltr'><strong>llerw.</strong></span> <span class='ocrx_word' id='word_1_293' title='bbox 877 2585 959 2639; x_wconf 87' lang='lat' dir='ltr'><strong>Solus</strong></span> <span class='ocrx_word' id='word_1_294' title='bbox 984 2585 1052 2639; x_wconf 78' lang='lat' dir='ltr'><strong>cod.</strong></span> <span class='ocrx_word' id='word_1_295' title='bbox 1080 2584 1200 2649; x_wconf 72' lang='lat' dir='ltr'><strong>(iud-2</strong></span> <span class='ocrx_word' id='word_1_296' title='bbox 1228 2587 1364 2641; x_wconf 83' lang='lat' dir='ltr'><strong>habetet</strong></span> 
     </span>
     <span class='ocr_line' id='line_1_31' title="bbox 202 2656 1257 2726; baseline 0.005 -18"><span class='ocrx_word' id='word_1_297' title='bbox 202 2671 305 2726; x_wconf 77' lang='lat' dir='ltr'><strong>aegre,</strong></span> <span class='ocrx_word' id='word_1_298' title='bbox 326 2656 399 2708; x_wconf 88' lang='lat' dir='ltr'><strong>Gud.</strong></span> <span class='ocrx_word' id='word_1_299' title='bbox 422 2661 445 2712; x_wconf 89' lang='lat'><strong>1.</strong></span> <span class='ocrx_word' id='word_1_300' title='bbox 466 2657 648 2722; x_wconf 79' lang='lat' dir='ltr'><strong>ferundam.</strong></span> <span class='ocrx_word' id='word_1_301' title='bbox 686 2658 747 2710; x_wconf 89' lang='lat' dir='ltr'><strong>Mr.</strong></span> <span class='ocrx_word' id='word_1_302' title='bbox 1255 2709 1257 2713; x_wconf 85' lang='lat'><em>.</em></span> 
     </span>
     <span class='ocr_line' id='line_1_32' title="bbox 203 2718 1363 2801; baseline 0.002 -23"><span class='ocrx_word' id='word_1_303' title='bbox 203 2724 205 2729; x_wconf 79' lang='grc'><strong>’</strong></span> <span class='ocrx_word' id='word_1_304' title='bbox 274 2742 311 2778; x_wconf 85' lang='lat' dir='ltr'><strong>aa</strong></span> <span class='ocrx_word' id='word_1_305' title='bbox 338 2727 461 2780; x_wconf 83' lang='lat' dir='ltr'><strong>omnium</strong></span> <span class='ocrx_word' id='word_1_306' title='bbox 486 2743 584 2779; x_wconf 85' lang='lat' dir='ltr'><strong>rerum</strong></span> <span class='ocrx_word' id='word_1_307' title='bbox 610 2728 773 2780; x_wconf 82' lang='lat' dir='ltr'><strong>tollenda</strong></span> <span class='ocrx_word' id='word_1_308' title='bbox 800 2718 911 2780; x_wconf 81' lang='lat' dir='ltr'><strong>‹imniao</strong></span> <span class='ocrx_word' id='word_1_309' title='bbox 936 2724 1104 2794; x_wconf 80' lang='lat' dir='ltr'><strong>aegritudo]</strong></span> <span class='ocrx_word' id='word_1_310' title='bbox 1133 2727 1217 2792; x_wconf 83' lang='lat' dir='ltr'><strong>„Sic</strong></span> <span class='ocrx_word' id='word_1_311' title='bbox 1249 2747 1363 2801; x_wconf 87' lang='lat' dir='ltr'><strong>prorsus</strong></span> 
     </span>
     <span class='ocr_line' id='line_1_33' title="bbox 202 2794 1363 2871; baseline 0.001 -21"><span class='ocrx_word' id='word_1_312' title='bbox 202 2805 246 2850; x_wconf 88' lang='lat' dir='ltr'><strong>est</strong></span> <span class='ocrx_word' id='word_1_313' title='bbox 267 2797 433 2871; x_wconf 75' lang='lat' dir='ltr'><strong>legendum,</strong></span> <span class='ocrx_word' id='word_1_314' title='bbox 465 2799 595 2866; x_wconf 86' lang='lat' dir='ltr'><strong>quamvis</strong></span> <span class='ocrx_word' id='word_1_315' title='bbox 620 2798 779 2850; x_wconf 86' lang='lat' dir='ltr'><strong>reclament</strong></span> <span class='ocrx_word' id='word_1_316' title='bbox 802 2796 937 2867; x_wconf 86' lang='lat' dir='ltr'><strong>plerique</strong></span> <span class='ocrx_word' id='word_1_317' title='bbox 966 2797 1052 2850; x_wconf 86' lang='lat' dir='ltr'><strong>Codd.</strong></span> <span class='ocrx_word' id='word_1_318' title='bbox 1079 2794 1162 2851; x_wconf 85' lang='lat' dir='ltr'>MSS..</span> <span class='ocrx_word' id='word_1_319' title='bbox 1183 2798 1237 2868; x_wconf 79' lang='lat' dir='ltr'><strong>‘qui</strong></span> <span class='ocrx_word' id='word_1_320' title='bbox 1258 2800 1363 2852; x_wconf 82' lang='lat' dir='ltr'><strong>babent</strong></span> 
     </span>
     <span class='ocr_line' id='line_1_34' title="bbox 201 2867 1363 2939; baseline 0.001 -19"><span class='ocrx_word' id='word_1_321' title='bbox 201 2867 357 2921; x_wconf 78' lang='lat' dir='ltr'><strong>toleranda.</strong></span> <span class='ocrx_word' id='word_1_322' title='bbox 395 2868 470 2919; x_wconf 86' lang='lat' dir='ltr'><strong>Nam</strong></span> <span class='ocrx_word' id='word_1_323' title='bbox 487 2867 544 2920; x_wconf 89' lang='lat' dir='ltr'><strong>hoc</strong></span> <span class='ocrx_word' id='word_1_324' title='bbox 562 2869 637 2920; x_wconf 89' lang='lat' dir='ltr'><strong>ferri</strong></span> <span class='ocrx_word' id='word_1_325' title='bbox 655 2884 713 2922; x_wconf 86' lang='lat' dir='ltr'><strong>non</strong></span> <span class='ocrx_word' id='word_1_326' title='bbox 730 2876 835 2939; x_wconf 84' lang='lat' dir='ltr'><strong>potest,</strong></span> <span class='ocrx_word' id='word_1_327' title='bbox 857 2869 994 2937; x_wconf 65' lang='lat' dir='ltr'><strong>,quamvis</strong></span> <span class='ocrx_word' id='word_1_328' title='bbox 1009 2867 1109 2939; x_wconf 52' lang='lat' dir='ltr'><strong>,ml</strong></span> <span class='ocrx_word' id='word_1_329' title='bbox 1124 2869 1244 2939; x_wconf 77' lang='lat' dir='ltr'><strong>quidam</strong></span> <span class='ocrx_word' id='word_1_330' title='bbox 1265 2871 1299 2921; x_wconf 89' lang='lat' dir='ltr'><strong>in</strong></span> <span class='ocrx_word' id='word_1_331' title='bbox 1317 2888 1363 2923; x_wconf 86' lang='lat' dir='ltr'><strong>sua</strong></span> 
     </span>
     <span class='ocr_line' id='line_1_35' title="bbox 190 2935 1365 3011; baseline 0.002 -22"><span class='ocrx_word' id='word_1_332' title='bbox 190 2937 330 2991; x_wconf 81' lang='lat' dir='ltr'><strong>&#39;editione</strong></span> <span class='ocrx_word' id='word_1_333' title='bbox 349 2938 440 2990; x_wconf 86' lang='lat' dir='ltr'><strong>secuti</strong></span> <span class='ocrx_word' id='word_1_334' title='bbox 456 2939 526 3000; x_wconf 85' lang='lat' dir='ltr'><strong>sint.</strong></span> <span class='ocrx_word' id='word_1_335' title='bbox 566 2939 689 2993; x_wconf 85' lang='lat' dir='ltr'><strong>Omnino</strong></span> <span class='ocrx_word' id='word_1_336' title='bbox 708 2939 790 3011; x_wconf 78' lang='lat' dir='ltr'><strong>piget</strong></span> <span class='ocrx_word' id='word_1_337' title='bbox 808 2954 861 2996; x_wconf 54' lang='lat' dir='ltr'><strong>me,</strong></span> <span class='ocrx_word' id='word_1_338' title='bbox 872 2937 948 2989; x_wconf 88' lang='lat' dir='ltr'><strong>hanc</strong></span> <span class='ocrx_word' id='word_1_339' title='bbox 972 2935 1130 3005; x_wconf 85' lang='lat' dir='ltr'><strong>lectionem</strong></span> <span class='ocrx_word' id='word_1_340' title='bbox 1154 2939 1296 3007; x_wconf 80' lang='lat' dir='ltr'><strong>refellere</strong></span> <span class='ocrx_word' id='word_1_341' title='bbox 1301 2959 1310 3007; x_wconf 90' lang='lat'>;</span> <span class='ocrx_word' id='word_1_342' title='bbox 1338 2948 1365 2992; x_wconf 90' lang='lat' dir='ltr'><strong>et</strong></span> 
     </span>
     <span class='ocr_line' id='line_1_36' title="bbox 201 3004 1365 3079; baseline 0.003 -20"><span class='ocrx_word' id='word_1_343' title='bbox 201 3006 333 3072; x_wconf 84' lang='lat' dir='ltr'><strong>alteram,</strong></span> <span class='ocrx_word' id='word_1_344' title='bbox 353 3025 439 3076; x_wconf 83' lang='lat' dir='ltr'><strong>quam</strong></span> <span class='ocrx_word' id='word_1_345' title='bbox 457 3017 569 3073; x_wconf 82' lang='lat' dir='ltr'><strong>secutus</strong></span> <span class='ocrx_word' id='word_1_346' title='bbox 588 3027 661 3074; x_wconf 92' lang='lat' dir='ltr'><strong>sum,</strong></span> <span class='ocrx_word' id='word_1_347' title='bbox 677 3008 842 3079; x_wconf 83' lang='lat' dir='ltr'><strong>habentque</strong></span> <span class='ocrx_word' id='word_1_348' title='bbox 861 3009 970 3061; x_wconf 87' lang='lat' dir='ltr'><strong>multae</strong></span> <span class='ocrx_word' id='word_1_349' title='bbox 987 3008 1062 3062; x_wconf 83' lang='lat' dir='ltr'><strong>aliae</strong></span> <span class='ocrx_word' id='word_1_350' title='bbox 1081 3004 1233 3077; x_wconf 74' lang='lat' dir='ltr'><strong>editiones,</strong></span> <span class='ocrx_word' id='word_1_351' title='bbox 1261 3006 1365 3065; x_wconf 82' lang='lat' dir='ltr'><strong>confir-</strong></span> 
     </span>
     <span class='ocr_line' id='line_1_37' title="bbox 165 3077 1364 3137; baseline 0.001 -6"><span class='ocrx_word' id='word_1_352' title='bbox 165 3090 186 3134; x_wconf 69' lang='grc'><strong>’,</strong></span> <span class='ocrx_word' id='word_1_353' title='bbox 201 3095 291 3131; x_wconf 82' lang='lat' dir='ltr'><strong>mare.</strong></span> <span class='ocrx_word' id='word_1_354' title='bbox 328 3078 412 3135; x_wconf 82' lang='lat' dir='ltr'><strong>Locis</strong></span> <span class='ocrx_word' id='word_1_355' title='bbox 431 3079 509 3131; x_wconf 84' lang='lat' dir='ltr'><strong>anim</strong></span> <span class='ocrx_word' id='word_1_356' title='bbox 525 3078 787 3132; x_wconf 81' lang='lat' dir='ltr'><strong>innumerabilibus</strong></span> <span class='ocrx_word' id='word_1_357' title='bbox 805 3078 918 3130; x_wconf 82' lang='lat' dir='ltr'><strong>clamat·</strong></span> <span class='ocrx_word' id='word_1_358' title='bbox 929 3077 1033 3131; x_wconf 85' lang='lat' dir='ltr'><strong>Cicero</strong></span> <span class='ocrx_word' id='word_1_359' title='bbox 1056 3096 1092 3131; x_wconf 88' lang='lat' dir='ltr'><strong>ex</strong></span> <span class='ocrx_word' id='word_1_360' title='bbox 1111 3078 1277 3137; x_wconf 86' lang='lat' dir='ltr'><strong>Stoicorum</strong></span> <span class='ocrx_word' id='word_1_361' title='bbox 1304 3099 1364 3134; x_wconf 86' lang='lat' dir='ltr'><strong>sen·</strong></span> 
     </span>
     <span class='ocr_line' id='line_1_38' title="bbox 201 3147 1365 3224; baseline 0.002 -24"><span class='ocrx_word' id='word_1_362' title='bbox 201 3150 302 3215; x_wconf 84' lang='lat' dir='ltr'><strong>tentia,</strong></span> <span class='ocrx_word' id='word_1_363' title='bbox 323 3148 482 3203; x_wconf 88' lang='lat' dir='ltr'><strong>tollendam</strong></span> <span class='ocrx_word' id='word_1_364' title='bbox 501 3167 559 3202; x_wconf 88' lang='lat' dir='ltr'><strong>esse</strong></span> <span class='ocrx_word' id='word_1_365' title='bbox 578 3148 800 3224; x_wconf 77' lang='lat' dir='ltr'><strong>aegritudinem,</strong></span> <span class='ocrx_word' id='word_1_366' title='bbox 819 3165 877 3200; x_wconf 88' lang='lat' dir='ltr'><strong>non</strong></span> <span class='ocrx_word' id='word_1_367' title='bbox 895 3147 1079 3216; x_wconf 87' lang='lat' dir='ltr'><strong>&#39;amputandas</strong></span> <span class='ocrx_word' id='word_1_368' title='bbox 1094 3149 1365 3206; x_wconf 73' lang='lat' dir='ltr'><strong>anteit-cumaiden-</strong></span> 
     </span>
     <span class='ocr_line' id='line_1_39' title="bbox 202 3217 1365 3290; baseline 0.002 -18"><span class='ocrx_word' id='word_1_369' title='bbox 202 3217 256 3272; x_wconf 85' lang='lat' dir='ltr'><strong>das&#39;</strong></span> <span class='ocrx_word' id='word_1_370' title='bbox 275 3237 334 3274; x_wconf 84' lang='lat' dir='ltr'><strong>esse</strong></span> <span class='ocrx_word' id='word_1_371' title='bbox 353 3223 516 3275; x_wconf 87' lang='lat' dir='ltr'><strong>animorum</strong></span> <span class='ocrx_word' id='word_1_372' title='bbox 539 3221 786 3290; x_wconf 70' lang='lat' dir='ltr'><strong>perturbationes,</strong></span> <span class='ocrx_word' id='word_1_373' title='bbox 800 3219 856 3277; x_wconf 86' lang='lat' dir='ltr'><strong>¹sed</strong></span> <span class='ocrx_word' id='word_1_374' title='bbox 880 3218 1019 3273; x_wconf 88' lang='lat' dir='ltr'><strong>radicitus</strong></span> <span class='ocrx_word' id='word_1_375' title='bbox 1032 3219 1253 3285; x_wconf 78' lang='lat' dir='ltr'><strong>¹evellendas,et</strong></span> <span class='ocrx_word' id='word_1_376' title='bbox 1272 3231 1365 3274; x_wconf 82' lang='lat' dir='ltr'><strong>extra·</strong></span> 
     </span>
     <span class='ocr_line' id='line_1_40' title="bbox 107 3288 1365 3361; baseline 0.001 -18"><span class='ocrx_word' id='word_1_377' title='bbox 107 3341 112 3361; x_wconf 24' lang='grc' dir='ltr'><strong>Χ</strong></span> <span class='ocrx_word' id='word_1_378' title='bbox 200 3290 317 3350; x_wconf 69' lang='lat' dir='ltr'><strong>insudas.</strong></span> <span class='ocrx_word' id='word_1_379' title='bbox 354 3293 500 3343; x_wconf 85' lang='lat' dir='ltr'><strong>Postremo</strong></span> <span class='ocrx_word' id='word_1_380' title='bbox 518 3291 792 3343; x_wconf 84' lang='lat' dir='ltr'><strong>nemo&#39;Latinorum</strong></span> <span class='ocrx_word' id='word_1_381' title='bbox 816 3306 945 3358; x_wconf 84' lang='lat' dir='ltr'><strong>unquam</strong></span> <span class='ocrx_word' id='word_1_382' title='bbox 963 3289 1004 3341; x_wconf 89' lang='lat' dir='ltr'><strong>ita</strong></span> <span class='ocrx_word' id='word_1_383' title='bbox 1028 3288 1141 3342; x_wconf 71' lang='lat' dir='ltr'><strong>loeson</strong></span> <span class='ocrx_word' id='word_1_384' title='bbox 1160 3297 1213 3356; x_wconf 88' lang='lat' dir='ltr'><strong>est,</strong></span> <span class='ocrx_word' id='word_1_385' title='bbox 1242 3292 1365 3346; x_wconf 83' lang='lat' dir='ltr'><strong>tolerare</strong></span> 
     </span>
     <span class='ocr_line' id='line_1_41' title="bbox 197 3360 1364 3444; baseline 0.003 -31"><span class='ocrx_word' id='word_1_386' title='bbox 197 3361 425 3428; x_wconf 61' lang='lat' dir='ltr'><strong>aeffltadiaem:</strong></span> <span class='ocrx_word' id='word_1_387' title='bbox 454 3369 484 3414; x_wconf 92' lang='lat' dir='ltr'><strong>et</strong></span> <span class='ocrx_word' id='word_1_388' title='bbox 507 3363 559 3430; x_wconf 85' lang='lat' dir='ltr'><strong>qui</strong></span> <span class='ocrx_word' id='word_1_389' title='bbox 585 3363 641 3414; x_wconf 85' lang='lat' dir='ltr'><strong>hoc</strong></span> <span class='ocrx_word' id='word_1_390' title='bbox 664 3377 765 3444; x_wconf 50' lang='lat' dir='ltr'><strong>genus&lt;</strong></span> <span class='ocrx_word' id='word_1_391' title='bbox 781 3360 920 3433; x_wconf 78' lang='lat' dir='ltr'><strong>loquendi</strong></span> <span class='ocrx_word' id='word_1_392' title='bbox 947 3361 1084 3412; x_wconf 74' lang='lat' dir='ltr'><strong>Latinum</strong></span> <span class='ocrx_word' id='word_1_393' title='bbox 1097 3377 1168 3414; x_wconf 43' lang='lat' dir='ltr'><strong>*esse</strong></span> <span class='ocrx_word' id='word_1_394' title='bbox 1183 3371 1313 3430; x_wconf 21' lang='lat' dir='ltr'><strong>emant,</strong></span> <span class='ocrx_word' id='word_1_395' title='bbox 1337 3381 1364 3416; x_wconf 88' lang='lat' dir='ltr'><strong>se</strong></span> 
     </span>
     <span class='ocr_line' id='line_1_42' title="bbox 200 3430 1365 3506; baseline 0.003 -23"><span class='ocrx_word' id='word_1_396' title='bbox 200 3431 319 3506; x_wconf 73' lang='lat' dir='ltr'><strong>linguae</strong></span> <span class='ocrx_word' id='word_1_397' title='bbox 342 3433 460 3484; x_wconf 84' lang='lat' dir='ltr'><strong>Latinae</strong></span> <span class='ocrx_word' id='word_1_398' title='bbox 491 3449 549 3485; x_wconf 87' lang='lat' dir='ltr'><strong>esse</strong></span> <span class='ocrx_word' id='word_1_399' title='bbox 573 3433 725 3502; x_wconf 81' lang='lat' dir='ltr'><strong>imperitos</strong></span> <span class='ocrx_word' id='word_1_400' title='bbox 748 3430 818 3484; x_wconf 79' lang='lat' dir='ltr'><strong>satis</strong></span> <span class='ocrx_word' id='word_1_401' title='bbox 844 3430 1003 3496; x_wconf 81' lang='lat' dir='ltr'><strong>declarant,</strong></span> <span class='ocrx_word' id='word_1_402' title='bbox 1028 3431 1063 3485; x_wconf 76' lang='lat' dir='ltr'><strong>ut</strong></span> <span class='ocrx_word' id='word_1_403' title='bbox 1088 3431 1279 3486; x_wconf 71' lang='lat' dir='ltr'><strong>Fmrenfinue</strong></span> <span class='ocrx_word' id='word_1_404' title='bbox 1302 3433 1365 3500; x_wconf 83' lang='lat' dir='ltr'><strong>ille,</strong></span> 
     </span>
     <span class='ocr_line' id='line_1_43' title="bbox 201 3501 1366 3575; baseline 0.002 -21"><span class='ocrx_word' id='word_1_405' title='bbox 201 3505 253 3570; x_wconf 83' lang='lat' dir='ltr'><strong>qui</strong></span> <span class='ocrx_word' id='word_1_406' title='bbox 268 3503 411 3572; x_wconf 83' lang='lat' dir='ltr'><strong>perpetuo</strong></span> <span class='ocrx_word' id='word_1_407' title='bbox 427 3504 502 3555; x_wconf 90' lang='lat' dir='ltr'><strong>dicit</strong></span> <span class='ocrx_word' id='word_1_408' title='bbox 519 3506 610 3572; x_wconf 76' lang='lat' dir='ltr'><strong>ipsum</strong></span> <span class='ocrx_word' id='word_1_409' title='bbox 628 3519 682 3572; x_wconf 82' lang='lat' dir='ltr'><strong>pro</strong></span> <span class='ocrx_word' id='word_1_410' title='bbox 701 3518 780 3564; x_wconf 67' lang='lat' dir='ltr'><strong>eam</strong></span> <span class='ocrx_word' id='word_1_411' title='bbox 799 3501 924 3570; x_wconf 80' lang='lat' dir='ltr'><strong>quodam</strong></span> <span class='ocrx_word' id='word_1_412' title='bbox 941 3502 1011 3554; x_wconf 87' lang='lat' dir='ltr'><strong>loco</strong></span> <span class='ocrx_word' id='word_1_413' title='bbox 1026 3503 1170 3568; x_wconf 78' lang='lat' dir='ltr'><strong>dirpatare</strong></span> <span class='ocrx_word' id='word_1_414' title='bbox 1188 3503 1305 3570; x_wconf 54' lang='lat' dir='ltr'><strong>latemus</strong></span> <span class='ocrx_word' id='word_1_415' title='bbox 1314 3519 1366 3575; x_wconf 85' lang='lat' dir='ltr'><strong>pro</strong></span> 
     </span>
     <span class='ocr_line' id='line_1_44' title="bbox 201 3571 1366 3642; baseline 0.003 -16"><span class='ocrx_word' id='word_1_416' title='bbox 201 3573 349 3642; x_wconf 80' lang='lat' dir='ltr'><strong>diepatare</strong></span> <span class='ocrx_word' id='word_1_417' title='bbox 370 3573 496 3628; x_wconf 76' lang='lat' dir='ltr'><strong>diutinae</strong></span> <span class='ocrx_word' id='word_1_418' title='bbox 524 3574 594 3626; x_wconf 81' lang='lat' dir='ltr'><strong>alibi</strong></span> <span class='ocrx_word' id='word_1_419' title='bbox 619 3572 650 3625; x_wconf 79' lang='lat' dir='ltr'><strong>ai</strong></span> <span class='ocrx_word' id='word_1_420' title='bbox 674 3572 833 3624; x_wconf 71' lang='lat' dir='ltr'><strong>estrimeca</strong></span> <span class='ocrx_word' id='word_1_421' title='bbox 880 3587 914 3624; x_wconf 85' lang='lat' dir='ltr'><strong>ro</strong></span> <span class='ocrx_word' id='word_1_422' title='bbox 937 3571 970 3624; x_wconf 77' lang='lat' dir='ltr'><strong>oi</strong></span> <span class='ocrx_word' id='word_1_423' title='bbox 993 3580 1126 3626; x_wconf 69' lang='lat' dir='ltr'><strong>externae</strong></span> <span class='ocrx_word' id='word_1_424' title='bbox 1153 3573 1228 3626; x_wconf 82' lang='lat' dir='ltr'><strong>alibi</strong></span> <span class='ocrx_word' id='word_1_425' title='bbox 1248 3583 1366 3629; x_wconf 74' lang='lat' dir='ltr'><strong>meana</strong></span> 
     </span>
     <span class='ocr_line' id='line_1_45' title="bbox 202 3590 1367 3717; baseline 0.003 -20"><span class='ocrx_word' id='word_1_426' title='bbox 202 3646 299 3711; x_wconf 73' lang='lat' dir='ltr'><strong>faisse,</strong></span> <span class='ocrx_word' id='word_1_427' title='bbox 318 3652 350 3698; x_wconf 76' lang='lat' dir='ltr'><strong>at</strong></span> <span class='ocrx_word' id='word_1_428' title='bbox 367 3662 422 3715; x_wconf 85' lang='lat' dir='ltr'><strong>pro</strong></span> <span class='ocrx_word' id='word_1_429' title='bbox 440 3661 556 3710; x_wconf 83' lang='lat' dir='ltr'><strong>caueam</strong></span> <span class='ocrx_word' id='word_1_430' title='bbox 574 3643 672 3708; x_wconf 68' lang='lat' dir='ltr'><strong>faieee,</strong></span> <span class='ocrx_word' id='word_1_431' title='bbox 692 3660 754 3696; x_wconf 83' lang='lat' dir='ltr'><strong>car:</strong></span> <span class='ocrx_word' id='word_1_432' title='bbox 775 3643 832 3695; x_wconf 82' lang='lat' dir='ltr'><strong>alio</strong></span> <span class='ocrx_word' id='word_1_433' title='bbox 856 3590 922 3696; x_wconf 74' lang='lat' dir='ltr'><strong>ibeo</strong></span> <span class='ocrx_word' id='word_1_434' title='bbox 935 3642 1060 3696; x_wconf 76' lang='lat' dir='ltr'><strong>virtuter</strong></span> <span class='ocrx_word' id='word_1_435' title='bbox 1069 3645 1184 3717; x_wconf 68' lang='lat' dir='ltr'><strong>anctae</strong></span> <span class='ocrx_word' id='word_1_436' title='bbox 1196 3661 1259 3699; x_wconf 72' lang='lat' dir='ltr'><strong>eene</strong></span> <span class='ocrx_word' id='word_1_437' title='bbox 1273 3646 1367 3700; x_wconf 74' lang='lat' dir='ltr'><strong>scier·</strong></span> 
     </span>
     <span class='ocr_line' id='line_1_46' title="bbox 201 3703 1366 3787; baseline 0.002 -20"><span class='ocrx_word' id='word_1_438' title='bbox 201 3716 262 3768; x_wconf 78' lang='lat' dir='ltr'><strong>tiae</strong></span> <span class='ocrx_word' id='word_1_439' title='bbox 285 3733 338 3784; x_wconf 89' lang='lat' dir='ltr'><strong>pro</strong></span> <span class='ocrx_word' id='word_1_440' title='bbox 362 3716 483 3770; x_wconf 78' lang='lat' dir='ltr'><strong>uirtutes</strong></span> <span class='ocrx_word' id='word_1_441' title='bbox 507 3711 612 3767; x_wconf 75' lang='lat' dir='ltr'><strong>omneis</strong></span> <span class='ocrx_word' id='word_1_442' title='bbox 629 3730 690 3766; x_wconf 85' lang='lat' dir='ltr'><strong>esse</strong></span> <span class='ocrx_word' id='word_1_443' title='bbox 710 3713 860 3766; x_wconf 76' lang='lat' dir='ltr'><strong>seientiam</strong></span> <span class='ocrx_word' id='word_1_444' title='bbox 887 3723 919 3766; x_wconf 89' lang='lat' dir='ltr'><strong>et</strong></span> <span class='ocrx_word' id='word_1_445' title='bbox 946 3714 1004 3766; x_wconf 83' lang='lat' dir='ltr'><strong>alia</strong></span> <span class='ocrx_word' id='word_1_446' title='bbox 1019 3703 1254 3782; x_wconf 74' lang='lat' dir='ltr'><strong>innumerabilia,</strong></span> <span class='ocrx_word' id='word_1_447' title='bbox 1280 3718 1366 3787; x_wconf 78' lang='lat' dir='ltr'><strong>plane</strong></span> 
     </span>
     <span class='ocr_line' id='line_1_47' title="bbox 203 3783 1366 3859; baseline 0.003 -23"><span class='ocrx_word' id='word_1_448' title='bbox 203 3795 253 3837; x_wconf 84' lang='lat' dir='ltr'><strong>ant</strong></span> <span class='ocrx_word' id='word_1_449' title='bbox 281 3787 398 3837; x_wconf 81' lang='lat' dir='ltr'><strong>barbara</strong></span> <span class='ocrx_word' id='word_1_450' title='bbox 422 3796 472 3839; x_wconf 86' lang='lat' dir='ltr'><strong>aut</strong></span> <span class='ocrx_word' id='word_1_451' title='bbox 494 3785 623 3838; x_wconf 84' lang='lat' dir='ltr'><strong>soloeca:</strong></span> <span class='ocrx_word' id='word_1_452' title='bbox 649 3792 722 3851; x_wconf 81' lang='lat' dir='ltr'><strong>qaae</strong></span> <span class='ocrx_word' id='word_1_453' title='bbox 748 3783 888 3859; x_wconf 82' lang='lat' dir='ltr'><strong>colligere</strong></span> <span class='ocrx_word' id='word_1_454' title='bbox 914 3803 1055 3859; x_wconf 76' lang='lat' dir='ltr'><strong>magnam</strong></span> <span class='ocrx_word' id='word_1_455' title='bbox 1072 3796 1144 3855; x_wconf 84' lang='lat' dir='ltr'><strong>opus</strong></span> <span class='ocrx_word' id='word_1_456' title='bbox 1171 3789 1254 3851; x_wconf 53' lang='lat' dir='ltr'><strong>essen</strong></span> <span class='ocrx_word' id='word_1_457' title='bbox 1290 3788 1366 3854; x_wconf 77' lang='lat' dir='ltr'><strong>Quae</strong></span> 
     </span>
     <span class='ocr_line' id='line_1_48' title="bbox 203 3854 1367 3925; baseline 0.001 -18"><span class='ocrx_word' id='word_1_458' title='bbox 203 3872 294 3924; x_wconf 80' lang='lat' dir='ltr'><strong>pauca</strong></span> <span class='ocrx_word' id='word_1_459' title='bbox 311 3857 432 3925; x_wconf 86' lang='lat' dir='ltr'><strong>protuli,</strong></span> <span class='ocrx_word' id='word_1_460' title='bbox 463 3865 498 3908; x_wconf 86' lang='lat' dir='ltr'><strong>ut</strong></span> <span class='ocrx_word' id='word_1_461' title='bbox 521 3854 712 3923; x_wconf 82' lang='lat' dir='ltr'><strong>supercilium</strong></span> <span class='ocrx_word' id='word_1_462' title='bbox 735 3862 823 3923; x_wconf 82' lang='lat' dir='ltr'><strong>ponat</strong></span> <span class='ocrx_word' id='word_1_463' title='bbox 842 3863 871 3907; x_wconf 87' lang='lat' dir='ltr'><strong>et</strong></span> <span class='ocrx_word' id='word_1_464' title='bbox 889 3873 918 3908; x_wconf 89' lang='lat' dir='ltr'><strong>se</strong></span> <span class='ocrx_word' id='word_1_465' title='bbox 936 3856 1026 3922; x_wconf 82' lang='lat' dir='ltr'><strong>norit,</strong></span> <span class='ocrx_word' id='word_1_466' title='bbox 1045 3873 1143 3924; x_wconf 81' lang='lat' dir='ltr'><strong>neque</strong></span> <span class='ocrx_word' id='word_1_467' title='bbox 1161 3857 1233 3910; x_wconf 84' lang='lat' dir='ltr'><strong>alios</strong></span> <span class='ocrx_word' id='word_1_468' title='bbox 1256 3859 1310 3924; x_wconf 81' lang='lat' dir='ltr'><strong>ita,</strong></span> <span class='ocrx_word' id='word_1_469' title='bbox 1334 3866 1367 3910; x_wconf 85' lang='lat' dir='ltr'><strong>ut</strong></span> 
     </span>
     <span class='ocr_line' id='line_1_49' title="bbox 202 3925 1367 3997; baseline 0.002 -19"><span class='ocrx_word' id='word_1_470' title='bbox 202 3927 286 3990; x_wconf 85' lang='lat' dir='ltr'><strong>solet,</strong></span> <span class='ocrx_word' id='word_1_471' title='bbox 313 3945 389 3997; x_wconf 84' lang='lat' dir='ltr'><strong>prae</strong></span> <span class='ocrx_word' id='word_1_472' title='bbox 404 3945 435 3979; x_wconf 85' lang='lat' dir='ltr'><strong>se</strong></span> <span class='ocrx_word' id='word_1_473' title='bbox 460 3926 609 3994; x_wconf 83' lang='lat' dir='ltr'><strong>despiciat,</strong></span> <span class='ocrx_word' id='word_1_474' title='bbox 632 3925 684 3977; x_wconf 87' lang='lat' dir='ltr'><strong>sed</strong></span> <span class='ocrx_word' id='word_1_475' title='bbox 710 3942 739 3976; x_wconf 88' lang='lat' dir='ltr'><strong>se</strong></span> <span class='ocrx_word' id='word_1_476' title='bbox 765 3941 877 3995; x_wconf 85' lang='lat' dir='ltr'><strong>qnoque</strong></span> <span class='ocrx_word' id='word_1_477' title='bbox 900 3927 1056 3980; x_wconf 88' lang='lat' dir='ltr'><strong>hominem.</strong></span> <span class='ocrx_word' id='word_1_478' title='bbox 1076 3945 1139 3980; x_wconf 84' lang='lat' dir='ltr'><strong>esse</strong></span> <span class='ocrx_word' id='word_1_479' title='bbox 1163 3927 1367 3984; x_wconf 75' lang='lat' dir='ltr'><strong>meminerit.⁴‘</strong></span> 
     </span>
     <span class='ocr_line' id='line_1_50' title="bbox 201 3994 1368 4068; baseline 0.002 -19"><span class='ocrx_word' id='word_1_480' title='bbox 201 3994 297 4052; x_wconf 67' lang='lat' dir='ltr'><strong>Lama</strong></span> <span class='ocrx_word' id='word_1_481' title='bbox 317 3999 464 4052; x_wconf 71' lang='lat' dir='ltr'><strong>Censen.</strong></span> <span class='ocrx_word' id='word_1_482' title='bbox 482 4031 503 4060; x_wconf 86' lang='lat'><strong>‚,</strong></span> <span class='ocrx_word' id='word_1_483' title='bbox 512 3995 678 4061; x_wconf 76' lang='lat' dir='ltr'><strong>Toleranda,</strong></span> <span class='ocrx_word' id='word_1_484' title='bbox 696 4004 731 4047; x_wconf 87' lang='lat' dir='ltr'><strong>ut</strong></span> <span class='ocrx_word' id='word_1_485' title='bbox 749 3995 840 4049; x_wconf 87' lang='lat' dir='ltr'><strong>edidit</strong></span> <span class='ocrx_word' id='word_1_486' title='bbox 866 3998 938 4049; x_wconf 88' lang='lat' dir='ltr'><strong>olim</strong></span> <span class='ocrx_word' id='word_1_487' title='bbox 955 3998 1268 4068; x_wconf 66' lang='lat' dir='ltr'><strong>Victorius7&#39;Gryphii</strong></span> <span class='ocrx_word' id='word_1_488' title='bbox 1293 4000 1368 4053; x_wconf 87' lang='lat' dir='ltr'><strong>liber</strong></span> 
     </span>
     <span class='ocr_line' id='line_1_51' title="bbox 201 4066 1368 4138; baseline 0.004 -18"><span class='ocrx_word' id='word_1_489' title='bbox 201 4066 303 4122; x_wconf 76' lang='lat' dir='ltr'><strong>babet:</strong></span> <span class='ocrx_word' id='word_1_490' title='bbox 344 4066 523 4136; x_wconf 78' lang='lat' dir='ltr'><strong>uaenptima</strong></span> <span class='ocrx_word' id='word_1_491' title='bbox 540 4067 658 4119; x_wconf 81' lang='lat' dir='ltr'><strong>videtur</strong></span> <span class='ocrx_word' id='word_1_492' title='bbox 675 4067 771 4122; x_wconf 87' lang='lat' dir='ltr'><strong>lectio.</strong></span> <span class='ocrx_word' id='word_1_493' title='bbox 808 4068 972 4138; x_wconf 81' lang='lat' dir='ltr'><strong>Respondet</strong></span> <span class='ocrx_word' id='word_1_494' title='bbox 997 4070 1075 4124; x_wconf 86' lang='lat' dir='ltr'><strong>enim</strong></span> <span class='ocrx_word' id='word_1_495' title='bbox 1096 4070 1314 4138; x_wconf 79' lang='lat' dir='ltr'><strong>&#39;superioribust</strong></span> <span class='ocrx_word' id='word_1_496' title='bbox 1340 4074 1368 4124; x_wconf 70' lang='lat' dir='ltr'><strong>el</strong></span> 
     </span>
     <span class='ocr_line' id='line_1_52' title="bbox 201 4137 1378 4215; baseline 0.002 -23"><span class='ocrx_word' id='word_1_497' title='bbox 201 4141 327 4193; x_wconf 72' lang='lat' dir='ltr'><strong>retram&#39;e&#39;</strong></span> <span class='ocrx_word' id='word_1_498' title='bbox 369 4137 497 4190; x_wconf 73' lang='lat' dir='ltr'><strong>anelmn</strong></span> <span class='ocrx_word' id='word_1_499' title='bbox 514 4139 644 4192; x_wconf 69' lang='lat' dir='ltr'><strong>uiderim</strong></span> <span class='ocrx_word' id='word_1_500' title='bbox 658 4154 748 4206; x_wconf 74' lang='lat' dir='ltr'><strong>aegre</strong></span> <span class='ocrx_word' id='word_1_501' title='bbox 765 4141 913 4205; x_wconf 73' lang='lat' dir='ltr'><strong>ferendum</strong></span> <span class='ocrx_word' id='word_1_502' title='bbox 928 4149 986 4193; x_wconf 84' lang='lat' dir='ltr'><strong>eto.</strong></span> <span class='ocrx_word' id='word_1_503' title='bbox 1023 4141 1143 4215; x_wconf 75' lang='lat' dir='ltr'><strong>Vulgari</strong></span> <span class='ocrx_word' id='word_1_504' title='bbox 1171 4141 1284 4202; x_wconf 73' lang='lat' dir='ltr'><strong>ecdem</strong></span> <span class='ocrx_word' id='word_1_505' title='bbox 1302 4156 1378 4212; x_wconf 32' lang='lat' dir='ltr'><strong>con·</strong></span> 
     </span>
     <span class='ocr_line' id='line_1_53' title="bbox 198 4209 1368 4278; baseline 0.001 -14"><span class='ocrx_word' id='word_1_506' title='bbox 198 4214 286 4264; x_wconf 74' lang='lat' dir='ltr'><strong>senta</strong></span> <span class='ocrx_word' id='word_1_507' title='bbox 304 4226 411 4272; x_wconf 85' lang='lat' dir='ltr'><strong>omnes,</strong></span> <span class='ocrx_word' id='word_1_508' title='bbox 430 4218 548 4278; x_wconf 83' lang='lat' dir='ltr'><strong>praeter</strong></span> <span class='ocrx_word' id='word_1_509' title='bbox 564 4211 736 4275; x_wconf 79' lang='lat' dir='ltr'><strong>Victoriam,</strong></span> <span class='ocrx_word' id='word_1_510' title='bbox 756 4211 878 4264; x_wconf 79' lang='lat' dir='ltr'><strong>tollenda</strong></span> <span class='ocrx_word' id='word_1_511' title='bbox 894 4209 1033 4265; x_wconf 78' lang='lat' dir='ltr'><strong>babent.“</strong></span> <span class='ocrx_word' id='word_1_512' title='bbox 1060 4213 1178 4265; x_wconf 75' lang='lat' dir='ltr'><strong>Bruaa.</strong></span> <span class='ocrx_word' id='word_1_513' title='bbox 1213 4213 1368 4276; x_wconf 69' lang='lat' dir='ltr'><strong>„Pertina-</strong></span> 
     </span>
     <span class='ocr_line' id='line_1_54' title="bbox 165 4279 1368 4350; baseline -0.001 -15"><span class='ocrx_word' id='word_1_514' title='bbox 165 4295 167 4299; x_wconf 88' lang='lat'>&#39;</span> <span class='ocrx_word' id='word_1_515' title='bbox 202 4283 322 4335; x_wconf 73' lang='lat' dir='ltr'><strong>cissime‘</strong></span> <span class='ocrx_word' id='word_1_516' title='bbox 336 4279 540 4349; x_wconf 75' lang='lat' dir='ltr'><strong>‘pra‘lectione</strong></span> <span class='ocrx_word' id='word_1_517' title='bbox 556 4281 679 4335; x_wconf 69' lang='lat' dir='ltr'><strong>tollenda</strong></span> <span class='ocrx_word' id='word_1_518' title='bbox 697 4281 819 4335; x_wconf 82' lang='lat' dir='ltr'><strong>dimicat</strong></span> <span class='ocrx_word' id='word_1_519' title='bbox 835 4282 1001 4350; x_wconf 80' lang='lat' dir='ltr'><strong>Lambinus,</strong></span> <span class='ocrx_word' id='word_1_520' title='bbox 1025 4283 1075 4336; x_wconf 88' lang='lat' dir='ltr'><strong>cui</strong></span> <span class='ocrx_word' id='word_1_521' title='bbox 1093 4285 1125 4335; x_wconf 89' lang='lat' dir='ltr'><strong>in</strong></span> <span class='ocrx_word' id='word_1_522' title='bbox 1140 4281 1304 4334; x_wconf 79' lang='lat' dir='ltr'><strong>subsidium</strong></span> <span class='ocrx_word' id='word_1_523' title='bbox 1319 4280 1368 4334; x_wconf 61' lang='grc' dir='ltr'><strong><em>ὦ</em></strong></span> 
     </span>
     <span class='ocr_line' id='line_1_55' title="bbox 201 4351 1368 4424; baseline 0.003 -20"><span class='ocrx_word' id='word_1_524' title='bbox 201 4354 325 4406; x_wconf 75' lang='lat' dir='ltr'><strong>veniunt</strong></span> <span class='ocrx_word' id='word_1_525' title='bbox 342 4351 412 4403; x_wconf 78' lang='lat' dir='ltr'><strong>Palb</strong></span> <span class='ocrx_word' id='word_1_526' title='bbox 437 4368 482 4420; x_wconf 86' lang='lat' dir='ltr'><strong>pr.</strong></span> <span class='ocrx_word' id='word_1_527' title='bbox 506 4368 561 4406; x_wconf 89' lang='lat' dir='ltr'><strong>sec.</strong></span> <span class='ocrx_word' id='word_1_528' title='bbox 585 4351 680 4423; x_wconf 70' lang='lat' dir='ltr'><strong>q&#39;uart</strong></span> <span class='ocrx_word' id='word_1_529' title='bbox 706 4353 816 4424; x_wconf 83' lang='lat' dir='ltr'><strong>reli-qni</strong></span> <span class='ocrx_word' id='word_1_530' title='bbox 844 4371 911 4407; x_wconf 89' lang='lat' dir='ltr'><strong>eum</strong></span> <span class='ocrx_word' id='word_1_531' title='bbox 929 4356 1014 4409; x_wconf 80' lang='lat' dir='ltr'><strong>Fabr.</strong></span> <span class='ocrx_word' id='word_1_532' title='bbox 1034 4356 1125 4408; x_wconf 82' lang='lat' dir='ltr'><strong>Vatia.</strong></span> <span class='ocrx_word' id='word_1_533' title='bbox 1150 4354 1304 4407; x_wconf 73' lang='lat' dir='ltr'><strong>toleranda</strong></span> <span class='ocrx_word' id='word_1_534' title='bbox 1320 4352 1368 4406; x_wconf 77' lang='lat' dir='ltr'><strong>vel</strong></span> 
     </span>
     <span class='ocr_line' id='line_1_56' title="bbox 129 4420 1367 4493; baseline 0 -17"><span class='ocrx_word' id='word_1_535' title='bbox 129 4436 148 4450; x_wconf 89' lang='lat'>·</span> <span class='ocrx_word' id='word_1_536' title='bbox 202 4421 391 4478; x_wconf 79' lang='lat' dir='ltr'><strong>tolleranda.“</strong></span> <span class='ocrx_word' id='word_1_537' title='bbox 406 4420 549 4477; x_wconf 69' lang='lat' dir='ltr'><strong>Gebhard.</strong></span> <span class='ocrx_word' id='word_1_538' title='bbox 587 4424 727 4491; x_wconf 79' lang='lat' dir='ltr'><strong>„Habent</strong></span> <span class='ocrx_word' id='word_1_539' title='bbox 748 4425 1025 4491; x_wconf 68' lang='lat' dir='ltr'><strong>atridem-nonnulli</strong></span> <span class='ocrx_word' id='word_1_540' title='bbox 1043 4427 1131 4482; x_wconf 78' lang='lat' dir='ltr'><strong>(lodd.</strong></span> <span class='ocrx_word' id='word_1_541' title='bbox 1151 4425 1312 4493; x_wconf 72' lang='lat' dir='ltr'><strong>toleranda,</strong></span> <span class='ocrx_word' id='word_1_542' title='bbox 1336 4424 1367 4477; x_wconf 91' lang='lat' dir='ltr'><strong>in</strong></span> 
     </span>
    </p>
   </div>
   <div class='ocr_carea' id='block_1_4' title="bbox 0 0 1426 5070">
    <p class='ocr_par' dir='ltr' id='par_1_4' title="bbox 0 0 1426 5070">
     <span class='ocr_line' id='line_1_57' title="bbox 0 0 1426 5070; baseline 0 0"><span class='ocrx_word' id='word_1_543' title='bbox 0 0 1426 5070; x_wconf 95' lang='lat' dir='ltr'><strong> </strong></span> 
     </span>
    </p>
   </div>
  </div>
 </body>
</html>
