2842 5070
187 297 228 360 m
377 291 608 357 ommoms
630 291 879 360 rosunum.
902 272 1134 361 oleronis.

138 469 139 473 ’
185 461 332 546 effigiem
354 460 504 538 virtutis,
535 458 594 523 sed
621 458 852 523 adumbratam
882 463 1061 548 imaginem
1081 465 1225 550 gloriae.
1279 465 1337 525 Est

185 545 274 607 onim
299 545 410 629 gloria
437 542 545 605 solida
583 543 743 624 quaedam
773 563 826 606 res
853 554 887 607 ct
913 564 1086 626 expressa,
1122 566 1189 609 non
1220 545 1335 609 adum-

184 626 298 691 bratus
330 646 369 689 ca
401 637 451 690 est
482 628 691 691 consantiens
720 628 791 688 laus
826 627 1005 706 bonorum,
1045 631 1242 711 incorrupta
1269 649 1335 691 vox

183 709 268 772 bone
296 707 515 771 iudicantium
543 706 584 770 de
612 710 957 773 excellentevirtuts=
989 729 1029 773 ea
1049 713 1172 773 virtuti
1199 721 1337 774 resonat

255 879 565 947 eminentemeffigiem
587 879 712 946 virtutis,
737 879 787 932 ssd
808 880 1004 934 adumbratum
1033 880 1188 948 imaginem
1205 875 1336 949 gloriae]

182 952 347 1020 „Emissos
365 951 475 1019 effigies
493 951 552 1005 <lici
570 959 669 1023 potest
686 951 802 1021 picture
820 953 861 1003 ita
880 968 1022 1022 expressa,
1041 959 1074 1004 nt
1093 960 1206 1006 exstare
1225 956 1336 1006 stemi-

183 1040 253 1078 nere
279 1023 424 1076 videatur:
453 1022 502 1076 sed
521 1022 703 1093 exsculptum
729 1023 918 1074 simulacrum
943 1023 1040 1092 potius
1067 1023 1116 1088 sit,
1142 1040 1208 1075 curn
1234 1024 1335 1094 paullo

183 1101 251 1166 post
269 1109 328 1147 sem
341 1093 469 1147 solidam
485 1093 575 1147 diost:
595 1111 661 1146 nam
681 1092 850 1146 adumbrata
869 1101 913 1146 est
931 1090 1168 1165 ἐσκιαγραφημένη
1188 1095 1207 1146 1.
1230 1113 1255 1147 e.
1274 1096 1336 1165 pri-

182 1167 239 1219 mis
265 1164 352 1218 lineis
376 1165 461 1218 ducta
487 1172 516 1217 et
542 1164 717 1219 delineata.“
746 1163 863 1220 Turnsb.
901 1162 1034 1218 Adversa.
1062 1165 1098 1219 11.
1124 1169 1150 1220 6.
1177 1183 1206 1235 p·
1226 1168 1271 1220 43.
1301 1196 1331 1206 -

183 1237 315 1291 Emissos
339 1242 391 1301 est,
415 1242 488 1311 quse
512 1244 580 1304 mon
608 1235 717 1287 dicitur
735 1249 876 1321 expresso.
903 1235 967 1288 Vid.
988 1232 1060 1287 Ern.
1082 1236 1162 1289 Glav.
1184 1235 1243 1289 Cic.
1264 1255 1286 1289 s.
1304 1235 1333 1291 b.

175 1305 564 1447 sustossoria
582 1304 932 1453 terestrium?
951 1304 1336 1443 vaizbiiuilb

181 1449 311 1503 virturis.
354 1449 420 1501 Non
453 1448 595 1502 virtutem
621 1456 827 1502 consectantur
853 1438 987 1501 homines
1012 1449 1168 1516 ambitiosi,
1197 1450 1246 1502 sed
1273 1451 1336 1525 glo-

65 1540 68 1544 ’
181 1521 272 1582 riam:
293 1520 343 1585 sed
360 1520 391 1573 et
428 1518 521 1583 loriae
539 1518 657 1572 nonnisi
675 1519 807 1572 umbram
826 1519 1036 1588 adipiscuntur,
1064 1521 1186 1573 virtutis
1215 1538 1252 1573 ne
1271 1539 1337 1573 um-

80 1610 84 1621 ¹
180 1590 263 1645 bram
282 1590 407 1661 quidem.
423 1590 432 1619 ‘
449 1588 579 1642 baumer.
616 1589 771 1655 „Virtutis
790 1597 832 1642 cst
849 1592 982 1658 prolecto
1001 1608 1017 1643 a
1034 1592 1195 1666 glossatore
1215 1609 1249 1645 ex
1268 1593 1335 1645 aliis

180 1661 254 1715 locis
272 1662 451 1731 adscriptum
471 1658 712 1729 delendumque.“
730 1663 798 1714 Em.
835 1660 921 1714 Plane
940 1660 1112 1726 deleverunt
1129 1662 1254 1726 virtutis,
1283 1662 1337 1715 Go-

182 1733 257 1786 diois
274 1733 362 1786 unius
378 1730 452 1800 Bffl·
472 1732 654 1797 auctoritate,
672 1732 814 1787 FAWolt.
835 1724 915 1788 Koel.
932 1730 1016 1790 scm.
1041 1735 1180 1805 probante
1199 1735 1257 1800 0r.,
1285 1734 1336 1804 qui

150 1824 152 1827 ·
182 1804 275 1870 „Nou
300 1805 389 1868 euim,
414 1804 464 1865 ait,
488 1802 616 1856 sufficiat
639 1803 753 1871 effigies
776 1803 1046 1876 uirtutis'sapienti,
1073 1806 1215 1858 virtutem
1242 1807 1336 1876 ipsam

183 1875 341 1946 expetenti.
378 1875 485 1928 Mirum
509 1881 606 1929 tamen
631 1876 750 1941 accidit,
775 1874 852 1946 quod
870 1876 984 1942 glorios
1006 1877 1087 1930 abest
1108 1896 1124 1930 a
1143 1877 1223 1930 held·
1248 1877 1336 1943 [refe-

181 1955 266 2000 rente
282 1944 449 2011 Bouhisrio,
469 1943 520 2016 qui
538 1946 606 1998 inde
624 1946 793 2021 corrigendi
817 1960 914 1998 ansam
932 1954 1034 1999 nactus
1059 1948 1113 2013 est]
1137 1956 1205 2018 post
1231 1947 1336 2014 imagi-

181 2016 275 2071 κακέ(
300 2018 392 2072 idem
409 2019 558 2070 attendere
577 2032 630 2069 nos
646 2014 725 2070 iubet
752 2017 788 2070 ad
806 2017 1020 2086 oppositionem
1038 2019 1194 2071 verborum
1223 2019 1336 2084 effigies

181 2105 207 2143 e·
226 2096 254 2146 t.
274 2092 382 2158 fingere
402 2085 625 2158 (plastisohe
642 2084 863 2142 Darstellnn
899 2087 911 2152 )
935 2095 964 2141 et
989 2087 1087 2154 imago
1114 2089 1143 2152 (a
1161 2097 1188 2142 r.
1209 2089 1335 2152 imiimi)

180 2166 392 2232 μσνόγραμμος,
412 2158 586 2222 adumbrata,
607 2160 802 2227 onsaypotpqma
817 2158 850 2200 ὲκ
869 2105 922 2210 ἑά.
942 2157 1015 2210 Tbn.
1034 2159 1200 2224 truncinis
1220 2160 1336 2227 quidem

182 2228 400 2286 circumscribit
422 2240 522 2283 vocem
547 2229 673 2282 virtutis:
700 2227 869 2282 iosmrecit
891 2229 923 2293 R,
944 2228 1077 2280 Klotsins
1105 2229 1137 2280 in
1156 2227 1257 2281 Jahnii
1276 2231 1335 2281 An·

181 2302 252 2356 nell.
274 2303 352 2365 18³2.
373 2303 395 2353 1.
417 2306 441 2354 1·.
461 2317 490 2369 p·
510 2302 554 2356 93.
591 2300 748 2353 lam'vero
772 2300 804 2352 in
829 2299 884 2353 Eo.
908 2298 1002 2352 ‘Laelii
1025 2299 1159 2351 Klotzius
1183 2316 1211 2369 p.
1232 2303 1267 2355 86
1292 2318 1334 2370 sq.

181 2386 238 2426 orso
256 2371 341 2426 locet
358 2371 387 2425 le
409 2366 515 2423 eninm
535 2385 604 2436 asse,
625 2380 793 2442 nun‘wtam,
820 2386 906 2436 „uon
925 2370 1013 2434 enim,
1032 2371 1082 2435 ait,
1109 2369 1140 2422 ld
1158 2378 1244 2444 urget
1264 2372 1337 2425 scri·

181 2450 259 2514 ptor,
277 2442 360 2497 illam
398 2447 551 2495 snectutem
576 2450 658 2494 onom
685 2456 753 2506 esse,
783 2458 869 2511 quam
887 2449 990 2494 natura
1016 2434 1156 2511 inquirat,
1182 2444 1231 2495 sed
1254 2456 1337 2496 unam

182 2521 314 2568 notorum
332 2526 402 2580 ests,
428 2524 501 2584 quae
528 2508 611 2566 illam
629 2512 811 2567 honestatem
838 2511 1000 2584 inquirat.“
1037 2513 1166 2582 „Neque
1194 2512 1336 2568 eiicienda

181 2596 240 2639 vox
257 2585 391 2638 uirtutiss
410 2598 473 2639 eom
489 2591 523 2646 et,
535 2580 698 2649 similitudo
717 2585 850 2653 requirit,
871 2602 926 2656 qna
945 2600 1013 2636 usus
1031 2591 1075 2637 est
1090 2583 1204 2650 Cicero,
1226 2595 1253 2638 et
1272 2602 1336 2637 ora·

182 2654 271 2710 tionis
291 2656 496 2727 sequuturae.
543 2655 736 2724 Opponuntur
769 2656 912 2731 imagines
944 2655 1065 2708 virtutis
1095 2663 1181 2727 atque
1215 2657 1335 2730 gloriae,

182 2733 422 2798 quaeqtanquam‘
429 2738 569 2797 personae
588 2731 860 2779 coinmemorantur.
898 2726 1028 2791 Virtutis,
1047 2718 1120 2779 oicit
1139 2723 1249 2791 cicero,
1270 2727 1337 2780 emi·

182 2805 297 2868 sebtem-
317 2797 442 2867 effigiem
460 2810 527 2850 cum
545 2809 661 2853 necesse
680 2799 720 2849 sit
737 2796 824 2851 conse
846 2799 885 2864 ui,
910 2797 999 2849 multi
1018 2799 1213 2850 udomsbrutcm
1231 2798 1337 2865 imagi·

182 2882 244 2923 nm
260 2864 376 2936 gloriosi
401 2880 471 2939 prae
496 2884 527 2920 ea
555 2864 792 2921 consectantur.“
840 2868 980 2932 oi-,Gueb
1008 2866 1094 2922 babet
1119 2870 1337 2934 obumbratum

182 2939 236 2994 uos
256 2941 306 2996 Pr.
325 2939 409 2992 Febr.
427 2939 594 3003 omimium,
624 2939 674 2993 sed
698 2937 730 2990 in
748 2945 840 3016 marg.
870 2945 903 2991 ut
921 2938 987 2993 rell·
1006 2937 1070 2992 Duo
1089 2939 1159 2992 Ouu.
1186 2948 1215 2994 et
1232 2941 1285 2993 Ed.
1306 2940 1334 2990 P.

182 3011 428 3080 imaginarum
448 3009 497 3062 Ox.
518 3009 630 3069 omittit
647 3010 809 3077 imaginem.
848 3012 904 3066 Mr.
1037 3022 1038 3026 ’
1096 3024 1100 3078 j
1141 3065 1143 3069 ,
1192 3025 1197 3039 “

192 3098 196 3103 ·
256 3081 400 3150 Emeum
415 3079 513 3149 glorio
531 3080 622 3134 solida
641 3081 780 3150 quaedam
795 3080 853 3148 res]
875 3083 983 3155 Vocem
1001 3081 1074 3136 mim
1091 3082 1203 3135 omittit
1216 3083 1290 3140 Gud.
1306 3087 1354 3147 23(

183 3166 285 3209 vocem
304 3152 398 3208 solido
421 3168 496 3204 unus
516 3151 567 3204 Ox.
595 3150 640 3205 Aa
664 3168 693 3204 ν.
718 3149 812 3205 solido
833 3170 862 3206 v.
881 3153 917 3207 G.
931 3154 1030 3206 Jacob·
1049 3153 1079 3204 in
1098 3151 1200 3206 Jahnii
1219 3154 1336 3206 Annall.

103 3272 105 3277 ,
133 3243 137 3253 “
184 3223 302 3280 Philull.
330 3232 361 3280 et
383 3223 523 3298 Paeiagg.
551 3226 627 3279 182⁷.
647 3223 684 3275 11.
713 3226 740 3278 3.
765 3241 794 3292 p.
813 3225 875 3282 328.
901 3224 969 3278 coll.
995 3225 1074 3278 18²8.
1093 3223 1146 3276 111.
1175 3227 1200 3278 2.
1227 3242 1255 3294 p.
1278 3228 1337 3278 139.

183 3296 217 3350 n.
238 3292 333 3362 Klotz.
359 3295 397 3349 ib.
427 3296 504 3351 lest.
524 3295 547 3346 1.
576 3299 599 3349 l.
619 3312 648 3365 p·
668 3298 704 3350 ou
720 3298 808 3351 -os
837 3293 974 3350 Ochsner.
999 3293 1035 3346 ad
1053 3293 1112 3345 Cic.
1131 3284 1197 3344 rel.
1221 3306 1253 3417 p
1276 3297 1337 3348 131).
1379 3365 1381 3369 ⁴

186 3368 229 3422 etl.
249 3371 275 3423 3.
304 3364 492 3423 Wernstlorf.
519 3365 554 3417 ad
573 3365 634 3419 Oic.
680 3380 713 3425 ro
731 3365 828 3420 Plano.
850 3366 891 3421 12.
916 3382 947 3434 p.
967 3366 1027 3421 leo.
1048 3363 1140 3416 Beier.
1166 3363 1201 3415 ad
1245 3366 1280 3416 ie.
1302 3364 1339 3417 de

185 3438 239 3493 off.
259 3439 315 3494 111.
337 3441 379 3494 17.
399 3439 490 3506 69.·Ρ.
510 3438 563 3492 3111
582 3455 623 3506 sq·
654 3437 731 3489 odd.
750 3440 826 3492 Mon.
848 3440 871 3491 1.
891 3438 917 3492 2.
936 3432 1043 3488 babent
1071 3433 1207 3500 quosdam
1226 3435 1337 3488 solido.-

69 3559 77 3567 .
195 3506 269 3562 'rior
286 3506 400 3562 omittit
418 3514 445 3560 et
464 3522 529 3559 cnm
548 3523 607 3561 uno
627 3508 677 3562 Ox.
698 3507 836 3567 etliebd.
873 3508 909 3559 ln
926 3505 983 3558 boo
1001 3502 1139 3556 scribitur
1167 3521 1219 3558 non
1239 3507 1337 3558 udum-

184 3526 269 3635 lrota
294 3593 426 3650 expresso
451 3576 534 3644 bueo
558 3586 607 3631 est.
642 3577 730 3632 lilarb.
749 3578 838 3632 habet
860 3594 913 3630 non
930 3575 1181 3630 ammiratum.
1209 3593 1248 3629 ea
1272 3589 1338 3629 con·

184 3659 254 3710 sent.
293 3654 328 3705 ln
348 3667 426 3721 seqq.
448 3648 516 3703 eod.
539 3648 612 3705 Gud.
633 3653 658 3706 2.
679 3649 790 3703 omittit
808 3651 883 3703 bene.
904 3647 979 3701 Gnd.
1000 3652 1029 3699 et
1046 3643 1146 3698 Duisb.
1166 3645 1272 3702 babent
1290 3665 1337 3700 ex-

185 3722 304 3779 cellenti.
329 3723 414 3776 Vino.
435 3727 461 3779 1.
487 3720 584 3791 quue
601 3733 656 3791 pro
674 3714 726 3774 Eo.
765 3721 843 3776 ΜΓ(
936 3754 939 3759 -

201 3798 204 3805 '
255 3796 355 3850 uirtuti
380 3799 495 3847 resonat
518 3798 648 3862 tuaquom
672 3791 769 3860 imago
796 3788 948 3858 gloriae
1002 3786 1114 3853 „Abest
1144 3805 1201 3842 vox
1224 3791 1340 3857 gloriae

184 3867 219 3924 ab
238 3868 367 3937 antiquo,
386 3870 521 3918 streete.
559 3864 650 3916 Varro
669 3862 701 3914 in
720 3863 752 3915 L.
773 3861 828 3917 111.
856 3859 890 3915 de
908 3860 941 3913 R.
988 3878 1039 3912 .c.
1060 3861 1100 3916 lu
1119 3859 1226 3915 'eodem
1253 3862 1338 3915 modo

185 3939 221 3993 ds
238 3937 339 4009 apibus
359 3931 451 3989 dixit}
470 3933 596 3988 Primum
613 3934 763 3987 secunaum
780 3932 888 3997 silium,
906 3929 1093 3998 potissimum,
1117 3933 1166 3987 sot
1189 3950 1244 3986 non
1261 3949 1340 3985 reso-

185 4015 249 4061 nent
267 4010 419 4074 imagines.
439 4004 491 4059 has
509 4007 595 4073 ἤχους
612 4004 754 4076 appellari
773 4001 937 4057 Columella
954 4003 1089 4057 scribit.“
1110 4003 1238 4058 Ursinus.
1265 4004 1340 4069 „Le-

186 4079 313 4163 gendum
337 4084 465 4145 tanquam
489 4075 587 4144 imago
611 4075 705 4141 voci,
740 4075 824 4129 libris
848 4073 981 4128 omnibns
1005 4075 1131 4129 invitis:
1168 4090 1261 4142 neque
1289 4090 1338 4126 me

185 4157 286 4213 movet
304 4147 337 4202 A.
356 4146 485 4201 ‘l'uruebi
513 4146 673 4199 auctoritas
694 4146 782 4200 aliter
800 4146 962 4200 sentientis.
992 4148 1064 4217 quid
1085 4146 1164 4200 enim
1189 4143 1338 4197 absurdius

186 4219 246 4274 dici
259 4216 364 4291 potest,
383 4234 486 4288 quam:
509 4216 609 4285 gloria
627 4216 729 4288 osfrtuti
746 4223 871 4283 resonat,
891 4223 1020 4287 tanquam
1037 4219 1134 4284 imago
1151 4213 1265 4282 glorios
1284 4213 1338 4266 ...²

187 4290 262 4362 Quid
282 4292 307 4344 si
325 4305 419 4360 neque
437 4288 553 4360 glorias
570 4305 665 4360 neque
683 4287 744 4342 voci
761 4288 861 4343 debeat
879 4288 1023 4343 adscribi?
1050 4289 1099 4342 sed
1123 4289 1165 4338 ita
1189 4286 1251 4361 legi
1270 4288 1339 4339 sim·

185 4362 322 4434 pliciter:
348 4367 481 4428 tanquam
504 4359 598 4427 imago
619 4360 673 4412 —i
706 4378 793 4432 supra
816 4361 848 4414 L.
867 4361 890 4413 1.
915 4359 1064 4424 Virtutem,
1101 4357 1208 4427 inquit,
1241 4357 1340 4426 glorio

186 4443 318 4505 tuaquom
334 4432 433 4488 umbra
450 4430 583 4500 sequitur.
605 4431 657 4501 qui
668 4431 756 4488 'locus
774 4449 822 4489 me
840 4433 977 4488 admonet
992 4430 1041 4484 hic
1060 4428 1339 4504 quoqnelegendum
