<?xml version="1.0" encoding="UTF-8"?>
<!DOCTYPE html PUBLIC "-//W3C//DTD XHTML 1.0 Transitional//EN"
    "http://www.w3.org/TR/xhtml1/DTD/xhtml1-transitional.dtd">
<html xmlns="http://www.w3.org/1999/xhtml" xml:lang="en" lang="en">
 <head>
  <title>
</title>
<meta http-equiv="Content-Type" content="text/html;charset=utf-8" />
  <meta name='ocr-system' content='tesseract 3.04.00' />
  <meta name='ocr-capabilities' content='ocr_page ocr_carea ocr_par ocr_line ocrx_word'/>
</head>
<body>
  <div class='ocr_page' id='page_1' title='image "./mtulliiciceroni00davigoog_0221.png"; bbox 0 0 2842 5070; ppageno 0'>
   <div class='ocr_carea' id='block_1_1' title="bbox 196 302 1147 425">
    <p class='ocr_par' dir='ltr' id='par_1_1' title="bbox 196 302 1147 425">
     <span class='ocr_line' id='line_1_1' title="bbox 196 302 1147 425; baseline 0.001 -37"><span class='ocrx_word' id='word_1_1' title='bbox 196 321 261 398; x_wconf 79' lang='lat' dir='ltr'><strong>an</strong></span> <span class='ocrx_word' id='word_1_2' title='bbox 396 302 896 425; x_wconf 78' lang='lat' dir='ltr'><strong>c1cnnon1slruscumn.</strong></span> <span class='ocrx_word' id='word_1_3' title='bbox 917 320 1147 389; x_wconf 75' lang='lat' dir='ltr'><strong>nuruum.</strong></span> 
     </span>
    </p>
   </div>
   <div class='ocr_carea' id='block_1_2' title="bbox 198 486 1352 574">
    <p class='ocr_par' dir='ltr' id='par_1_2' title="bbox 198 486 1352 574">
     <span class='ocr_line' id='line_1_2' title="bbox 198 486 1352 574; baseline -0.001 -19"><span class='ocrx_word' id='word_1_4' title='bbox 198 509 254 556; x_wconf 90' lang='lat' dir='ltr'><strong>sae</strong></span> <span class='ocrx_word' id='word_1_5' title='bbox 274 487 475 574; x_wconf 83' lang='lat' dir='ltr'><strong>suscipiendi</strong></span> <span class='ocrx_word' id='word_1_6' title='bbox 496 486 637 552; x_wconf 86' lang='lat' dir='ltr'><strong>doloris..</strong></span> <span class='ocrx_word' id='word_1_7' title='bbox 687 488 836 550; x_wconf 89' lang='lat' dir='ltr'><strong>Primum</strong></span> <span class='ocrx_word' id='word_1_8' title='bbox 858 489 917 550; x_wconf 90' lang='lat' dir='ltr'><strong>illa</strong></span> <span class='ocrx_word' id='word_1_9' title='bbox 938 489 1052 572; x_wconf 87' lang='lat' dir='ltr'><strong>opinio</strong></span> <span class='ocrx_word' id='word_1_10' title='bbox 1073 489 1165 567; x_wconf 89' lang='lat' dir='ltr'><strong>mali,</strong></span> <span class='ocrx_word' id='word_1_11' title='bbox 1187 507 1254 570; x_wconf 89' lang='lat' dir='ltr'><strong>quo</strong></span> <span class='ocrx_word' id='word_1_12' title='bbox 1277 489 1352 554; x_wconf 85' lang='lat' dir='ltr'><strong>viso</strong></span> 
     </span>
    </p>
   </div>
   <div class='ocr_carea' id='block_1_3' title="bbox 92 569 1353 655">
    <p class='ocr_par' dir='ltr' id='par_1_3' title="bbox 92 569 1353 655">
     <span class='ocr_line' id='line_1_3' title="bbox 92 569 1353 655; baseline 0.001 -21"><span class='ocrx_word' id='word_1_13' title='bbox 92 640 96 647; x_wconf 78' lang='lat'>,</span> <span class='ocrx_word' id='word_1_14' title='bbox 197 582 297 654; x_wconf 89' lang='lat' dir='ltr'><strong>atque</strong></span> <span class='ocrx_word' id='word_1_15' title='bbox 317 589 478 653; x_wconf 87' lang='lat' dir='ltr'><strong>persuaso</strong></span> <span class='ocrx_word' id='word_1_16' title='bbox 499 569 675 655; x_wconf 77' lang='lat' dir='ltr'><strong>aegritudo</strong></span> <span class='ocrx_word' id='word_1_17' title='bbox 691 573 883 652; x_wconf 88' lang='lat' dir='ltr'><strong>insequitur</strong></span> <span class='ocrx_word' id='word_1_18' title='bbox 891 574 1094 636; x_wconf 84' lang='lat' dir='ltr'><strong>necessario:</strong></span> <span class='ocrx_word' id='word_1_19' title='bbox 1118 571 1238 633; x_wconf 86' lang='lat' dir='ltr'><strong>deinde</strong></span> <span class='ocrx_word' id='word_1_20' title='bbox 1251 575 1353 635; x_wconf 85' lang='lat' dir='ltr'><strong>etiam</strong></span> 
     </span>
    </p>
   </div>
   <div class='ocr_carea' id='block_1_4' title="bbox 124 654 1355 896">
    <p class='ocr_par' dir='ltr' id='par_1_4' title="bbox 124 654 1355 896">
     <span class='ocr_line' id='line_1_4' title="bbox 124 654 1354 741; baseline 0.001 -26"><span class='ocrx_word' id='word_1_21' title='bbox 124 711 127 714; x_wconf 77' lang='grc'><strong><em>,</em></strong></span> <span class='ocrx_word' id='word_1_22' title='bbox 196 663 332 741; x_wconf 89' lang='lat' dir='ltr'><strong>gratum</strong></span> <span class='ocrx_word' id='word_1_23' title='bbox 353 657 497 715; x_wconf 87' lang='lat' dir='ltr'><strong>mortuis</strong></span> <span class='ocrx_word' id='word_1_24' title='bbox 519 657 696 729; x_wconf 82' lang='lat' dir='ltr'><strong>sefacere,</strong></span> <span class='ocrx_word' id='word_1_25' title='bbox 718 654 748 714; x_wconf 89' lang='lat' dir='ltr'><strong>si</strong></span> <span class='ocrx_word' id='word_1_26' title='bbox 768 656 922 738; x_wconf 79' lang='lat' dir='ltr'><strong>graviter</strong></span> <span class='ocrx_word' id='word_1_27' title='bbox 943 673 998 715; x_wconf 89' lang='lat' dir='ltr'><strong>eos</strong></span> <span class='ocrx_word' id='word_1_28' title='bbox 1017 655 1163 739; x_wconf 76' lang='lat' dir='ltr'>lugeant,</span> <span class='ocrx_word' id='word_1_29' title='bbox 1184 655 1354 716; x_wconf 85' lang='lat' dir='ltr'><strong>arbitran·</strong></span> 
     </span>
     <span class='ocr_line' id='line_1_5' title="bbox 196 734 1355 816; baseline 0.001 -19"><span class='ocrx_word' id='word_1_30' title='bbox 196 745 265 801; x_wconf 88' lang='lat' dir='ltr'><strong>tur.</strong></span> <span class='ocrx_word' id='word_1_31' title='bbox 316 735 452 798; x_wconf 76' lang='lat' dir='ltr'><strong>Accedit</strong></span> <span class='ocrx_word' id='word_1_32' title='bbox 487 737 694 816; x_wconf 86' lang='lat' dir='ltr'><strong>superstitio</strong></span> <span class='ocrx_word' id='word_1_33' title='bbox 723 735 898 798; x_wconf 85' lang='lat' dir='ltr'><strong>muliebris</strong></span> <span class='ocrx_word' id='word_1_34' title='bbox 937 734 1115 816; x_wconf 81' lang='lat' dir='ltr'>quaedam:</span> <span class='ocrx_word' id='word_1_35' title='bbox 1162 738 1355 798; x_wconf 81' lang='lat' dir='ltr'><strong>existimant</strong></span> 
     </span>
     <span class='ocr_line' id='line_1_6' title="bbox 197 816 1354 896; baseline -0.002 -14"><span class='ocrx_word' id='word_1_36' title='bbox 197 821 288 882; x_wconf 90' lang='lat' dir='ltr'><strong>enim</strong></span> <span class='ocrx_word' id='word_1_37' title='bbox 315 816 380 881; x_wconf 91' lang='lat' dir='ltr'><strong>diis</strong></span> <span class='ocrx_word' id='word_1_38' title='bbox 409 818 657 880; x_wconf 87' lang='lat' dir='ltr'><strong>immortalibus</strong></span> <span class='ocrx_word' id='word_1_39' title='bbox 684 838 720 879; x_wconf 85' lang='lat' dir='ltr'><strong>ss</strong></span> <span class='ocrx_word' id='word_1_40' title='bbox 746 818 877 878; x_wconf 82' lang='lat' dir='ltr'><strong>facilius</strong></span> <span class='ocrx_word' id='word_1_41' title='bbox 905 820 1146 896; x_wconf 78' lang='lat' dir='ltr'><strong>satisfacturos,</strong></span> <span class='ocrx_word' id='word_1_42' title='bbox 1177 819 1207 880; x_wconf 90' lang='lat' dir='ltr'><strong>si</strong></span> <span class='ocrx_word' id='word_1_43' title='bbox 1235 838 1354 880; x_wconf 85' lang='lat' dir='ltr'><strong>eornm</strong></span> 
     </span>
    </p>
   </div>
   <div class='ocr_carea' id='block_1_5' title="bbox 196 985 1354 1341">
    <p class='ocr_par' dir='ltr' id='par_1_5' title="bbox 196 985 1354 1341">
     <span class='ocr_line' id='line_1_7' title="bbox 196 985 1354 1071; baseline -0.001 -28"><span class='ocrx_word' id='word_1_44' title='bbox 196 1007 235 1043; x_wconf 88' lang='lat' dir='ltr'><strong>sc.</strong></span> <span class='ocrx_word' id='word_1_45' title='bbox 262 987 323 1071; x_wconf 80' lang='lat' dir='ltr'><strong>puis</strong></span> <span class='ocrx_word' id='word_1_46' title='bbox 341 994 397 1041; x_wconf 87' lang='lat' dir='ltr'><strong>tum</strong></span> <span class='ocrx_word' id='word_1_47' title='bbox 424 989 535 1041; x_wconf 84' lang='lat' dir='ltr'><strong>demens</strong></span> <span class='ocrx_word' id='word_1_48' title='bbox 553 985 598 1051; x_wconf 92' lang='lat'><strong>—)</strong></span> <span class='ocrx_word' id='word_1_49' title='bbox 627 987 739 1042; x_wconf 87' lang='lat' dir='ltr'><strong>Nissen.</strong></span> <span class='ocrx_word' id='word_1_50' title='bbox 777 988 819 1041; x_wconf 86' lang='lat' dir='ltr'><strong>Et</strong></span> <span class='ocrx_word' id='word_1_51' title='bbox 836 987 978 1056; x_wconf 75' lang='lat' dir='ltr'><strong>posterius</strong></span> <span class='ocrx_word' id='word_1_52' title='bbox 1004 987 1121 1055; x_wconf 87' lang='lat' dir='ltr'><strong>quidem</strong></span> <span class='ocrx_word' id='word_1_53' title='bbox 1148 996 1237 1040; x_wconf 88' lang='lat' dir='ltr'><strong>recte.</strong></span> <span class='ocrx_word' id='word_1_54' title='bbox 1274 989 1354 1042; x_wconf 87' lang='lat' dir='ltr'><strong>Dicit</strong></span> 
     </span>
     <span class='ocr_line' id='line_1_8' title="bbox 197 1058 1353 1129; baseline 0 -17"><span class='ocrx_word' id='word_1_55' title='bbox 197 1060 353 1112; x_wconf 77' lang='lat' dir='ltr'><strong>nimirum:</strong></span> <span class='ocrx_word' id='word_1_56' title='bbox 384 1058 571 1129; x_wconf 83' lang='lat' dir='ltr'><strong>Peripatetici</strong></span> <span class='ocrx_word' id='word_1_57' title='bbox 600 1075 698 1111; x_wconf 89' lang='lat' dir='ltr'><strong>secum</strong></span> <span class='ocrx_word' id='word_1_58' title='bbox 721 1076 760 1128; x_wconf 87' lang='lat' dir='ltr'><strong>pu</strong></span> <span class='ocrx_word' id='word_1_59' title='bbox 782 1067 861 1110; x_wconf 89' lang='lat' dir='ltr'><strong>nant.</strong></span> <span class='ocrx_word' id='word_1_60' title='bbox 907 1058 960 1122; x_wconf 87' lang='lat' dir='ltr'><strong>Qui</strong></span> <span class='ocrx_word' id='word_1_61' title='bbox 986 1058 1065 1110; x_wconf 91' lang='lat' dir='ltr'><strong>enim</strong></span> <span class='ocrx_word' id='word_1_62' title='bbox 1090 1058 1192 1111; x_wconf 89' lang='lat' dir='ltr'><strong>dicunt</strong></span> <span class='ocrx_word' id='word_1_63' title='bbox 1219 1067 1353 1112; x_wconf 83' lang='lat' dir='ltr'><strong>naturam</strong></span> 
     </span>
     <span class='ocr_line' id='line_1_9' title="bbox 197 1127 1353 1204; baseline -0.003 -20"><span class='ocrx_word' id='word_1_64' title='bbox 197 1127 461 1191; x_wconf 83' lang='lat' dir='ltr'><strong>afferredolorem,</strong></span> <span class='ocrx_word' id='word_1_65' title='bbox 481 1127 570 1180; x_wconf 89' lang='lat' dir='ltr'><strong>iidem</strong></span> <span class='ocrx_word' id='word_1_66' title='bbox 588 1130 737 1204; x_wconf 85' lang='lat' dir='ltr'><strong>graviores</strong></span> <span class='ocrx_word' id='word_1_67' title='bbox 769 1137 886 1182; x_wconf 90' lang='lat' dir='ltr'><strong>atentur</strong></span> <span class='ocrx_word' id='word_1_68' title='bbox 903 1128 1010 1198; x_wconf 86' lang='lat' dir='ltr'><strong>suscipi</strong></span> <span class='ocrx_word' id='word_1_69' title='bbox 1033 1129 1238 1203; x_wconf 75' lang='lat' dir='ltr'><strong>aegritudines,</strong></span> <span class='ocrx_word' id='word_1_70' title='bbox 1266 1148 1353 1199; x_wconf 87' lang='lat' dir='ltr'><strong>quam</strong></span> 
     </span>
     <span class='ocr_line' id='line_1_10' title="bbox 197 1199 1353 1274; baseline 0.001 -21"><span class='ocrx_word' id='word_1_71' title='bbox 197 1210 302 1253; x_wconf 86' lang='lat' dir='ltr'><strong>natura</strong></span> <span class='ocrx_word' id='word_1_72' title='bbox 320 1216 353 1252; x_wconf 90' lang='lat' dir='ltr'><strong>co</strong></span> <span class='ocrx_word' id='word_1_73' title='bbox 374 1207 412 1252; x_wconf 89' lang='lat' dir='ltr'><strong>at.</strong></span> <span class='ocrx_word' id='word_1_74' title='bbox 449 1201 552 1252; x_wconf 90' lang='lat' dir='ltr'><strong>Nonne</strong></span> <span class='ocrx_word' id='word_1_75' title='bbox 577 1199 670 1274; x_wconf 84' lang='lat' dir='ltr'><strong>igitur</strong></span> <span class='ocrx_word' id='word_1_76' title='bbox 692 1200 779 1263; x_wconf 89' lang='lat' dir='ltr'><strong>idem,</strong></span> <span class='ocrx_word' id='word_1_77' title='bbox 804 1200 881 1269; x_wconf 91' lang='lat' dir='ltr'><strong>quod</strong></span> <span class='ocrx_word' id='word_1_78' title='bbox 906 1199 953 1251; x_wconf 90' lang='lat' dir='ltr'><strong>illi</strong></span> <span class='ocrx_word' id='word_1_79' title='bbox 973 1200 1185 1268; x_wconf 84' lang='lat' dir='ltr'><strong>quaesiverunt,</strong></span> <span class='ocrx_word' id='word_1_80' title='bbox 1211 1218 1353 1271; x_wconf 78' lang='lat' dir='ltr'><strong>quaerere</strong></span> 
     </span>
     <span class='ocr_line' id='line_1_11' title="bbox 198 1218 1353 1341; baseline -0.002 -16"><span class='ocrx_word' id='word_1_81' title='bbox 198 1289 236 1325; x_wconf 82' lang='lat' dir='ltr'><strong>ex</strong></span> <span class='ocrx_word' id='word_1_82' title='bbox 262 1272 298 1322; x_wconf 89' lang='lat' dir='ltr'><strong>iis</strong></span> <span class='ocrx_word' id='word_1_83' title='bbox 322 1218 401 1322; x_wconf 50' lang='lat' dir='ltr'><strong>noffiis</strong></span> <span class='ocrx_word' id='word_1_84' title='bbox 424 1270 514 1323; x_wconf 80' lang='lat' dir='ltr'><strong>licet?</strong></span> <span class='ocrx_word' id='word_1_85' title='bbox 534 1297 566 1308; x_wconf 87' lang='lat'>-</span> <span class='ocrx_word' id='word_1_86' title='bbox 604 1271 665 1322; x_wconf 89' lang='lat' dir='ltr'><strong>lam</strong></span> <span class='ocrx_word' id='word_1_87' title='bbox 689 1270 788 1323; x_wconf 83' lang='lat' dir='ltr'><strong>Codici</strong></span> <span class='ocrx_word' id='word_1_88' title='bbox 814 1270 914 1324; x_wconf 89' lang='lat' dir='ltr'><strong>Ursini</strong></span> <span class='ocrx_word' id='word_1_89' title='bbox 938 1269 1049 1322; x_wconf 90' lang='lat' dir='ltr'><strong>accedit</strong></span> <span class='ocrx_word' id='word_1_90' title='bbox 1079 1271 1205 1341; x_wconf 85' lang='lat' dir='ltr'><strong>optimus</strong></span> <span class='ocrx_word' id='word_1_91' title='bbox 1230 1272 1305 1324; x_wconf 90' lang='lat' dir='ltr'><strong>Gud.</strong></span> <span class='ocrx_word' id='word_1_92' title='bbox 1326 1274 1353 1325; x_wconf 86' lang='lat' dir='ltr'><strong>l.</strong></span> 
     </span>
    </p>
   </div>
   <div class='ocr_carea' id='block_1_6' title="bbox 92 1337 1353 1412">
    <p class='ocr_par' dir='ltr' id='par_1_6' title="bbox 92 1337 1353 1412">
     <span class='ocr_line' id='line_1_12' title="bbox 92 1337 1353 1412; baseline -0.001 -18"><span class='ocrx_word' id='word_1_93' title='bbox 92 1397 94 1401; x_wconf 56' lang='grc'>,</span> <span class='ocrx_word' id='word_1_94' title='bbox 198 1343 327 1412; x_wconf 86' lang='lat' dir='ltr'><strong>itemque</strong></span> <span class='ocrx_word' id='word_1_95' title='bbox 346 1340 420 1394; x_wconf 89' lang='lat' dir='ltr'><strong>Gud.</strong></span> <span class='ocrx_word' id='word_1_96' title='bbox 439 1342 621 1411; x_wconf 69' lang='lat' dir='ltr'><strong>Reepperunt</strong></span> <span class='ocrx_word' id='word_1_97' title='bbox 639 1337 712 1404; x_wconf 83' lang='lat' dir='ltr'><strong>iliis,</strong></span> <span class='ocrx_word' id='word_1_98' title='bbox 731 1348 796 1410; x_wconf 86' lang='lat' dir='ltr'><strong>post</strong></span> <span class='ocrx_word' id='word_1_99' title='bbox 813 1339 894 1406; x_wconf 71' lang='lat' dir='ltr'><strong>Dav,</strong></span> <span class='ocrx_word' id='word_1_100' title='bbox 921 1340 1066 1395; x_wconf 84' lang='lat' dir='ltr'><strong>FAWolf.</strong></span> <span class='ocrx_word' id='word_1_101' title='bbox 1087 1340 1173 1394; x_wconf 84' lang='lat' dir='ltr'><strong>Schz.</strong></span> <span class='ocrx_word' id='word_1_102' title='bbox 1193 1342 1239 1394; x_wconf 85' lang='lat' dir='ltr'><strong>Or.</strong></span> <span class='ocrx_word' id='word_1_103' title='bbox 1256 1341 1353 1396; x_wconf 75' lang='lat' dir='ltr'><strong>Nobis.</strong></span> 
     </span>
    </p>
   </div>
   <div class='ocr_carea' id='block_1_7' title="bbox 155 1410 1355 1694">
    <p class='ocr_par' dir='ltr' id='par_1_7' title="bbox 155 1410 1355 1694">
     <span class='ocr_line' id='line_1_13' title="bbox 198 1410 1354 1482; baseline -0.002 -17"><span class='ocrx_word' id='word_1_104' title='bbox 198 1411 272 1465; x_wconf 79' lang='lat' dir='ltr'><strong>Tbn.</strong></span> <span class='ocrx_word' id='word_1_105' title='bbox 300 1411 431 1482; x_wconf 85' lang='lat' dir='ltr'><strong>probavit</strong></span> <span class='ocrx_word' id='word_1_106' title='bbox 457 1411 534 1464; x_wconf 86' lang='lat' dir='ltr'><strong>idem</strong></span> <span class='ocrx_word' id='word_1_107' title='bbox 560 1410 618 1463; x_wconf 84' lang='lat' dir='ltr'><strong>iam</strong></span> <span class='ocrx_word' id='word_1_108' title='bbox 640 1410 730 1464; x_wconf 86' lang='lat' dir='ltr'><strong>Bouh.</strong></span> <span class='ocrx_word' id='word_1_109' title='bbox 760 1436 795 1450; x_wconf 93' lang='lat'><strong>··</strong></span> <span class='ocrx_word' id='word_1_110' title='bbox 830 1413 885 1464; x_wconf 90' lang='lat' dir='ltr'><strong>Pro</strong></span> <span class='ocrx_word' id='word_1_111' title='bbox 904 1427 1007 1480; x_wconf 80' lang='lat' dir='ltr'><strong>quoque</strong></span> <span class='ocrx_word' id='word_1_112' title='bbox 1025 1429 1099 1462; x_wconf 90' lang='lat' dir='ltr'><strong>unus</strong></span> <span class='ocrx_word' id='word_1_113' title='bbox 1118 1413 1167 1465; x_wconf 86' lang='lat' dir='ltr'><strong>Ox.</strong></span> <span class='ocrx_word' id='word_1_114' title='bbox 1187 1411 1272 1465; x_wconf 85' lang='lat' dir='ltr'><strong>habet</strong></span> <span class='ocrx_word' id='word_1_115' title='bbox 1291 1412 1354 1482; x_wconf 79' lang='lat' dir='ltr'><strong>qui-</strong></span> 
     </span>
     <span class='ocr_line' id='line_1_14' title="bbox 155 1480 1355 1553; baseline -0.002 -17"><span class='ocrx_word' id='word_1_116' title='bbox 155 1502 157 1506; x_wconf 91' lang='lat'>·</span> <span class='ocrx_word' id='word_1_117' title='bbox 198 1484 273 1536; x_wconf 87' lang='lat' dir='ltr'><strong>dem:</strong></span> <span class='ocrx_word' id='word_1_118' title='bbox 293 1483 366 1535; x_wconf 89' lang='lat' dir='ltr'><strong>alius</strong></span> <span class='ocrx_word' id='word_1_119' title='bbox 385 1482 496 1548; x_wconf 80' lang='lat' dir='ltr'><strong>omittit</strong></span> <span class='ocrx_word' id='word_1_120' title='bbox 514 1482 611 1534; x_wconf 84' lang='lat' dir='ltr'><strong>omnia</strong></span> <span class='ocrx_word' id='word_1_121' title='bbox 629 1482 696 1534; x_wconf 88' lang='lat' dir='ltr'><strong>inde</strong></span> <span class='ocrx_word' id='word_1_122' title='bbox 713 1482 746 1534; x_wconf 80' lang='lat' dir='ltr'><strong>ab</strong></span> <span class='ocrx_word' id='word_1_123' title='bbox 764 1480 838 1534; x_wconf 82' lang='lat' dir='ltr'><strong>idetn</strong></span> <span class='ocrx_word' id='word_1_124' title='bbox 861 1499 952 1550; x_wconf 91' lang='lat' dir='ltr'><strong>usque</strong></span> <span class='ocrx_word' id='word_1_125' title='bbox 977 1482 1012 1533; x_wconf 91' lang='lat' dir='ltr'><strong>ad</strong></span> <span class='ocrx_word' id='word_1_126' title='bbox 1030 1499 1091 1551; x_wconf 79' lang='lat' dir='ltr'><strong>quo.</strong></span> <span class='ocrx_word' id='word_1_127' title='bbox 1129 1484 1164 1535; x_wconf 89' lang='lat' dir='ltr'><strong>ln</strong></span> <span class='ocrx_word' id='word_1_128' title='bbox 1188 1501 1266 1552; x_wconf 84' lang='lat' dir='ltr'><strong>seqq.</strong></span> <span class='ocrx_word' id='word_1_129' title='bbox 1287 1500 1355 1553; x_wconf 89' lang='lat' dir='ltr'><strong>per-</strong></span> 
     </span>
     <span class='ocr_line' id='line_1_15' title="bbox 220 1552 1354 1623; baseline 0.001 -17"><span class='ocrx_word' id='word_1_130' title='bbox 220 1554 244 1606; x_wconf 91' lang='lat' dir='ltr'><strong>it</strong></span> <span class='ocrx_word' id='word_1_131' title='bbox 262 1555 293 1605; x_wconf 92' lang='lat' dir='ltr'><strong>in</strong></span> <span class='ocrx_word' id='word_1_132' title='bbox 311 1553 472 1605; x_wconf 83' lang='lat' dir='ltr'><strong>refutandis</strong></span> <span class='ocrx_word' id='word_1_133' title='bbox 488 1552 686 1622; x_wconf 85' lang='lat' dir='ltr'><strong>Peripateticis</strong></span> <span class='ocrx_word' id='word_1_134' title='bbox 704 1553 825 1618; x_wconf 83' lang='lat' dir='ltr'><strong>Marcus,</strong></span> <span class='ocrx_word' id='word_1_135' title='bbox 844 1569 915 1622; x_wconf 89' lang='lat' dir='ltr'><strong>quos</strong></span> <span class='ocrx_word' id='word_1_136' title='bbox 933 1552 988 1614; x_wconf 78' lang='lat' dir='ltr'><strong>sibi</strong></span> <span class='ocrx_word' id='word_1_137' title='bbox 1006 1569 1106 1623; x_wconf 87' lang='lat' dir='ltr'><strong>parum</strong></span> <span class='ocrx_word' id='word_1_138' title='bbox 1125 1561 1255 1606; x_wconf 87' lang='lat' dir='ltr'><strong>constare</strong></span> <span class='ocrx_word' id='word_1_139' title='bbox 1270 1553 1354 1607; x_wconf 91' lang='lat' dir='ltr'><strong>modo</strong></span> 
     </span>
     <span class='ocr_line' id='line_1_16' title="bbox 198 1571 1355 1694; baseline -0.003 -15"><span class='ocrx_word' id='word_1_140' title='bbox 198 1571 414 1679; x_wconf 62' lang='lat' dir='ltr'><strong>demonstrarit.</strong></span> <span class='ocrx_word' id='word_1_141' title='bbox 452 1620 556 1691; x_wconf 72' lang='lat' dir='ltr'><strong>Opinio</strong></span> <span class='ocrx_word' id='word_1_142' title='bbox 581 1623 650 1677; x_wconf 86' lang='lat' dir='ltr'><strong>muli</strong></span> <span class='ocrx_word' id='word_1_143' title='bbox 674 1639 728 1693; x_wconf 87' lang='lat' dir='ltr'><strong>per</strong></span> <span class='ocrx_word' id='word_1_144' title='bbox 755 1623 1016 1692; x_wconf 85' lang='lat' dir='ltr'><strong>breviloquentiam</strong></span> <span class='ocrx_word' id='word_1_145' title='bbox 1040 1622 1150 1675; x_wconf 86' lang='lat' dir='ltr'><strong>dicitur</strong></span> <span class='ocrx_word' id='word_1_146' title='bbox 1175 1640 1228 1694; x_wconf 89' lang='lat' dir='ltr'><strong>pro</strong></span> <span class='ocrx_word' id='word_1_147' title='bbox 1256 1615 1355 1692; x_wconf 81' lang='lat' dir='ltr'><strong>opinio</strong></span> 
     </span>
    </p>
   </div>
   <div class='ocr_carea' id='block_1_8' title="bbox 87 1688 1353 1765">
    <p class='ocr_par' dir='ltr' id='par_1_8' title="bbox 87 1688 1353 1765">
     <span class='ocr_line' id='line_1_17' title="bbox 87 1688 1353 1765; baseline -0.003 -16"><span class='ocrx_word' id='word_1_148' title='bbox 87 1741 90 1749; x_wconf 80' lang='grc'>,</span> <span class='ocrx_word' id='word_1_149' title='bbox 197 1698 303 1749; x_wconf 87' lang='lat' dir='ltr'><strong>molum</strong></span> <span class='ocrx_word' id='word_1_150' title='bbox 322 1693 432 1763; x_wconf 83' lang='lat' dir='ltr'><strong>aliquid</strong></span> <span class='ocrx_word' id='word_1_151' title='bbox 451 1708 518 1746; x_wconf 91' lang='lat' dir='ltr'><strong>esse.</strong></span> <span class='ocrx_word' id='word_1_152' title='bbox 539 1695 573 1746; x_wconf 92' lang='lat' dir='ltr'><strong>ln</strong></span> <span class='ocrx_word' id='word_1_153' title='bbox 592 1693 659 1746; x_wconf 84' lang='lat' dir='ltr'><strong>Ood.</strong></span> <span class='ocrx_word' id='word_1_154' title='bbox 679 1693 763 1745; x_wconf 85' lang='lat' dir='ltr'><strong>Vind.</strong></span> <span class='ocrx_word' id='word_1_155' title='bbox 785 1698 808 1749; x_wconf 89' lang='lat'><strong>1.</strong></span> <span class='ocrx_word' id='word_1_156' title='bbox 828 1710 881 1764; x_wconf 91' lang='lat' dir='ltr'><strong>pro</strong></span> <span class='ocrx_word' id='word_1_157' title='bbox 900 1694 951 1745; x_wconf 84' lang='lat' dir='ltr'><strong>illa</strong></span> <span class='ocrx_word' id='word_1_158' title='bbox 969 1701 1011 1746; x_wconf 90' lang='lat' dir='ltr'><strong>est</strong></span> <span class='ocrx_word' id='word_1_159' title='bbox 1030 1688 1091 1746; x_wconf 84' lang='lat' dir='ltr'><strong>olio</strong></span> <span class='ocrx_word' id='word_1_160' title='bbox 1108 1694 1194 1765; x_wconf 85' lang='lat' dir='ltr'><strong>plane</strong></span> <span class='ocrx_word' id='word_1_161' title='bbox 1213 1701 1245 1746; x_wconf 91' lang='lat' dir='ltr'><strong>ut</strong></span> <span class='ocrx_word' id='word_1_162' title='bbox 1256 1695 1353 1764; x_wconf 85' lang='lat' dir='ltr'><strong>paullo</strong></span> 
     </span>
    </p>
   </div>
   <div class='ocr_carea' id='block_1_9' title="bbox 141 1758 1357 2824">
    <p class='ocr_par' dir='ltr' id='par_1_9' title="bbox 198 1758 1352 1891">
     <span class='ocr_line' id='line_1_18' title="bbox 198 1758 1352 1889; baseline -0.003 -68"><span class='ocrx_word' id='word_1_163' title='bbox 198 1775 265 1823; x_wconf 86' lang='lat' dir='ltr'><strong>ante</strong></span> <span class='ocrx_word' id='word_1_164' title='bbox 284 1767 316 1816; x_wconf 89' lang='lat' dir='ltr'><strong>in</strong></span> <span class='ocrx_word' id='word_1_165' title='bbox 333 1765 481 1889; x_wconf 60' lang='lat' dir='ltr'><strong>pleriggue</strong></span> <span class='ocrx_word' id='word_1_166' title='bbox 498 1764 566 1817; x_wconf 85' lang='lat' dir='ltr'><strong>aliis</strong></span> <span class='ocrx_word' id='word_1_167' title='bbox 582 1780 636 1835; x_wconf 87' lang='lat' dir='ltr'><strong>pro</strong></span> <span class='ocrx_word' id='word_1_168' title='bbox 653 1763 723 1818; x_wconf 84' lang='lat' dir='ltr'><strong>illis.</strong></span> <span class='ocrx_word' id='word_1_169' title='bbox 762 1766 827 1817; x_wconf 85' lang='lat' dir='ltr'><strong>Post</strong></span> <span class='ocrx_word' id='word_1_170' title='bbox 845 1763 917 1817; x_wconf 85' lang='lat' dir='ltr'><strong>moli</strong></span> <span class='ocrx_word' id='word_1_171' title='bbox 934 1765 1033 1839; x_wconf 85' lang='lat' dir='ltr'><strong>pergit</strong></span> <span class='ocrx_word' id='word_1_172' title='bbox 1052 1758 1119 1818; x_wconf 85' lang='lat' dir='ltr'><strong>coe.</strong></span> <span class='ocrx_word' id='word_1_173' title='bbox 1141 1763 1213 1817; x_wconf 92' lang='lat' dir='ltr'><strong>Gud.</strong></span> <span class='ocrx_word' id='word_1_174' title='bbox 1234 1767 1261 1820; x_wconf 75' lang='lat' dir='ltr'><strong>P.</strong></span> <span class='ocrx_word' id='word_1_175' title='bbox 1278 1781 1352 1834; x_wconf 53' lang='lat' dir='ltr'><strong>‚quo-</strong></span> 
     </span>
     <span class='ocr_line' id='line_1_19' title="bbox 200 1836 550 1891; baseline -0.014 0"><span class='ocrx_word' id='word_1_176' title='bbox 200 1836 257 1891; x_wconf 81' lang='lat' dir='ltr'><strong>uis</strong></span> <span class='ocrx_word' id='word_1_177' title='bbox 278 1843 306 1888; x_wconf 85' lang='lat' dir='ltr'><strong>ut</strong></span> <span class='ocrx_word' id='word_1_178' title='bbox 324 1852 364 1888; x_wconf 88' lang='lat' dir='ltr'><strong>ue.</strong></span> <span class='ocrx_word' id='word_1_179' title='bbox 439 1852 463 1887; x_wconf 89' lang='lat' dir='ltr'><strong>r.</strong></span> <span class='ocrx_word' id='word_1_180' title='bbox 546 1872 550 1878; x_wconf 80' lang='lat'><em>-</em></span> 
     </span>
    </p>

    <p class='ocr_par' dir='ltr' id='par_1_10' title="bbox 198 1855 1355 2390">
     <span class='ocr_line' id='line_1_20' title="bbox 200 1855 1354 1977; baseline -0.004 -14"><span class='ocrx_word' id='word_1_181' title='bbox 200 1919 202 1923; x_wconf 84' lang='lat'>&#39;</span> <span class='ocrx_word' id='word_1_182' title='bbox 273 1855 331 1963; x_wconf 62' lang='lat' dir='ltr'><strong>Quqts</strong></span> <span class='ocrx_word' id='word_1_183' title='bbox 349 1907 408 1959; x_wconf 84' lang='lat' dir='ltr'><strong>uiso</strong></span> <span class='ocrx_word' id='word_1_184' title='bbox 434 1912 517 1977; x_wconf 83' lang='lat' dir='ltr'><strong>utque</strong></span> <span class='ocrx_word' id='word_1_185' title='bbox 536 1904 684 1974; x_wconf 84' lang='lat' dir='ltr'><strong>persuaso]</strong></span> <span class='ocrx_word' id='word_1_186' title='bbox 722 1904 766 1958; x_wconf 89' lang='lat' dir='ltr'><strong>Ad</strong></span> <span class='ocrx_word' id='word_1_187' title='bbox 782 1923 810 1957; x_wconf 83' lang='lat' dir='ltr'><strong>r.</strong></span> <span class='ocrx_word' id='word_1_188' title='bbox 828 1920 964 1974; x_wconf 84' lang='lat' dir='ltr'><strong>persuaso</strong></span> <span class='ocrx_word' id='word_1_189' title='bbox 989 1904 1168 1961; x_wconf 84' lang='lat' dir='ltr'><strong>FAWolfius</strong></span> <span class='ocrx_word' id='word_1_190' title='bbox 1192 1907 1224 1959; x_wconf 89' lang='lat' dir='ltr'><strong>in</strong></span> <span class='ocrx_word' id='word_1_191' title='bbox 1248 1905 1354 1959; x_wconf 84' lang='lat' dir='ltr'><strong>scholis</strong></span> 
     </span>
     <span class='ocr_line' id='line_1_21' title="bbox 199 1975 1354 2048; baseline -0.005 -15"><span class='ocrx_word' id='word_1_192' title='bbox 199 1986 298 2033; x_wconf 88' lang='lat' dir='ltr'><strong>monet</strong></span> <span class='ocrx_word' id='word_1_193' title='bbox 316 1985 414 2048; x_wconf 87' lang='lat' dir='ltr'><strong>patere</strong></span> <span class='ocrx_word' id='word_1_194' title='bbox 433 1993 467 2029; x_wconf 86' lang='lat' dir='ltr'><strong>ex</strong></span> <span class='ocrx_word' id='word_1_195' title='bbox 485 1975 542 2029; x_wconf 90' lang='lat' dir='ltr'><strong>hoc</strong></span> <span class='ocrx_word' id='word_1_196' title='bbox 560 1977 641 2041; x_wconf 79' lang='lat' dir='ltr'><strong>loco,</strong></span> <span class='ocrx_word' id='word_1_197' title='bbox 653 1976 723 2046; x_wconf 89' lang='lat' dir='ltr'><strong>poni</strong></span> <span class='ocrx_word' id='word_1_198' title='bbox 740 1976 863 2028; x_wconf 83' lang='lat' dir='ltr'><strong>verbum</strong></span> <span class='ocrx_word' id='word_1_199' title='bbox 884 1977 1057 2044; x_wconf 84' lang='lat' dir='ltr'><strong>persuadere</strong></span> <span class='ocrx_word' id='word_1_200' title='bbox 1078 1977 1110 2029; x_wconf 84' lang='lat' dir='ltr'><strong>in</strong></span> <span class='ocrx_word' id='word_1_201' title='bbox 1135 1978 1246 2031; x_wconf 86' lang='lat' dir='ltr'><strong>Passivo</strong></span> <span class='ocrx_word' id='word_1_202' title='bbox 1268 1978 1354 2029; x_wconf 86' lang='lat' dir='ltr'><strong>etiam</strong></span> 
     </span>
     <span class='ocr_line' id='line_1_22' title="bbox 198 2046 1354 2121; baseline -0.004 -18"><span class='ocrx_word' id='word_1_203' title='bbox 198 2051 231 2103; x_wconf 90' lang='lat' dir='ltr'><strong>in</strong></span> <span class='ocrx_word' id='word_1_204' title='bbox 250 2067 315 2102; x_wconf 90' lang='lat' dir='ltr'><strong>casu</strong></span> <span class='ocrx_word' id='word_1_205' title='bbox 338 2056 427 2100; x_wconf 91' lang='lat' dir='ltr'><strong>recto.</strong></span> <span class='ocrx_word' id='word_1_206' title='bbox 471 2047 556 2111; x_wconf 84' lang='lat' dir='ltr'><strong>Quasi</strong></span> <span class='ocrx_word' id='word_1_207' title='bbox 580 2063 648 2099; x_wconf 88' lang='lat' dir='ltr'><strong>vero</strong></span> <span class='ocrx_word' id='word_1_208' title='bbox 668 2046 769 2100; x_wconf 84' lang='lat' dir='ltr'><strong>Cicero</strong></span> <span class='ocrx_word' id='word_1_209' title='bbox 788 2047 954 2121; x_wconf 84' lang='lat' dir='ltr'><strong>significare</strong></span> <span class='ocrx_word' id='word_1_210' title='bbox 981 2046 1036 2100; x_wconf 87' lang='lat' dir='ltr'><strong>hec</strong></span> <span class='ocrx_word' id='word_1_211' title='bbox 1062 2055 1208 2100; x_wconf 89' lang='lat' dir='ltr'><strong>structura</strong></span> <span class='ocrx_word' id='word_1_212' title='bbox 1226 2047 1354 2099; x_wconf 86' lang='lat' dir='ltr'><strong>voluerit</strong></span> 
     </span>
     <span class='ocr_line' id='line_1_23' title="bbox 200 2115 1354 2189; baseline -0.005 -15"><span class='ocrx_word' id='word_1_213' title='bbox 200 2122 259 2174; x_wconf 93' lang='lat' dir='ltr'><strong>dici</strong></span> <span class='ocrx_word' id='word_1_214' title='bbox 274 2135 362 2189; x_wconf 86' lang='lat' dir='ltr'><strong>¹posse</strong></span> <span class='ocrx_word' id='word_1_215' title='bbox 387 2135 439 2184; x_wconf 82' lang='lat' dir='ltr'><strong>ego</strong></span> <span class='ocrx_word' id='word_1_216' title='bbox 461 2119 634 2185; x_wconf 86' lang='lat' dir='ltr'><strong>persuadeor</strong></span> <span class='ocrx_word' id='word_1_217' title='bbox 656 2117 706 2169; x_wconf 81' lang='lat' dir='ltr'><strong>vel</strong></span> <span class='ocrx_word' id='word_1_218' title='bbox 730 2119 915 2186; x_wconf 77' lang='lat' dir='ltr'><strong>persuadetur</strong></span> <span class='ocrx_word' id='word_1_219' title='bbox 933 2118 1052 2187; x_wconf 79' lang='lat' dir='ltr'><strong>aliquid,</strong></span> <span class='ocrx_word' id='word_1_220' title='bbox 1077 2136 1105 2170; x_wconf 84' lang='lat' dir='ltr'><strong>v.</strong></span> <span class='ocrx_word' id='word_1_221' title='bbox 1126 2136 1150 2170; x_wconf 87' lang='lat' dir='ltr'><strong>c.</strong></span> <span class='ocrx_word' id='word_1_222' title='bbox 1170 2118 1275 2171; x_wconf 78' lang='lat' dir='ltr'><strong>veriteu</strong></span> <span class='ocrx_word' id='word_1_223' title='bbox 1298 2115 1354 2169; x_wconf 84' lang='lat' dir='ltr'><strong>uii-</strong></span> 
     </span>
     <span class='ocr_line' id='line_1_24' title="bbox 199 2187 1355 2258; baseline -0.005 -14"><span class='ocrx_word' id='word_1_224' title='bbox 199 2194 279 2250; x_wconf 86' lang='lat' dir='ltr'><strong>cuius</strong></span> <span class='ocrx_word' id='word_1_225' title='bbox 305 2188 357 2242; x_wconf 86' lang='lat' dir='ltr'><strong>rei.</strong></span> <span class='ocrx_word' id='word_1_226' title='bbox 395 2188 523 2240; x_wconf 86' lang='lat' dir='ltr'><strong>Ablativi</strong></span> <span class='ocrx_word' id='word_1_227' title='bbox 547 2189 595 2239; x_wconf 88' lang='lat' dir='ltr'><strong>isti</strong></span> <span class='ocrx_word' id='word_1_228' title='bbox 619 2187 697 2239; x_wconf 87' lang='lat' dir='ltr'><strong>nihil</strong></span> <span class='ocrx_word' id='word_1_229' title='bbox 721 2188 799 2240; x_wconf 88' lang='lat' dir='ltr'><strong>aliud</strong></span> <span class='ocrx_word' id='word_1_230' title='bbox 825 2189 937 2254; x_wconf 88' lang='lat' dir='ltr'><strong>volunt,</strong></span> <span class='ocrx_word' id='word_1_231' title='bbox 962 2206 1048 2258; x_wconf 89' lang='lat' dir='ltr'><strong>quam</strong></span> <span class='ocrx_word' id='word_1_232' title='bbox 1072 2188 1096 2240; x_wconf 88' lang='lat' dir='ltr'><strong>si</strong></span> <span class='ocrx_word' id='word_1_233' title='bbox 1120 2190 1254 2242; x_wconf 82' lang='lat' dir='ltr'><strong>dixisset:</strong></span> <span class='ocrx_word' id='word_1_234' title='bbox 1280 2188 1355 2256; x_wconf 83' lang='lat' dir='ltr'><strong>quod</strong></span> 
     </span>
     <span class='ocr_line' id='line_1_25' title="bbox 199 2257 1353 2328; baseline -0.003 -14"><span class='ocrx_word' id='word_1_235' title='bbox 199 2279 264 2319; x_wconf 83' lang='lat' dir='ltr'><strong>eune</strong></span> <span class='ocrx_word' id='word_1_236' title='bbox 289 2261 369 2313; x_wconf 79' lang='lat' dir='ltr'><strong>nodis</strong></span> <span class='ocrx_word' id='word_1_237' title='bbox 392 2259 493 2310; x_wconf 88' lang='lat' dir='ltr'><strong>molum</strong></span> <span class='ocrx_word' id='word_1_238' title='bbox 517 2272 576 2310; x_wconf 88' lang='lat' dir='ltr'><strong>esse</strong></span> <span class='ocrx_word' id='word_1_239' title='bbox 597 2257 687 2319; x_wconf 80' lang='lat' dir='ltr'><strong>uisum</strong></span> <span class='ocrx_word' id='word_1_240' title='bbox 713 2264 794 2327; x_wconf 83' lang='lat' dir='ltr'><strong>utque</strong></span> <span class='ocrx_word' id='word_1_241' title='bbox 808 2275 974 2328; x_wconf 86' lang='lat' dir='ltr'><strong>persuasum</strong></span> <span class='ocrx_word' id='word_1_242' title='bbox 998 2265 1050 2312; x_wconf 89' lang='lat' dir='ltr'><strong>est.</strong></span> <span class='ocrx_word' id='word_1_243' title='bbox 1087 2260 1153 2312; x_wconf 88' lang='lat' dir='ltr'><strong>Post</strong></span> <span class='ocrx_word' id='word_1_244' title='bbox 1170 2260 1272 2315; x_wconf 89' lang='lat' dir='ltr'><strong>deinde</strong></span> <span class='ocrx_word' id='word_1_245' title='bbox 1297 2259 1353 2310; x_wconf 91' lang='lat' dir='ltr'><strong>duo</strong></span> 
     </span>
     <span class='ocr_line' id='line_1_26' title="bbox 201 2329 655 2390; baseline -0.009 -6"><span class='ocrx_word' id='word_1_246' title='bbox 201 2334 272 2390; x_wconf 85' lang='lat' dir='ltr'><strong>Oxx.</strong></span> <span class='ocrx_word' id='word_1_247' title='bbox 293 2332 433 2384; x_wconf 87' lang='lat' dir='ltr'><strong>omittunt</strong></span> <span class='ocrx_word' id='word_1_248' title='bbox 451 2329 543 2380; x_wconf 88' lang='lat' dir='ltr'><strong>etium.</strong></span> <span class='ocrx_word' id='word_1_249' title='bbox 583 2330 655 2381; x_wconf 77' lang='lat' dir='ltr'><strong>Mu.-</strong></span> 
     </span>
    </p>

    <p class='ocr_par' dir='ltr' id='par_1_11' title="bbox 141 2398 1357 2824">
     <span class='ocr_line' id='line_1_27' title="bbox 203 2398 1355 2476; baseline -0.002 -24"><span class='ocrx_word' id='word_1_250' title='bbox 203 2444 207 2452; x_wconf 89' lang='lat'><strong>.</strong></span> <span class='ocrx_word' id='word_1_251' title='bbox 272 2407 389 2468; x_wconf 81' lang='lat' dir='ltr'><strong>gratum</strong></span> <span class='ocrx_word' id='word_1_252' title='bbox 407 2398 527 2451; x_wconf 77' lang='lat' dir='ltr'><strong>mortuis</strong></span> <span class='ocrx_word' id='word_1_253' title='bbox 550 2414 580 2450; x_wconf 88' lang='lat' dir='ltr'><strong>se</strong></span> <span class='ocrx_word' id='word_1_254' title='bbox 607 2399 721 2466; x_wconf 62' lang='lat' dir='ltr'><strong>tarmei]</strong></span> <span class='ocrx_word' id='word_1_255' title='bbox 759 2399 897 2465; x_wconf 85' lang='lat' dir='ltr'><strong>„Seneca</strong></span> <span class='ocrx_word' id='word_1_256' title='bbox 919 2401 1082 2476; x_wconf 74' lang='lat' dir='ltr'><strong>eleganter:</strong></span> <span class='ocrx_word' id='word_1_257' title='bbox 1121 2403 1287 2468; x_wconf 69' lang='lat' dir='ltr'><strong>„Mortuus</strong></span> <span class='ocrx_word' id='word_1_258' title='bbox 1311 2399 1355 2450; x_wconf 87' lang='lat' dir='ltr'><strong>in-</strong></span> 
     </span>
     <span class='ocr_line' id='line_1_28' title="bbox 201 2470 1354 2547; baseline 0 -25"><span class='ocrx_word' id='word_1_259' title='bbox 201 2473 277 2542; x_wconf 84' lang='lat' dir='ltr'><strong>quit,</strong></span> <span class='ocrx_word' id='word_1_260' title='bbox 306 2477 353 2522; x_wconf 85' lang='lat' dir='ltr'><strong>aut</strong></span> <span class='ocrx_word' id='word_1_261' title='bbox 376 2470 479 2534; x_wconf 80' lang='lat' dir='ltr'><strong>dectus,</strong></span> <span class='ocrx_word' id='word_1_262' title='bbox 506 2475 559 2547; x_wconf 79' lang='lat' dir='ltr'><strong>usu¹</strong></span> <span class='ocrx_word' id='word_1_263' title='bbox 579 2470 672 2522; x_wconf 75' lang='lat' dir='ltr'><strong>stulius</strong></span> <span class='ocrx_word' id='word_1_264' title='bbox 694 2476 749 2523; x_wconf 78' lang='lat' dir='ltr'><strong>ests</strong></span> <span class='ocrx_word' id='word_1_265' title='bbox 776 2471 883 2528; x_wconf 79' lang='lat' dir='ltr'><strong>deatum</strong></span> <span class='ocrx_word' id='word_1_266' title='bbox 908 2473 1010 2536; x_wconf 75' lang='lat' dir='ltr'><strong>deflere</strong></span> <span class='ocrx_word' id='word_1_267' title='bbox 1027 2472 1136 2526; x_wconf 85' lang='lat' dir='ltr'><strong>inuidia</strong></span> <span class='ocrx_word' id='word_1_268' title='bbox 1163 2479 1218 2537; x_wconf 88' lang='lat' dir='ltr'><strong>est,·</strong></span> <span class='ocrx_word' id='word_1_269' title='bbox 1243 2471 1354 2534; x_wconf 86' lang='lat' dir='ltr'><strong>nullum,</strong></span> 
     </span>
     <span class='ocr_line' id='line_1_29' title="bbox 202 2538 1354 2602; baseline -0.003 -6"><span class='ocrx_word' id='word_1_270' title='bbox 202 2538 371 2596; x_wconf 81' lang='lat' dir='ltr'><strong>deruentiu.“</strong></span> <span class='ocrx_word' id='word_1_271' title='bbox 393 2541 524 2594; x_wconf 84' lang='lat' dir='ltr'><strong>Beroald.</strong></span> <span class='ocrx_word' id='word_1_272' title='bbox 563 2540 674 2602; x_wconf 87' lang='lat' dir='ltr'><strong>Habent</strong></span> <span class='ocrx_word' id='word_1_273' title='bbox 697 2557 727 2594; x_wconf 89' lang='lat' dir='ltr'><strong>se</strong></span> <span class='ocrx_word' id='word_1_274' title='bbox 753 2543 877 2595; x_wconf 83' lang='lat' dir='ltr'><strong>mortuis</strong></span> <span class='ocrx_word' id='word_1_275' title='bbox 891 2543 966 2595; x_wconf 72' lang='lat' dir='ltr'><strong>dod.</strong></span> <span class='ocrx_word' id='word_1_276' title='bbox 988 2547 1062 2596; x_wconf 84' lang='lat' dir='ltr'><strong>Mon.</strong></span> <span class='ocrx_word' id='word_1_277' title='bbox 1081 2545 1106 2597; x_wconf 74' lang='lat'><strong>2.</strong></span> <span class='ocrx_word' id='word_1_278' title='bbox 1127 2543 1199 2599; x_wconf 84' lang='lat' dir='ltr'><strong>Edd.</strong></span> <span class='ocrx_word' id='word_1_279' title='bbox 1218 2541 1252 2594; x_wconf 80' lang='lat' dir='ltr'><strong>A.</strong></span> <span class='ocrx_word' id='word_1_280' title='bbox 1272 2544 1302 2594; x_wconf 89' lang='grc' dir='ltr'><strong>Β.</strong></span> <span class='ocrx_word' id='word_1_281' title='bbox 1324 2541 1354 2594; x_wconf 87' lang='lat' dir='ltr'><strong>S.</strong></span> 
     </span>
     <span class='ocr_line' id='line_1_30' title="bbox 141 2608 1355 2682; baseline -0.004 -14"><span class='ocrx_word' id='word_1_282' title='bbox 141 2609 143 2614; x_wconf 59' lang='grc'>’</span> <span class='ocrx_word' id='word_1_283' title='bbox 201 2614 236 2667; x_wconf 78' lang='grc' dir='ltr'><strong>Ε.</strong></span> <span class='ocrx_word' id='word_1_284' title='bbox 256 2614 287 2667; x_wconf 85' lang='lat' dir='ltr'><strong>G.</strong></span> <span class='ocrx_word' id='word_1_285' title='bbox 307 2615 340 2664; x_wconf 89' lang='lat' dir='ltr'><strong>V.</strong></span> <span class='ocrx_word' id='word_1_286' title='bbox 360 2615 397 2665; x_wconf 87' lang='grc' dir='ltr'><strong>Μ.</strong></span> <span class='ocrx_word' id='word_1_287' title='bbox 417 2614 449 2663; x_wconf 81' lang='lat' dir='ltr'><strong>L.</strong></span> <span class='ocrx_word' id='word_1_288' title='bbox 472 2620 500 2663; x_wconf 90' lang='lat' dir='ltr'><strong>et</strong></span> <span class='ocrx_word' id='word_1_289' title='bbox 518 2617 615 2663; x_wconf 88' lang='lat' dir='ltr'><strong>nostra</strong></span> <span class='ocrx_word' id='word_1_290' title='bbox 632 2620 698 2664; x_wconf 88' lang='lat' dir='ltr'><strong>ante</strong></span> <span class='ocrx_word' id='word_1_291' title='bbox 717 2612 807 2664; x_wconf 80' lang='lat' dir='ltr'><strong>Geth.</strong></span> <span class='ocrx_word' id='word_1_292' title='bbox 827 2613 943 2682; x_wconf 88' lang='lat' dir='ltr'><strong>Reliqui</strong></span> <span class='ocrx_word' id='word_1_293' title='bbox 961 2608 1047 2665; x_wconf 82' lang='lat' dir='ltr'><strong>Oodd.</strong></span> <span class='ocrx_word' id='word_1_294' title='bbox 1066 2613 1213 2664; x_wconf 89' lang='lat' dir='ltr'><strong>nobiscum</strong></span> <span class='ocrx_word' id='word_1_295' title='bbox 1232 2613 1355 2676; x_wconf 85' lang='lat' dir='ltr'><strong>faciunt,</strong></span> 
     </span>
     <span class='ocr_line' id='line_1_31' title="bbox 201 2681 1354 2753; baseline -0.004 -16"><span class='ocrx_word' id='word_1_296' title='bbox 201 2685 259 2737; x_wconf 90' lang='lat' dir='ltr'><strong>nisi</strong></span> <span class='ocrx_word' id='word_1_297' title='bbox 284 2682 360 2753; x_wconf 88' lang='lat' dir='ltr'><strong>quod</strong></span> <span class='ocrx_word' id='word_1_298' title='bbox 383 2683 416 2734; x_wconf 89' lang='lat' dir='ltr'><strong>in</strong></span> <span class='ocrx_word' id='word_1_299' title='bbox 441 2681 514 2735; x_wconf 87' lang='lat' dir='ltr'><strong>Gud.</strong></span> <span class='ocrx_word' id='word_1_300' title='bbox 540 2689 583 2733; x_wconf 88' lang='lat' dir='ltr'><strong>est</strong></span> <span class='ocrx_word' id='word_1_301' title='bbox 606 2697 675 2747; x_wconf 90' lang='lat' dir='ltr'><strong>sese,</strong></span> <span class='ocrx_word' id='word_1_302' title='bbox 710 2683 742 2733; x_wconf 87' lang='lat' dir='ltr'><strong>in</strong></span> <span class='ocrx_word' id='word_1_303' title='bbox 768 2683 841 2735; x_wconf 91' lang='lat' dir='ltr'><strong>Gud.</strong></span> <span class='ocrx_word' id='word_1_304' title='bbox 862 2685 887 2737; x_wconf 74' lang='lat'><strong>2.</strong></span> <span class='ocrx_word' id='word_1_305' title='bbox 916 2698 946 2735; x_wconf 85' lang='lat' dir='ltr'><strong>se</strong></span> <span class='ocrx_word' id='word_1_306' title='bbox 963 2685 1058 2749; x_wconf 71' lang='lat' dir='ltr'><strong>fucere</strong></span> <span class='ocrx_word' id='word_1_307' title='bbox 1075 2682 1205 2735; x_wconf 77' lang='lat' dir='ltr'><strong>mortuis.</strong></span> <span class='ocrx_word' id='word_1_308' title='bbox 1232 2684 1306 2732; x_wconf 84' lang='lat' dir='ltr'><strong>lllon.</strong></span> <span class='ocrx_word' id='word_1_309' title='bbox 1327 2685 1354 2734; x_wconf 81' lang='lat'><strong>2.</strong></span> 
     </span>
     <span class='ocr_line' id='line_1_32' title="bbox 202 2750 1357 2824; baseline -0.007 -16"><span class='ocrx_word' id='word_1_310' title='bbox 202 2755 314 2808; x_wconf 88' lang='lat' dir='ltr'><strong>omittit</strong></span> <span class='ocrx_word' id='word_1_311' title='bbox 333 2754 364 2806; x_wconf 89' lang='lat' dir='ltr'><strong>in</strong></span> <span class='ocrx_word' id='word_1_312' title='bbox 381 2752 523 2824; x_wconf 86' lang='lat' dir='ltr'><strong>proximis</strong></span> <span class='ocrx_word' id='word_1_313' title='bbox 542 2766 598 2804; x_wconf 88' lang='lat' dir='ltr'><strong>eos.</strong></span> <span class='ocrx_word' id='word_1_314' title='bbox 624 2753 669 2805; x_wconf 83' lang='lat' dir='ltr'><strong>Ad</strong></span> <span class='ocrx_word' id='word_1_315' title='bbox 685 2771 712 2804; x_wconf 84' lang='lat' dir='ltr'><strong>v.</strong></span> <span class='ocrx_word' id='word_1_316' title='bbox 733 2752 761 2805; x_wconf 84' lang='lat' dir='ltr'><strong>si</strong></span> <span class='ocrx_word' id='word_1_317' title='bbox 778 2752 910 2821; x_wconf 79' lang='lat' dir='ltr'><strong>grauiter</strong></span> <span class='ocrx_word' id='word_1_318' title='bbox 928 2755 1112 2818; x_wconf 80' lang='lat' dir='ltr'><strong>eoslugeant,</strong></span> <span class='ocrx_word' id='word_1_319' title='bbox 1132 2750 1208 2819; x_wconf 89' lang='lat' dir='ltr'><strong>quod</strong></span> <span class='ocrx_word' id='word_1_320' title='bbox 1226 2750 1260 2802; x_wconf 84' lang='lat' dir='ltr'><strong>ad</strong></span> <span class='ocrx_word' id='word_1_321' title='bbox 1279 2759 1357 2804; x_wconf 90' lang='lat' dir='ltr'><strong>stru-</strong></span> 
     </span>
    </p>
   </div>
   <div class='ocr_carea' id='block_1_10' title="bbox 96 2820 1149 2893">
    <p class='ocr_par' dir='ltr' id='par_1_12' title="bbox 96 2820 1149 2893">
     <span class='ocr_line' id='line_1_33' title="bbox 96 2820 1149 2893; baseline -0.007 -14"><span class='ocrx_word' id='word_1_322' title='bbox 96 2880 99 2887; x_wconf 67' lang='lat'><strong>,</strong></span> <span class='ocrx_word' id='word_1_323' title='bbox 203 2835 315 2878; x_wconf 89' lang='lat' dir='ltr'><strong>cturam</strong></span> <span class='ocrx_word' id='word_1_324' title='bbox 333 2824 392 2876; x_wconf 85' lang='lat' dir='ltr'><strong>vid.</strong></span> <span class='ocrx_word' id='word_1_325' title='bbox 412 2820 541 2876; x_wconf 86' lang='lat' dir='ltr'><strong>Ellendt.</strong></span> <span class='ocrx_word' id='word_1_326' title='bbox 562 2823 596 2875; x_wconf 94' lang='lat' dir='ltr'><strong>de</strong></span> <span class='ocrx_word' id='word_1_327' title='bbox 614 2823 721 2875; x_wconf 85' lang='lat' dir='ltr'><strong>Enunt.</strong></span> <span class='ocrx_word' id='word_1_328' title='bbox 742 2821 940 2875; x_wconf 87' lang='lat' dir='ltr'><strong>conditionall.</strong></span> <span class='ocrx_word' id='word_1_329' title='bbox 959 2841 988 2893; x_wconf 83' lang='lat' dir='ltr'><strong>p.</strong></span> <span class='ocrx_word' id='word_1_330' title='bbox 1007 2825 1050 2877; x_wconf 81' lang='lat'><strong>5⁷.</strong></span> <span class='ocrx_word' id='word_1_331' title='bbox 1088 2821 1149 2874; x_wconf 80' lang='lat' dir='ltr'><strong>Me.</strong></span> 
     </span>
    </p>
   </div>
   <div class='ocr_carea' id='block_1_11' title="bbox 202 2890 1403 3317">
    <p class='ocr_par' dir='ltr' id='par_1_13' title="bbox 202 2890 1403 3317">
     <span class='ocr_line' id='line_1_34' title="bbox 275 2890 1356 2962; baseline -0.004 -15"><span class='ocrx_word' id='word_1_332' title='bbox 275 2895 390 2948; x_wconf 79' lang='lat' dir='ltr'><strong>Accedit</strong></span> <span class='ocrx_word' id='word_1_333' title='bbox 414 2893 578 2962; x_wconf 77' lang='lat' dir='ltr'><strong>superstitio</strong></span> <span class='ocrx_word' id='word_1_334' title='bbox 604 2892 750 2948; x_wconf 78' lang='lat' dir='ltr'><strong>muliebris</strong></span> <span class='ocrx_word' id='word_1_335' title='bbox 781 2891 937 2962; x_wconf 78' lang='lat' dir='ltr'><strong>quaedum]</strong></span> <span class='ocrx_word' id='word_1_336' title='bbox 983 2893 1152 2946; x_wconf 76' lang='lat' dir='ltr'><strong>Muliebrem</strong></span> <span class='ocrx_word' id='word_1_337' title='bbox 1180 2891 1253 2944; x_wconf 88' lang='lat' dir='ltr'><strong>dicit</strong></span> <span class='ocrx_word' id='word_1_338' title='bbox 1282 2890 1311 2942; x_wconf 89' lang='lat' dir='ltr'><strong>h.</strong></span> <span class='ocrx_word' id='word_1_339' title='bbox 1333 2891 1356 2943; x_wconf 92' lang='lat' dir='ltr'><strong>l.</strong></span> 
     </span>
     <span class='ocr_line' id='line_1_35' title="bbox 202 2962 1354 3037; baseline -0.004 -19"><span class='ocrx_word' id='word_1_340' title='bbox 202 2966 449 3037; x_wconf 74' lang='lat' dir='ltr'><strong>superstitionem,</strong></span> <span class='ocrx_word' id='word_1_341' title='bbox 469 2982 553 3034; x_wconf 87' lang='lat' dir='ltr'><strong>quam</strong></span> <span class='ocrx_word' id='word_1_342' title='bbox 572 2964 643 3016; x_wconf 86' lang='lat' dir='ltr'><strong>alibi</strong></span> <span class='ocrx_word' id='word_1_343' title='bbox 661 2972 690 3018; x_wconf 83' lang='lat' dir='ltr'><strong>et</strong></span> <span class='ocrx_word' id='word_1_344' title='bbox 707 2964 738 3014; x_wconf 92' lang='lat' dir='ltr'><strong>in</strong></span> <span class='ocrx_word' id='word_1_345' title='bbox 756 2963 820 3015; x_wconf 87' lang='lat' dir='ltr'><strong>aliis</strong></span> <span class='ocrx_word' id='word_1_346' title='bbox 838 2962 923 3016; x_wconf 89' lang='lat' dir='ltr'><strong>rebus</strong></span> <span class='ocrx_word' id='word_1_347' title='bbox 942 2963 1045 3019; x_wconf 81' lang='lat' dir='ltr'><strong>anilem</strong></span> <span class='ocrx_word' id='word_1_348' title='bbox 1063 2971 1146 3016; x_wconf 87' lang='lat' dir='ltr'><strong>vocat</strong></span> <span class='ocrx_word' id='word_1_349' title='bbox 1170 2981 1197 3014; x_wconf 92' lang='lat' dir='ltr'><strong>v.</strong></span> <span class='ocrx_word' id='word_1_350' title='bbox 1218 2980 1244 3015; x_wconf 91' lang='lat' dir='ltr'><strong>c.</strong></span> <span class='ocrx_word' id='word_1_351' title='bbox 1264 2962 1298 3014; x_wconf 90' lang='lat' dir='ltr'><strong>de</strong></span> <span class='ocrx_word' id='word_1_352' title='bbox 1317 2963 1354 3014; x_wconf 91' lang='lat' dir='ltr'><strong>N.</strong></span> 
     </span>
     <span class='ocr_line' id='line_1_36' title="bbox 204 3033 1403 3109; baseline -0.003 -20"><span class='ocrx_word' id='word_1_353' title='bbox 204 3037 239 3090; x_wconf 84' lang='lat' dir='ltr'><strong>D.</strong></span> <span class='ocrx_word' id='word_1_354' title='bbox 258 3038 296 3089; x_wconf 90' lang='lat' dir='ltr'><strong>ll.</strong></span> <span class='ocrx_word' id='word_1_355' title='bbox 317 3036 360 3090; x_wconf 79' lang='lat'><strong>28.</strong></span> <span class='ocrx_word' id='word_1_356' title='bbox 397 3036 502 3088; x_wconf 89' lang='lat' dir='ltr'><strong>Nostro</strong></span> <span class='ocrx_word' id='word_1_357' title='bbox 521 3036 608 3089; x_wconf 88' lang='lat' dir='ltr'><strong>etiam</strong></span> <span class='ocrx_word' id='word_1_358' title='bbox 625 3035 688 3087; x_wconf 91' lang='lat' dir='ltr'><strong>loeo</strong></span> <span class='ocrx_word' id='word_1_359' title='bbox 707 3033 802 3086; x_wconf 89' lang='lat' dir='ltr'><strong>addita</strong></span> <span class='ocrx_word' id='word_1_360' title='bbox 818 3050 888 3088; x_wconf 82' lang='lat' dir='ltr'><strong>voce</strong></span> <span class='ocrx_word' id='word_1_361' title='bbox 909 3036 1044 3104; x_wconf 81' lang='lat' dir='ltr'><strong>quaedum</strong></span> <span class='ocrx_word' id='word_1_362' title='bbox 1061 3035 1234 3109; x_wconf 84' lang='lat' dir='ltr'><strong>gravitatem</strong></span> <span class='ocrx_word' id='word_1_363' title='bbox 1257 3050 1357 3103; x_wconf 89' lang='lat' dir='ltr'><strong>repre·</strong></span> <span class='ocrx_word' id='word_1_364' title='bbox 1401 3056 1403 3060; x_wconf 60' lang='grc'>’</span> 
     </span>
     <span class='ocr_line' id='line_1_37' title="bbox 202 3102 1354 3174; baseline -0.006 -13"><span class='ocrx_word' id='word_1_365' title='bbox 202 3107 351 3167; x_wconf 79' lang='lat' dir='ltr'><strong>hensionis</strong></span> <span class='ocrx_word' id='word_1_366' title='bbox 375 3106 495 3171; x_wconf 78' lang='lat' dir='ltr'><strong>minuit:</strong></span> <span class='ocrx_word' id='word_1_367' title='bbox 520 3105 576 3158; x_wconf 86' lang='lat' dir='ltr'><strong>hoe</strong></span> <span class='ocrx_word' id='word_1_368' title='bbox 594 3105 640 3169; x_wconf 91' lang='lat' dir='ltr'><strong>(de</strong></span> <span class='ocrx_word' id='word_1_369' title='bbox 659 3106 695 3158; x_wconf 93' lang='lat' dir='ltr'><strong>N.</strong></span> <span class='ocrx_word' id='word_1_370' title='bbox 715 3104 761 3170; x_wconf 91' lang='lat' dir='ltr'><strong>D.)</strong></span> <span class='ocrx_word' id='word_1_371' title='bbox 784 3102 880 3159; x_wconf 83' lang='lat' dir='ltr'><strong>addito</strong></span> <span class='ocrx_word' id='word_1_372' title='bbox 906 3104 1044 3158; x_wconf 80' lang='lat' dir='ltr'><strong>vocabulo</strong></span> <span class='ocrx_word' id='word_1_373' title='bbox 1070 3119 1165 3174; x_wconf 87' lang='lat' dir='ltr'><strong>paene.</strong></span> <span class='ocrx_word' id='word_1_374' title='bbox 1203 3104 1283 3156; x_wconf 87' lang='lat' dir='ltr'><strong>Unus</strong></span> <span class='ocrx_word' id='word_1_375' title='bbox 1303 3105 1354 3156; x_wconf 87' lang='lat' dir='ltr'><strong>Ox.</strong></span> 
     </span>
     <span class='ocr_line' id='line_1_38' title="bbox 205 3174 1354 3246; baseline -0.006 -14"><span class='ocrx_word' id='word_1_376' title='bbox 205 3179 293 3246; x_wconf 72' lang='lat' dir='ltr'><strong>habet</strong></span> <span class='ocrx_word' id='word_1_377' title='bbox 311 3177 418 3238; x_wconf 85' lang='lat' dir='ltr'><strong>accedit</strong></span> <span class='ocrx_word' id='word_1_378' title='bbox 436 3185 557 3229; x_wconf 84' lang='lat' dir='ltr'><strong>nutem·</strong></span> <span class='ocrx_word' id='word_1_379' title='bbox 569 3192 626 3246; x_wconf 88' lang='lat' dir='ltr'><strong>sup.</strong></span> <span class='ocrx_word' id='word_1_380' title='bbox 645 3178 720 3230; x_wconf 82' lang='lat' dir='ltr'><strong>Mon.</strong></span> <span class='ocrx_word' id='word_1_381' title='bbox 741 3177 767 3232; x_wconf 75' lang='lat'><strong>2.</strong></span> <span class='ocrx_word' id='word_1_382' title='bbox 787 3176 863 3229; x_wconf 88' lang='lat' dir='ltr'><strong>mire</strong></span> <span class='ocrx_word' id='word_1_383' title='bbox 880 3175 1038 3230; x_wconf 81' lang='lat' dir='ltr'><strong>mulieris</strong></span> <span class='ocrx_word' id='word_1_384' title='bbox 1055 3192 1109 3246; x_wconf 90' lang='lat' dir='ltr'><strong>pro</strong></span> <span class='ocrx_word' id='word_1_385' title='bbox 1127 3175 1281 3229; x_wconf 76' lang='lat' dir='ltr'><strong>muliebris.</strong></span> <span class='ocrx_word' id='word_1_386' title='bbox 1303 3174 1354 3226; x_wconf 83' lang='lat' dir='ltr'><strong>Ox.</strong></span> 
     </span>
     <span class='ocr_line' id='line_1_39' title="bbox 203 3242 1356 3317; baseline -0.005 -16"><span class='ocrx_word' id='word_1_387' title='bbox 203 3242 280 3301; x_wconf 80' lang='lat' dir='ltr'><strong>unus</strong></span> <span class='ocrx_word' id='word_1_388' title='bbox 298 3249 408 3300; x_wconf 88' lang='lat' dir='ltr'><strong>omittit</strong></span> <span class='ocrx_word' id='word_1_389' title='bbox 427 3248 569 3317; x_wconf 81' lang='lat' dir='ltr'><strong>quaedum,</strong></span> <span class='ocrx_word' id='word_1_390' title='bbox 589 3248 644 3300; x_wconf 91' lang='lat' dir='ltr'><strong>duo</strong></span> <span class='ocrx_word' id='word_1_391' title='bbox 661 3264 729 3301; x_wconf 82' lang='lat' dir='ltr'><strong>mox</strong></span> <span class='ocrx_word' id='word_1_392' title='bbox 745 3247 853 3300; x_wconf 86' lang='lat' dir='ltr'><strong>habent</strong></span> <span class='ocrx_word' id='word_1_393' title='bbox 871 3256 962 3317; x_wconf 84' lang='lat' dir='ltr'><strong>autem</strong></span> <span class='ocrx_word' id='word_1_394' title='bbox 985 3263 1038 3317; x_wconf 92' lang='lat' dir='ltr'><strong>pro</strong></span> <span class='ocrx_word' id='word_1_395' title='bbox 1063 3246 1144 3311; x_wconf 87' lang='lat' dir='ltr'><strong>euim,</strong></span> <span class='ocrx_word' id='word_1_396' title='bbox 1170 3252 1241 3314; x_wconf 87' lang='lat' dir='ltr'><strong>quae</strong></span> <span class='ocrx_word' id='word_1_397' title='bbox 1264 3260 1356 3296; x_wconf 78' lang='lat' dir='ltr'><strong>roxa</strong></span> 
     </span>
    </p>
   </div>
   <div class='ocr_carea' id='block_1_12' title="bbox 112 3313 1357 3393">
    <p class='ocr_par' dir='ltr' id='par_1_14' title="bbox 112 3313 1357 3393">
     <span class='ocr_line' id='line_1_40' title="bbox 112 3313 1357 3393; baseline -0.006 -19"><span class='ocrx_word' id='word_1_398' title='bbox 112 3333 119 3353; x_wconf 68' lang='lat'>³</span> <span class='ocrx_word' id='word_1_399' title='bbox 204 3320 281 3374; x_wconf 76' lang='lat' dir='ltr'><strong>&#39;Gud.</strong></span> <span class='ocrx_word' id='word_1_400' title='bbox 310 3320 395 3390; x_wconf 86' lang='lat' dir='ltr'><strong>plane</strong></span> <span class='ocrx_word' id='word_1_401' title='bbox 422 3319 507 3372; x_wconf 86' lang='lat' dir='ltr'><strong>abest.</strong></span> <span class='ocrx_word' id='word_1_402' title='bbox 543 3320 641 3393; x_wconf 80' lang='lat' dir='ltr'><strong>Pergit</strong></span> <span class='ocrx_word' id='word_1_403' title='bbox 662 3318 748 3371; x_wconf 89' lang='lat' dir='ltr'><strong>Vind.</strong></span> <span class='ocrx_word' id='word_1_404' title='bbox 769 3323 793 3374; x_wconf 91' lang='lat'><strong>1.</strong></span> <span class='ocrx_word' id='word_1_405' title='bbox 813 3333 843 3371; x_wconf 85' lang='lat' dir='ltr'><strong>se</strong></span> <span class='ocrx_word' id='word_1_406' title='bbox 859 3318 920 3372; x_wconf 82' lang='lat' dir='ltr'><strong>diis</strong></span> <span class='ocrx_word' id='word_1_407' title='bbox 937 3317 1154 3371; x_wconf 83' lang='lat' dir='ltr'><strong>immortalibus.</strong></span> <span class='ocrx_word' id='word_1_408' title='bbox 1191 3319 1255 3369; x_wconf 85' lang='lat' dir='ltr'><strong>lllox</strong></span> <span class='ocrx_word' id='word_1_409' title='bbox 1273 3314 1306 3366; x_wconf 89' lang='lat' dir='ltr'><strong>A.</strong></span> <span class='ocrx_word' id='word_1_410' title='bbox 1327 3313 1357 3366; x_wconf 83' lang='lat' dir='ltr'><strong>si</strong></span> 
     </span>
    </p>
   </div>
   <div class='ocr_carea' id='block_1_13' title="bbox 207 3389 1356 3529">
    <p class='ocr_par' dir='ltr' id='par_1_15' title="bbox 207 3389 1356 3529">
     <span class='ocr_line' id='line_1_41' title="bbox 207 3389 577 3457; baseline -0.008 -14"><span class='ocrx_word' id='word_1_411' title='bbox 207 3397 369 3444; x_wconf 84' lang='lat' dir='ltr'><strong>eorummet</strong></span> <span class='ocrx_word' id='word_1_412' title='bbox 384 3391 480 3457; x_wconf 84' lang='lat' dir='ltr'><strong>plage.</strong></span> <span class='ocrx_word' id='word_1_413' title='bbox 517 3389 577 3441; x_wconf 90' lang='lat' dir='ltr'><strong>Mr.</strong></span> 
     </span>
     <span class='ocr_line' id='line_1_42' title="bbox 278 3456 1356 3529; baseline -0.004 -16"><span class='ocrx_word' id='word_1_414' title='bbox 278 3460 305 3513; x_wconf 87' lang='lat' dir='ltr'><strong>si</strong></span> <span class='ocrx_word' id='word_1_415' title='bbox 322 3476 415 3512; x_wconf 87' lang='lat' dir='ltr'><strong>eorum</strong></span> <span class='ocrx_word' id='word_1_416' title='bbox 426 3461 517 3529; x_wconf 74' lang='lat' dir='ltr'><strong>plage</strong></span> <span class='ocrx_word' id='word_1_417' title='bbox 530 3456 717 3526; x_wconf 78' lang='lat' dir='ltr'><strong>percussi]</strong></span> <span class='ocrx_word' id='word_1_418' title='bbox 753 3456 883 3524; x_wconf 83' lang='lat' dir='ltr'><strong>„Malim</strong></span> <span class='ocrx_word' id='word_1_419' title='bbox 902 3457 1032 3527; x_wconf 82' lang='lat' dir='ltr'><strong>percussi</strong></span> <span class='ocrx_word' id='word_1_420' title='bbox 1053 3474 1106 3527; x_wconf 89' lang='lat' dir='ltr'><strong>pro</strong></span> <span class='ocrx_word' id='word_1_421' title='bbox 1128 3457 1259 3526; x_wconf 86' lang='lat' dir='ltr'><strong>perculsi,</strong></span> <span class='ocrx_word' id='word_1_422' title='bbox 1283 3473 1356 3526; x_wconf 85' lang='lat' dir='ltr'><strong>quea</strong></span> 
     </span>
    </p>
   </div>
   <div class='ocr_carea' id='block_1_14' title="bbox 86 3526 1356 3676">
    <p class='ocr_par' dir='ltr' id='par_1_16' title="bbox 86 3526 1356 3676">
     <span class='ocr_line' id='line_1_43' title="bbox 92 3526 1356 3602; baseline -0.005 -17"><span class='ocrx_word' id='word_1_423' title='bbox 92 3559 99 3573; x_wconf 92' lang='lat'>·</span> <span class='ocrx_word' id='word_1_424' title='bbox 201 3529 294 3584; x_wconf 76' lang='lat' dir='ltr'><strong>&#39;uerba</strong></span> <span class='ocrx_word' id='word_1_425' title='bbox 311 3549 393 3602; x_wconf 85' lang='lat' dir='ltr'><strong>saepe</strong></span> <span class='ocrx_word' id='word_1_426' title='bbox 412 3531 443 3580; x_wconf 89' lang='lat' dir='ltr'><strong>in</strong></span> <span class='ocrx_word' id='word_1_427' title='bbox 460 3530 544 3582; x_wconf 86' lang='lat' dir='ltr'><strong>libris</strong></span> <span class='ocrx_word' id='word_1_428' title='bbox 556 3538 779 3600; x_wconf 65' lang='lat' dir='ltr'><strong>perstruuntur:</strong></span> <span class='ocrx_word' id='word_1_429' title='bbox 800 3537 829 3581; x_wconf 88' lang='lat' dir='ltr'><strong>et</strong></span> <span class='ocrx_word' id='word_1_430' title='bbox 847 3527 922 3579; x_wconf 89' lang='lat' dir='ltr'><strong>illud</strong></span> <span class='ocrx_word' id='word_1_431' title='bbox 937 3526 968 3579; x_wconf 84' lang='lat' dir='ltr'><strong>h.</strong></span> <span class='ocrx_word' id='word_1_432' title='bbox 982 3529 1002 3578; x_wconf 89' lang='lat' dir='ltr'><strong>l.</strong></span> <span class='ocrx_word' id='word_1_433' title='bbox 1021 3535 1120 3597; x_wconf 87' lang='lat' dir='ltr'><strong>aptum</strong></span> <span class='ocrx_word' id='word_1_434' title='bbox 1132 3538 1187 3593; x_wconf 71' lang='lat' dir='ltr'><strong>est,</strong></span> <span class='ocrx_word' id='word_1_435' title='bbox 1201 3544 1259 3581; x_wconf 91' lang='lat' dir='ltr'><strong>non</strong></span> <span class='ocrx_word' id='word_1_436' title='bbox 1268 3526 1356 3579; x_wconf 88' lang='lat' dir='ltr'><strong>hoc.“</strong></span> 
     </span>
     <span class='ocr_line' id='line_1_44' title="bbox 86 3597 1355 3676; baseline -0.007 -19"><span class='ocrx_word' id='word_1_437' title='bbox 86 3608 99 3613; x_wconf 72' lang='grc'><strong>”</strong></span> <span class='ocrx_word' id='word_1_438' title='bbox 200 3603 279 3667; x_wconf 68' lang='lat' dir='ltr'><strong>Bru.</strong></span> <span class='ocrx_word' id='word_1_439' title='bbox 317 3602 500 3676; x_wconf 84' lang='lat' dir='ltr'><strong>„Eleganter</strong></span> <span class='ocrx_word' id='word_1_440' title='bbox 521 3597 665 3668; x_wconf 81' lang='lat' dir='ltr'><strong>perculsi.-</strong></span> <span class='ocrx_word' id='word_1_441' title='bbox 692 3617 759 3652; x_wconf 87' lang='lat' dir='ltr'><strong>nam</strong></span> <span class='ocrx_word' id='word_1_442' title='bbox 781 3598 945 3670; x_wconf 89' lang='lat' dir='ltr'><strong>percellere</strong></span> <span class='ocrx_word' id='word_1_443' title='bbox 975 3605 1018 3650; x_wconf 90' lang='lat' dir='ltr'><strong>est</strong></span> <span class='ocrx_word' id='word_1_444' title='bbox 1044 3608 1237 3668; x_wconf 87' lang='lat' dir='ltr'><strong>prosternere,</strong></span> <span class='ocrx_word' id='word_1_445' title='bbox 1269 3598 1355 3668; x_wconf 83' lang='lat' dir='ltr'><strong>idque</strong></span> 
     </span>
    </p>
   </div>
   <div class='ocr_carea' id='block_1_15' title="bbox 112 3669 1401 4520">
    <p class='ocr_par' dir='ltr' id='par_1_17' title="bbox 201 3669 1357 3748">
     <span class='ocr_line' id='line_1_45' title="bbox 201 3669 1357 3748; baseline -0.006 -22"><span class='ocrx_word' id='word_1_446' title='bbox 201 3673 280 3727; x_wconf 69' lang='lat' dir='ltr'><strong>&#39;bene</strong></span> <span class='ocrx_word' id='word_1_447' title='bbox 299 3673 434 3748; x_wconf 83' lang='lat' dir='ltr'><strong>iungitur</strong></span> <span class='ocrx_word' id='word_1_448' title='bbox 451 3689 516 3724; x_wconf 87' lang='lat' dir='ltr'><strong>cum</strong></span> <span class='ocrx_word' id='word_1_449' title='bbox 534 3669 656 3738; x_wconf 74' lang='lat' dir='ltr'><strong>afflictos</strong></span> <span class='ocrx_word' id='word_1_450' title='bbox 671 3677 701 3722; x_wconf 89' lang='lat' dir='ltr'><strong>et</strong></span> <span class='ocrx_word' id='word_1_451' title='bbox 715 3674 823 3723; x_wconf 81' lang='lat' dir='ltr'><strong>stratos</strong></span> <span class='ocrx_word' id='word_1_452' title='bbox 842 3670 929 3722; x_wconf 86' lang='lat' dir='ltr'><strong>etiam</strong></span> <span class='ocrx_word' id='word_1_453' title='bbox 946 3684 1012 3720; x_wconf 90' lang='lat' dir='ltr'><strong>cum</strong></span> <span class='ocrx_word' id='word_1_454' title='bbox 1027 3669 1124 3742; x_wconf 77' lang='lat' dir='ltr'><strong>plugp.</strong></span> <span class='ocrx_word' id='word_1_455' title='bbox 1151 3671 1244 3722; x_wconf 86' lang='lat' dir='ltr'><strong>Minus</strong></span> <span class='ocrx_word' id='word_1_456' title='bbox 1261 3670 1357 3739; x_wconf 86' lang='lat' dir='ltr'><strong>placet</strong></span> 
     </span>
    </p>

    <p class='ocr_par' dir='ltr' id='par_1_18' title="bbox 207 3739 1355 3813">
     <span class='ocr_line' id='line_1_46' title="bbox 207 3739 1355 3813; baseline -0.007 -16"><span class='ocrx_word' id='word_1_457' title='bbox 207 3743 347 3813; x_wconf 85' lang='lat' dir='ltr'><strong>percussi,</strong></span> <span class='ocrx_word' id='word_1_458' title='bbox 367 3740 442 3813; x_wconf 89' lang='lat' dir='ltr'><strong>quod</strong></span> <span class='ocrx_word' id='word_1_459' title='bbox 459 3743 530 3794; x_wconf 83' lang='lat' dir='ltr'><strong>Ern.</strong></span> <span class='ocrx_word' id='word_1_460' title='bbox 551 3741 684 3805; x_wconf 81' lang='lat' dir='ltr'><strong>coniecit,</strong></span> <span class='ocrx_word' id='word_1_461' title='bbox 702 3741 787 3811; x_wconf 86' lang='lat' dir='ltr'><strong>Bipp.</strong></span> <span class='ocrx_word' id='word_1_462' title='bbox 806 3739 897 3811; x_wconf 81' lang='lat' dir='ltr'><strong>secuti</strong></span> <span class='ocrx_word' id='word_1_463' title='bbox 916 3739 1011 3791; x_wconf 88' lang='lat' dir='ltr'><strong>sunt.“</strong></span> <span class='ocrx_word' id='word_1_464' title='bbox 1028 3739 1138 3794; x_wconf 84' lang='lat' dir='ltr'><strong>Nissen.</strong></span> <span class='ocrx_word' id='word_1_465' title='bbox 1174 3742 1261 3793; x_wconf 90' lang='lat' dir='ltr'><strong>Recte</strong></span> <span class='ocrx_word' id='word_1_466' title='bbox 1280 3741 1355 3792; x_wconf 86' lang='lat' dir='ltr'><strong>Niss.</strong></span> 
     </span>
    </p>

    <p class='ocr_par' dir='ltr' id='par_1_19' title="bbox 210 3809 1356 3882">
     <span class='ocr_line' id='line_1_47' title="bbox 210 3809 1356 3882; baseline -0.006 -15"><span class='ocrx_word' id='word_1_467' title='bbox 210 3815 341 3882; x_wconf 88' lang='lat' dir='ltr'><strong>quamvis</strong></span> <span class='ocrx_word' id='word_1_468' title='bbox 365 3812 519 3865; x_wconf 82' lang='lat' dir='ltr'><strong>assentiant</strong></span> <span class='ocrx_word' id='word_1_469' title='bbox 541 3812 681 3864; x_wconf 81' lang='lat' dir='ltr'><strong>Ernesto·</strong></span> <span class='ocrx_word' id='word_1_470' title='bbox 698 3810 754 3864; x_wconf 88' lang='lat' dir='ltr'><strong>duo</strong></span> <span class='ocrx_word' id='word_1_471' title='bbox 785 3810 855 3865; x_wconf 85' lang='lat' dir='ltr'><strong>Oxx.</strong></span> <span class='ocrx_word' id='word_1_472' title='bbox 886 3809 975 3863; x_wconf 78' lang='lat' dir='ltr'><strong>Reno.</strong></span> <span class='ocrx_word' id='word_1_473' title='bbox 1005 3810 1079 3863; x_wconf 85' lang='lat' dir='ltr'><strong>Gud.</strong></span> <span class='ocrx_word' id='word_1_474' title='bbox 1110 3810 1208 3863; x_wconf 86' lang='lat' dir='ltr'><strong>Duisb.</strong></span> <span class='ocrx_word' id='word_1_475' title='bbox 1243 3818 1272 3865; x_wconf 90' lang='lat' dir='ltr'><strong>et</strong></span> <span class='ocrx_word' id='word_1_476' title='bbox 1303 3810 1356 3862; x_wconf 90' lang='lat' dir='ltr'><strong>Ed.</strong></span> 
     </span>
    </p>

    <p class='ocr_par' dir='ltr' id='par_1_20' title="bbox 203 3879 1358 3964">
     <span class='ocr_line' id='line_1_48' title="bbox 203 3879 1358 3964; baseline -0.004 -26"><span class='ocrx_word' id='word_1_477' title='bbox 203 3883 325 3938; x_wconf 83' lang='lat' dir='ltr'><strong>lllannh.</strong></span> <span class='ocrx_word' id='word_1_478' title='bbox 361 3884 442 3936; x_wconf 90' lang='lat' dir='ltr'><strong>Unus</strong></span> <span class='ocrx_word' id='word_1_479' title='bbox 459 3882 509 3934; x_wconf 85' lang='lat' dir='ltr'><strong>Ox.</strong></span> <span class='ocrx_word' id='word_1_480' title='bbox 528 3880 615 3935; x_wconf 85' lang='lat' dir='ltr'><strong>habet</strong></span> <span class='ocrx_word' id='word_1_481' title='bbox 630 3879 747 3951; x_wconf 77' lang='lat' dir='ltr'><strong>pertusi,</strong></span> <span class='ocrx_word' id='word_1_482' title='bbox 768 3879 841 3964; x_wconf 81' lang='lat' dir='ltr'><strong>Gud.</strong></span> <span class='ocrx_word' id='word_1_483' title='bbox 861 3882 893 3936; x_wconf 76' lang='lat' dir='ltr'><strong>P.</strong></span> <span class='ocrx_word' id='word_1_484' title='bbox 905 3879 1003 3949; x_wconf 86' lang='lat' dir='ltr'><strong>procul</strong></span> <span class='ocrx_word' id='word_1_485' title='bbox 1019 3880 1066 3935; x_wconf 86' lang='lat' dir='ltr'><strong>sit.</strong></span> <span class='ocrx_word' id='word_1_486' title='bbox 1085 3881 1221 3957; x_wconf 75' lang='lat' dir='ltr'><strong>Egregie.</strong></span> <span class='ocrx_word' id='word_1_487' title='bbox 1259 3879 1303 3934; x_wconf 84' lang='lat' dir='ltr'><strong>cf.</strong></span> <span class='ocrx_word' id='word_1_488' title='bbox 1322 3880 1358 3933; x_wconf 89' lang='lat' dir='ltr'><strong>ad</strong></span> 
     </span>
    </p>

    <p class='ocr_par' dir='ltr' id='par_1_21' title="bbox 201 3950 1401 4091">
     <span class='ocr_line' id='line_1_49' title="bbox 201 3950 1401 4091; baseline -0.008 -14"><span class='ocrx_word' id='word_1_489' title='bbox 201 3954 557 4078; x_wconf 55' lang='lat' dir='ltr'><strong>›t·.rte²a·0dtlf</strong></span> <span class='ocrx_word' id='word_1_490' title='bbox 572 3950 1356 4091; x_wconf 54' lang='lat' dir='ltr'><strong>irre-et.intersit.uisset:</strong></span> <span class='ocrx_word' id='word_1_491' title='bbox 1399 4063 1401 4067; x_wconf 78' lang='grc'>,</span> 
     </span>
    </p>

    <p class='ocr_par' dir='ltr' id='par_1_22' title="bbox 204 4093 1356 4166">
     <span class='ocr_line' id='line_1_50' title="bbox 204 4093 1356 4166; baseline -0.003 -18"><span class='ocrx_word' id='word_1_492' title='bbox 204 4095 262 4148; x_wconf 67' lang='lat' dir='ltr'><strong>Ed.</strong></span> <span class='ocrx_word' id='word_1_493' title='bbox 283 4094 316 4145; x_wconf 86' lang='lat' dir='ltr'><strong>A.</strong></span> <span class='ocrx_word' id='word_1_494' title='bbox 352 4095 408 4166; x_wconf 84' lang='lat' dir='ltr'><strong>Pro</strong></span> <span class='ocrx_word' id='word_1_495' title='bbox 425 4098 531 4146; x_wconf 79' lang='lat' dir='ltr'><strong>simios</strong></span> <span class='ocrx_word' id='word_1_496' title='bbox 548 4101 589 4145; x_wconf 85' lang='lat' dir='ltr'><strong>est</strong></span> <span class='ocrx_word' id='word_1_497' title='bbox 606 4093 713 4158; x_wconf 65' lang='lat' dir='ltr'><strong>fructos</strong></span> <span class='ocrx_word' id='word_1_498' title='bbox 731 4093 763 4144; x_wconf 87' lang='lat' dir='ltr'><strong>in</strong></span> <span class='ocrx_word' id='word_1_499' title='bbox 780 4093 872 4146; x_wconf 85' lang='lat' dir='ltr'><strong>tribus</strong></span> <span class='ocrx_word' id='word_1_500' title='bbox 891 4095 964 4160; x_wconf 82' lang='lat' dir='ltr'><strong>Oxx.</strong></span> <span class='ocrx_word' id='word_1_501' title='bbox 980 4111 1038 4146; x_wconf 91' lang='lat' dir='ltr'><strong>uno</strong></span> <span class='ocrx_word' id='word_1_502' title='bbox 1062 4094 1141 4147; x_wconf 84' lang='lat' dir='ltr'><strong>Leid.</strong></span> <span class='ocrx_word' id='word_1_503' title='bbox 1167 4093 1241 4146; x_wconf 83' lang='lat' dir='ltr'><strong>Gud.</strong></span> <span class='ocrx_word' id='word_1_504' title='bbox 1267 4093 1356 4146; x_wconf 68' lang='lat' dir='ltr'><strong>Retia.</strong></span> 
     </span>
    </p>

    <p class='ocr_par' dir='ltr' id='par_1_23' title="bbox 182 4163 1358 4304">
     <span class='ocr_line' id='line_1_51' title="bbox 182 4163 1358 4235; baseline -0.002 -17"><span class='ocrx_word' id='word_1_505' title='bbox 182 4191 183 4197; x_wconf 60' lang='lat'><strong>.</strong></span> <span class='ocrx_word' id='word_1_506' title='bbox 207 4168 284 4228; x_wconf 76' lang='lat' dir='ltr'><strong>Mon.</strong></span> <span class='ocrx_word' id='word_1_507' title='bbox 303 4164 329 4216; x_wconf 74' lang='lat'><strong>2.</strong></span> <span class='ocrx_word' id='word_1_508' title='bbox 349 4164 432 4215; x_wconf 85' lang='lat' dir='ltr'><strong>Vind.</strong></span> <span class='ocrx_word' id='word_1_509' title='bbox 454 4169 477 4219; x_wconf 94' lang='lat' dir='ltr'><strong>l.</strong></span> <span class='ocrx_word' id='word_1_510' title='bbox 506 4166 571 4216; x_wconf 87' lang='lat' dir='ltr'><strong>Post</strong></span> <span class='ocrx_word' id='word_1_511' title='bbox 592 4164 642 4217; x_wconf 87' lang='lat' dir='ltr'><strong>sed</strong></span> <span class='ocrx_word' id='word_1_512' title='bbox 664 4164 719 4216; x_wconf 89' lang='lat' dir='ltr'><strong>duo</strong></span> <span class='ocrx_word' id='word_1_513' title='bbox 739 4164 933 4218; x_wconf 82' lang='lat' dir='ltr'><strong>0x1.habent</strong></span> <span class='ocrx_word' id='word_1_514' title='bbox 956 4163 1006 4219; x_wconf 80' lang='lat' dir='ltr'><strong>ltoc</strong></span> <span class='ocrx_word' id='word_1_515' title='bbox 1029 4181 1082 4235; x_wconf 89' lang='lat' dir='ltr'><strong>pro</strong></span> <span class='ocrx_word' id='word_1_516' title='bbox 1100 4165 1173 4218; x_wconf 78' lang='lat' dir='ltr'><strong>mec.</strong></span> <span class='ocrx_word' id='word_1_517' title='bbox 1212 4164 1257 4217; x_wconf 89' lang='lat' dir='ltr'><strong>Ad</strong></span> <span class='ocrx_word' id='word_1_518' title='bbox 1277 4165 1358 4217; x_wconf 91' lang='lat' dir='ltr'><strong>locu-</strong></span> 
     </span>
     <span class='ocr_line' id='line_1_52' title="bbox 208 4234 1358 4304; baseline -0.003 -15"><span class='ocrx_word' id='word_1_519' title='bbox 208 4237 318 4290; x_wconf 90' lang='lat' dir='ltr'><strong>tionem</strong></span> <span class='ocrx_word' id='word_1_520' title='bbox 337 4234 411 4287; x_wconf 85' lang='lat' dir='ltr'><strong>s&#39;nler</strong></span> <span class='ocrx_word' id='word_1_521' title='bbox 428 4249 459 4287; x_wconf 85' lang='lat' dir='ltr'><strong>se</strong></span> <span class='ocrx_word' id='word_1_522' title='bbox 477 4261 511 4274; x_wconf 92' lang='lat'><strong>·-</strong></span> <span class='ocrx_word' id='word_1_523' title='bbox 528 4241 681 4304; x_wconf 77' lang='lat' dir='ltr'><strong>repugnent</strong></span> <span class='ocrx_word' id='word_1_524' title='bbox 700 4237 738 4288; x_wconf 84' lang='lat' dir='ltr'><strong>cf.</strong></span> <span class='ocrx_word' id='word_1_525' title='bbox 759 4236 817 4289; x_wconf 85' lang='lat' dir='ltr'><strong>Cic.</strong></span> <span class='ocrx_word' id='word_1_526' title='bbox 838 4236 873 4288; x_wconf 91' lang='lat' dir='ltr'><strong>de</strong></span> <span class='ocrx_word' id='word_1_527' title='bbox 891 4237 928 4289; x_wconf 94' lang='lat' dir='ltr'><strong>N.</strong></span> <span class='ocrx_word' id='word_1_528' title='bbox 948 4236 984 4290; x_wconf 89' lang='lat' dir='ltr'><strong>D.</strong></span> <span class='ocrx_word' id='word_1_529' title='bbox 1004 4238 1026 4288; x_wconf 88' lang='lat'><strong>1.</strong></span> <span class='ocrx_word' id='word_1_530' title='bbox 1048 4239 1088 4291; x_wconf 78' lang='lat'><strong>12</strong></span> <span class='ocrx_word' id='word_1_531' title='bbox 1109 4239 1150 4291; x_wconf 84' lang='lat'><strong>30.</strong></span> <span class='ocrx_word' id='word_1_532' title='bbox 1173 4245 1246 4288; x_wconf 85' lang='lat' dir='ltr'><strong>extr.</strong></span> <span class='ocrx_word' id='word_1_533' title='bbox 1276 4243 1305 4287; x_wconf 88' lang='lat' dir='ltr'><strong>et</strong></span> <span class='ocrx_word' id='word_1_534' title='bbox 1323 4235 1358 4286; x_wconf 87' lang='lat' dir='ltr'><strong>ad</strong></span> 
     </span>
    </p>

    <p class='ocr_par' dir='ltr' id='par_1_24' title="bbox 201 4306 1356 4382">
     <span class='ocr_line' id='line_1_53' title="bbox 201 4306 1356 4382; baseline -0.003 -22"><span class='ocrx_word' id='word_1_535' title='bbox 201 4319 274 4360; x_wconf 84' lang='lat' dir='ltr'><strong>&#39;enm</strong></span> <span class='ocrx_word' id='word_1_536' title='bbox 292 4308 387 4360; x_wconf 90' lang='lat' dir='ltr'><strong>locum</strong></span> <span class='ocrx_word' id='word_1_537' title='bbox 405 4307 538 4359; x_wconf 81' lang='lat' dir='ltr'><strong>Jentaen.</strong></span> <span class='ocrx_word' id='word_1_538' title='bbox 567 4307 598 4357; x_wconf 90' lang='lat' dir='ltr'><strong>in</strong></span> <span class='ocrx_word' id='word_1_539' title='bbox 616 4307 740 4359; x_wconf 83' lang='lat' dir='ltr'><strong>Censura</strong></span> <span class='ocrx_word' id='word_1_540' title='bbox 765 4307 959 4382; x_wconf 82' lang='lat' dir='ltr'><strong>insigniorum</strong></span> <span class='ocrx_word' id='word_1_541' title='bbox 983 4307 1113 4359; x_wconf 90' lang='lat' dir='ltr'><strong>locorum</strong></span> <span class='ocrx_word' id='word_1_542' title='bbox 1137 4307 1169 4358; x_wconf 91' lang='lat' dir='ltr'><strong>in</strong></span> <span class='ocrx_word' id='word_1_543' title='bbox 1187 4307 1245 4360; x_wconf 86' lang='lat' dir='ltr'><strong>Cic.</strong></span> <span class='ocrx_word' id='word_1_544' title='bbox 1265 4306 1300 4358; x_wconf 87' lang='lat' dir='ltr'><strong>de</strong></span> <span class='ocrx_word' id='word_1_545' title='bbox 1319 4307 1356 4358; x_wconf 82' lang='lat' dir='ltr'><strong>N.</strong></span> 
     </span>
    </p>

    <p class='ocr_par' dir='ltr' id='par_1_25' title="bbox 112 4376 1359 4520">
     <span class='ocr_line' id='line_1_54' title="bbox 112 4376 1355 4449; baseline -0.002 -18"><span class='ocrx_word' id='word_1_546' title='bbox 112 4443 116 4449; x_wconf 61' lang='lat'><strong>.</strong></span> <span class='ocrx_word' id='word_1_547' title='bbox 206 4377 242 4432; x_wconf 68' lang='lat' dir='ltr'><strong>D.</strong></span> <span class='ocrx_word' id='word_1_548' title='bbox 263 4380 293 4430; x_wconf 75' lang='lat'><strong>[1-</strong></span> <span class='ocrx_word' id='word_1_549' title='bbox 313 4379 335 4430; x_wconf 86' lang='grc' dir='ltr'><strong>Ι.</strong></span> <span class='ocrx_word' id='word_1_550' title='bbox 354 4388 383 4448; x_wconf 85' lang='lat' dir='ltr'><strong>p.</strong></span> <span class='ocrx_word' id='word_1_551' title='bbox 404 4379 447 4432; x_wconf 81' lang='lat'><strong>36.</strong></span> <span class='ocrx_word' id='word_1_552' title='bbox 468 4376 627 4430; x_wconf 85' lang='lat' dir='ltr'><strong>Gernhard.</strong></span> <span class='ocrx_word' id='word_1_553' title='bbox 652 4377 687 4430; x_wconf 88' lang='lat' dir='ltr'><strong>ad</strong></span> <span class='ocrx_word' id='word_1_554' title='bbox 700 4378 764 4435; x_wconf 79' lang='lat' dir='ltr'><strong>cic.</strong></span> <span class='ocrx_word' id='word_1_555' title='bbox 783 4379 861 4431; x_wconf 86' lang='lat' dir='ltr'><strong>Lael.</strong></span> <span class='ocrx_word' id='word_1_556' title='bbox 882 4381 925 4442; x_wconf 79' lang='lat'><strong>22,</strong></span> <span class='ocrx_word' id='word_1_557' title='bbox 945 4380 988 4432; x_wconf 74' lang='lat'><strong>82.</strong></span> <span class='ocrx_word' id='word_1_558' title='bbox 1008 4395 1036 4447; x_wconf 90' lang='lat' dir='ltr'><strong>p.</strong></span> <span class='ocrx_word' id='word_1_559' title='bbox 1060 4381 1109 4432; x_wconf 85' lang='lat'><strong>168</strong></span> <span class='ocrx_word' id='word_1_560' title='bbox 1127 4394 1168 4446; x_wconf 90' lang='lat' dir='ltr'><strong>sq.</strong></span> <span class='ocrx_word' id='word_1_561' title='bbox 1205 4378 1286 4430; x_wconf 92' lang='lat' dir='ltr'><strong>Unus</strong></span> <span class='ocrx_word' id='word_1_562' title='bbox 1305 4378 1355 4429; x_wconf 87' lang='lat' dir='ltr'><strong>Ox.</strong></span> 
     </span>
     <span class='ocr_line' id='line_1_55' title="bbox 205 4448 1359 4520; baseline -0.003 -18"><span class='ocrx_word' id='word_1_563' title='bbox 205 4448 292 4505; x_wconf 85' lang='lat' dir='ltr'><strong>habet</strong></span> <span class='ocrx_word' id='word_1_564' title='bbox 307 4453 441 4520; x_wconf 77' lang='lat' dir='ltr'><strong>pugnent,</strong></span> <span class='ocrx_word' id='word_1_565' title='bbox 469 4448 551 4502; x_wconf 86' lang='lat' dir='ltr'><strong>cuius</strong></span> <span class='ocrx_word' id='word_1_566' title='bbox 568 4449 694 4518; x_wconf 89' lang='lat' dir='ltr'><strong>scriptor</strong></span> <span class='ocrx_word' id='word_1_567' title='bbox 712 4449 743 4502; x_wconf 90' lang='lat' dir='ltr'><strong>in</strong></span> <span class='ocrx_word' id='word_1_568' title='bbox 761 4450 860 4504; x_wconf 83' lang='lat' dir='ltr'><strong>eodem</strong></span> <span class='ocrx_word' id='word_1_569' title='bbox 882 4449 940 4501; x_wconf 82' lang='lat' dir='ltr'><strong>fuit</strong></span> <span class='ocrx_word' id='word_1_570' title='bbox 959 4464 1068 4514; x_wconf 86' lang='lat' dir='ltr'><strong>errore,</strong></span> <span class='ocrx_word' id='word_1_571' title='bbox 1096 4448 1127 4499; x_wconf 91' lang='lat' dir='ltr'><strong>in</strong></span> <span class='ocrx_word' id='word_1_572' title='bbox 1146 4463 1203 4519; x_wconf 91' lang='lat' dir='ltr'><strong>quo</strong></span> <span class='ocrx_word' id='word_1_573' title='bbox 1216 4449 1359 4501; x_wconf 86' lang='lat' dir='ltr'><strong>Ernestus</strong></span> 
     </span>
    </p>
   </div>
   <div class='ocr_carea' id='block_1_16' title="bbox 0 0 1437 5070">
    <p class='ocr_par' dir='ltr' id='par_1_26' title="bbox 0 0 1437 5070">
     <span class='ocr_line' id='line_1_56' title="bbox 0 0 1437 5070; baseline 0 0"><span class='ocrx_word' id='word_1_574' title='bbox 0 0 1437 5070; x_wconf 95' lang='lat' dir='ltr'><strong> </strong></span> 
     </span>
    </p>
   </div>
  </div>
 </body>
</html>
