2842 5070
193 333 236 400 as
407 330 635 397 nicanorus
656 296 904 396 russanen.
927 297 1162 394 naporum

195 499 393 572 constantia,
416 492 451 560 id
473 500 689 577 estsanitate,
701 504 899 564 ,vacantemt
923 515 1020 577 posse
1040 503 1152 556 tamen
1172 492 1263 556 tueri
1284 508 1353 556 mc-

192 683 373 751 „Staltitiam
395 702 419 738 e.
438 701 463 738 c.
484 683 703 738 inconstantiam
728 683 750 739 i.
770 700 793 736 e.
820 683 942 737 sanitate
964 687 1119 735 vacantems
1150 680 1191 732 ita
1216 677 1355 750 Gryph.“

127 805 130 808 Α
193 756 309 809 Brutus.

265 824 425 879 stultitiam
444 824 517 877 enim
535 829 706 888 censuerunt,
726 823 921 888 constantiam,
948 821 982 876 id
999 827 1041 875 est
1059 819 1181 874 sanitate
1198 819 1354 886 oaeatttem]
1374 838 1379 849 ’

194 896 265 961 „sic
284 898 414 965 quinque
432 896 503 949 Pall.
522 896 589 948 Fab.
609 895 685 947 Pith.
706 894 837 968 legitque
856 896 898 946 ita
916 911 952 946 ex
969 902 1027 946 vet.
1049 894 1109 946 cod.
1130 892 1265 945 Schottus
1279 892 1353 944 Nod.

195 967 255 1020 cic.
282 968 321 1032 11,
347 967 391 1022 22.
423 966 528 1032 [Errat
551 965 642 1020 Gebh.
669 965 805 1018 Schottus
831 961 944 1039 legebat
973 964 1149 1018 constantiae
1179 979 1269 1034 propa
1292 971 1354 1014 atus

194 1045 290 1089 tamen
317 1045 359 1089 est
381 1034 432 1088 hic
459 1045 550 1089 error*
566 1037 653 1088 etiam
681 1036 711 1087 in
735 1035 805 1088 Edd.
831 1036 915 1088 Verb.
944 1043 973 1087 et
999 1035 1089 1088 Gron.
1133 1035 1235 1104 Neque
1263 1050 1278 1084 e
1299 1032 1354 1084 idit

196 1106 288 1160 Gebh.
309 1107 506 1171 constantiam,
524 1116 557 1159 ut
576 1125 611 1160 ex
629 1106 764 1159 lemmate
785 1107 930 1170 coniicias,
951 1107 998 1157 sed
1016 1103 1249 1169 inconstantiam]
1275 1104 1355 1155 Vati·

141 1234 143 1236 ,
196 1196 282 1230 canus
309 1187 419 1230 tamen:
454 1177 607 1231 stultitiam
631 1176 705 1229 enim
728 1195 751 1230 c.
778 1177 936 1231 constantia
960 1176 982 1228 i.
1007 1194 1029 1227 e.
1055 1177 1177 1228 sanitate
1203 1180 1352 1227 vacantem.

194 1250 303 1324 Vulgo:
335 1247 454 1301 stult'e.
475 1264 497 1300 c.
519 1248 552 1301 id
570 1255 612 1301 est
628 1249 845 1302 inconstantiam
865 1247 944 1300 etc.“
965 1244 1102 1299 Gebhard.

266 1336 426 1390 Stultitiam
449 1336 521 1389 enim
546 1344 710 1390 censuerunt
739 1338 896 1389 constantia
919 1334 953 1389 id
976 1341 1018 1386 est
1036 1334 1166 1388 {sanitate
1192 1334 1355 1401 vacantem]

195 1403 301 1482 valio,
320 1408 472 1461 stultitiam
490 1407 563 1460 enim
582 1415 744 1462 consumunt
765 1406 988 1460 inconstantiam
1006 1406 1038 1458 id
1056 1412 1096 1457 est
1113 1404 1234 1457 sanitate
1252 1420 1354 1458 vacan-

197 1485 262 1531 tem.
299 1477 337 1529 At
354 1495 424 1531 vero
442 1479 554 1530 Nonius
572 1480 604 1529 in
622 1481 713 1545 tutor,
739 1478 810 1531 licet
834 1479 866 1534 in
884 1477 1006 1549 reliquis
1025 1475 1172 1550 vulgatam
1195 1477 1380 1529 lectionem*

195 1557 301 1614 servet,
334 1546 398 1601 loeo
427 1548 566 1602 stultitiae
590 1558 687 1601 tamen
714 1548 856 1602 insaniam
881 1555 1085 1618 repraesentat.
1123 1548 1213 1616 quue
1240 1555 1355 1599 rectum

130 1660 132 1667 .
196 1629 294 1674 censet
312 1619 427 1672 Paullus
446 1621 609 1684 Menenius,
629 1637 696 1672 cum
710 1636 767 1671 non
781 1618 917 1683 stultitia,
936 1620 985 1671 sed
1001 1617 1118 1671 insania
1137 1626 1166 1670 et
1177 1616 1258 1683 furor
1276 1619 1356 1670 inter

189 1697 225 1744 'se
249 1691 445 1743 conferantur.
484 1691 545 1742 Hoc
573 1698 669 1743 tamen
695 1689 768 1755 dato,
796 1691 980 1742 manifestum
999 1689 1118 1741 restabit
1134 1689 1257 1753 vitium3
1288 1706 1355 1740 nam

195 1761 298 1814 saltem
315 1760 433 1814 vocibus
452 1761 485 1814 id
503 1765 544 1812 est
563 1760 676 1827 deletis,
696 1762 825 1835 legamus
853 1768 967 1831 oportet
985 1757 1215 1812 inconstantiam
1233 1759 1356 1813 sanitate

195 1834 352 1896 vacantem
376 1832 451 1901 quod
471 1831 503 1883 in
521 1847 570 1882 suo
589 1831 665 1883 libro
683 1832 770 1884 fuisse
789 1840 912 1883 testatur
928 1832 1060 1886 Ursinus.
1097 1832 1138 1883 Re
1166 1839 1263 1883 tamen
1285 1848 1355 1899 vera
1399 1894 1403 1898 λ

196 1903 345 1957 Ciceronis
363 1920 479 1954 manum
498 1903 623 1953 servavit
640 1903 733 1954 Vatie.
754 1919 840 1972 quem
859 1920 925 1954 cum
943 1902 987 1957 cl.
1004 1902 1136 1954 Bentleio
1155 1917 1276 1970 sequor,
1300 1919 1355 1954 nec

196 1990 266 2044 opus
285 1980 328 2027 est
345 1972 379 2024 ul
397 1971 540 2025 insaniam
558 1972 696 2046 legamus,
729 1989 795 2024 cum
822 1972 883 2042 ipsa
907 1971 1031 2025 stultitia
1059 1972 1096 2023 sit
1121 1972 1241 2025 insania.
1281 1970 1354 2026 Vide

100 2113 104 2117 .
197 2062 283 2114 supra
307 2045 438 2125 cap31V,
457 2062 515 2112 seq.
552 2043 589 2095 D.

267 2113 426 2168 Stultitiam
445 2116 521 2167 enim
538 2117 704 2165 censuerunt
722 2110 940 2166 inconstantiam
958 2112 1025 2179 etet]
1053 2111 1144 2177 „Edu
1164 2119 1235 2166 vett.
1256 2128 1355 2166 omnes

197 2195 227 2240 et
246 2202 344 2238 omnes
362 2187 425 2236 fere
443 2183 529 2237 Codd.
549 2183 628 2238 MSS.
646 2182 721 2234 hane
740 2182 878 2237 exhibent
903 2183 1067 2236 lectionem.
1104 2185 1212 2236 Verum
1235 2184 1355 2254 quidem

197 2264 240 2309 est
257 2254 387 2308 Nonium
406 2254 578 2307 Marcellum
594 2254 622 2305 le
645 2254 697 2305 isse
716 2253 828 2306 videri:
860 2253 1004 2306 insaniam
1023 2271 1046 2307 e.
1067 2271 1090 2309 c.
1110 2253 1131 2306 i.
1152 2271 1175 2310 e.
1194 2253 1357 2309 incomtan·

159 2388 162 2392 Α
197 2326 271 2380 iiam
297 2325 422 2377 sanitate
448 2330 599 2377 vacantem.
662 2324 766 2376 avisius
791 2326 920 2395 primum
946 2325 1086 2377 ediderat:
1116 2325 1262 2378 Insaniam
1279 2326 1355 2379 enim

196 2402 364 2450 censuerunt
382 2410 443 2448 esse
460 2394 678 2448 inconstantiam
697 2395 797 2448 mentis
815 2396 936 2448 sanitate
960 2402 1118 2448 oacantems
1152 2396 1253 2449 deinde
1271 2415 1355 2468 prae-

196 2467 282 2520 tulit:
303 2466 379 2519 stult.
396 2484 419 2519 e.
441 2482 464 2519 c.
484 2465 640 2520 constantia
658 2465 679 2518 i.
698 2482 802 2522 esan.
823 2483 880 2520 nac.
920 2466 986 2519 Iure
1011 2464 1085 2518 mihi
1104 2467 1260 2519 lectionem
1277 2469 1354 2522 insa-

196 2536 283 2602 niam,
302 2537 437 2589 abiecisse
454 2536 579 2592 videtur.
616 2536 707 2588 Miror
725 2544 822 2590 autem
847 2554 904 2590 non
930 2537 1034 2589 vidisse
1053 2538 1130 2588 viros
1153 2538 1270 2591 criticos
1295 2556 1355 2593 non

198 2609 247 2685 agi
264 2608 315 2660 hi'e
333 2608 367 2661 de
387 2606 518 2674 stultitia,
551 2606 599 2659 sed
626 2607 659 2658 de
684 2607 848 2660 hominibus
866 2605 975 2673 stultis,
1001 2616 1034 2659 ut
1051 2615 1131 2676 patet
1150 2624 1185 2659 ex
1202 2609 1248 2674 iis,
1281 2627 1354 2678 quae

198 2687 373 2748 sequuntur:
402 2694 484 2746 posse
511 2685 604 2731 tamen
622 2677 698 2730 tueri
714 2678 941 2733 mediocritatem
964 2677 1122 2744 officiorum
1140 2686 1194 2730 etc.
1231 2678 1357 2735 Videtur

199 2751 294 2827 igitur
317 2749 462 2819 scripsisse
486 2749 599 2802 Cicero:
628 2747 775 2800 stultum
802 2749 875 2802 enim
897 2755 1060 2802 censuerunt
1086 2748 1355 2805 inconstantem

198 2837 275 2875 esse
299 2827 331 2872 et
362 2819 482 2873 sanitate
506 2826 655 2873 vacantem.
702 2819 836 2872 Ceterum
863 2837 921 2872 non
945 2820 986 2870 im
1008 2820 1081 2882 edio,
1114 2821 1138 2871 si
1163 2821 1227 2889 quis
1251 2822 1352 2876 malit:

198 2891 350 2945 stultitiam
369 2898 529 2944 censuerunt
546 2889 763 2944 inconstantiam
780 2890 880 2943 mentis
899 2889 978 2946 esse.‘
1006 2888 1141 2947 Bouhier.
1173 2891 1262 2956 Quam
1281 2892 1354 2946 dicit

197 2961 287 3015 Bouh.
307 2962 436 3032 primum
455 2962 563 3015 dedisse
581 2962 737 3014 lectionem
755 2962 914 3026 Davisium,
934 2978 996 3013 eam
1014 2980 1049 3015 ex
1067 2962 1133 3014 God.
1148 2962 1257 3014 Eliens.
1278 2980 1354 3017 com-

198 3033 315 3086 mendat
334 3033 422 3084 etiam
440 3032 472 3083 in
489 3032 541 3086 Ed.
563 3036 588 3087 2.
609 3047 782 3101 quamquam
800 3033 858 3084 iam
876 3032 989 3102 recepit
1007 3033 1047 3084 ibi
1064 3032 1222 3085 lectionem
1240 3033 1354 3087 Vatica-

197 3121 271 3156 nam.
309 3102 410 3156 Probat
428 3101 535 3156 ibidem
553 3102 674 3155 Manutii
692 3104 872 3168 sententiam,
891 3120 949 3155 non
967 3103 1133 3170 stultitiam,
1152 3104 1284 3170 dicentis,
1303 3105 1353 3159 sed

99 3205 105 3218 -
194 3173 338 3229 insaniam
363 3181 392 3227 et
414 3175 538 3240 aaronem
562 3174 643 3225 inter
669 3190 698 3225 se
723 3176 861 3231 conferri.
898 3173 991 3240 „Quia
1017 3175 1048 3225 in
1075 3182 1135 3227 tota
1152 3173 1206 3242 bac
1225 3177 1354 3229 oratione

194 3247 310 3300 insania
330 3252 359 3298 et
376 3244 458 3310 furor
476 3245 564 3298 distin
585 3252 706 3309 uantur,
723 3242 857 3297 videatur
874 3261 927 3315 pro
946 3245 1101 3298 stultitiam
1127 3245 1284 3319 legendum
1310 3246 1354 3300 in-

194 3319 315 3382 saniam,
344 3317 420 3384 quod
448 3324 477 3368 et
499 3317 530 3368 in
585 3315 612 3368 S.
637 3314 684 3365 El.
714 3316 825 3384 reperit
850 3315 919 3367 Dav.
958 3315 1029 3380 Quia
1050 3324 1148 3368 tamen
1172 3318 1286 3369 insania
1310 3327 1352 3370 est

194 3387 370 3458 insipientia,
391 3403 463 3454 quae
482 3406 497 3438 a
517 3384 644 3438 stultitia
668 3382 712 3435 nil
735 3385 844 3450 differt,
867 3385 981 3439 sultitia
1004 3387 1140 3439 servanda
1163 3388 1297 3440 videtur:
1324 3398 1353 3442 et

192 3459 272 3509 infra
290 3475 314 3509 e.
335 3459 361 3509 6.
380 3457 493 3524 pariter
516 3464 558 3509 est
579 3453 713 3518 stultitia,
740 3457 785 3508 ita
810 3461 874 3508 sunt
895 3460 969 3511 altae
995 3457 1099 3526 stirpes
1123 3458 1276 3524 stultitiae,
1304 3459 1354 3512 sed

186 3537 223 3581 et
241 3527 317 3598 quod
334 3528 468 3596 sequitur
485 3526 700 3581 inconstantiam
719 3525 739 3578 i.
760 3546 783 3580 e.
803 3527 927 3581 sanitate
944 3535 1085 3581 uocantem
1103 3546 1203 3580 sanum
1221 3545 1279 3581 non
1299 3538 1351 3582 est.

193 3601 271 3653 forte
289 3606 383 3651 totum
401 3598 533 3668 spurium
559 3604 613 3649 est.
643 3596 692 3648 sed
711 3598 778 3664 quia
802 3598 927 3662 furorem
946 3600 1033 3652 etiam
1057 3600 1197 3654 eiusmodi
1221 3600 1291 3670 quid
1309 3618 1352 3654 se·

194 3672 307 3740 quitur,
326 3669 430 3722 melius
447 3667 504 3720 hoc
521 3667 570 3718 illi
588 3666 782 3737 respondebit,
801 3669 826 3720 si
845 3669 927 3722 modo
946 3671 979 3722 id
997 3676 1038 3722 est
1055 3669 1111 3722 alio
1134 3671 1199 3724 loco
1217 3674 1264 3735 sit,
1284 3673 1353 3741 quia

193 3749 222 3792 et
241 3740 371 3794 definitio
389 3736 461 3790 haec
476 3737 594 3790 insania
612 3743 653 3789 est
672 3738 858 3793 inconstantia
876 3741 998 3793 sanitate
1014 3756 1126 3806 uacans,
1151 3758 1209 3794 non
1228 3742 1351 3809 subtilis,

193 3812 241 3863 sed
259 3812 362 3863 vitiosa
380 3811 418 3861 sit
435 3809 591 3861 secundum
615 3808 793 3862 dialecticos.
818 3811 859 3862 ita
878 3813 950 3864 erit:
976 3812 1127 3864 stultitiam
1145 3813 1218 3865 enim
1241 3829 1352 3866 censue·

192 3888 258 3934 runt
285 3881 318 3933 id
337 3885 378 3932 est
401 3878 618 3932 inconstantiam
637 3879 761 3933 sanitate
780 3888 932 3946 uocantem,
953 3896 1036 3949 posse
1055 3883 1132 3936 etc.“
1151 3884 1218 3935 lien.
1257 3884 1375 3950 laalle-¹

192 3970 313 4004 mannus
332 3951 411 4003 dedit
438 3959 481 4002 ut'
498 3951 567 4002 Dav.
588 3952 619 4001 in
637 3950 690 4002 Ed.
711 3955 735 4007 l.
757 3960 786 4003 et
811 3951 895 4004 Verb.
915 3953 1063 4004 Nissenius
1082 3954 1116 4005 ad
1143 3955 1231 4006 verba
1256 3954 1351 4009 incon-

192 4023 324 4076 stantium
348 4022 381 4073 id
399 4026 441 4073 est
465 4021 588 4074 sanitate
605 4027 755 4086 vacantem,
783 4023 838 4087 „ln
856 4022 914 4086 his,
933 4024 983 4088 ait,
1001 4024 1108 4075 vitium
1127 4025 1230 4090 inesse,
1251 4033 1351 4103 sponte

192 4103 280 4164 patet.
318 4095 384 4145 Non
402 4093 532 4162 poenitet
550 4110 595 4144 me
615 4093 812 4145 coniecturae:
840 4094 1039 4146 constantini.
1061 4112 1084 4147 e.
1106 4095 1230 4149 sanitate
1248 4112 1351 4149 oacan·

193 4173 245 4218 tem
264 4166 282 4216 i.
304 4182 327 4216 e.
348 4164 402 4217 etsi
421 4165 582 4216 constantia
599 4164 691 4214 vacet.
729 4165 805 4215 Haec
823 4165 856 4218 id
873 4172 924 4231 est,
948 4166 1071 4218 sanitate
1090 4168 1184 4219 addita
1201 4167 1349 4232 videntur,

193 4236 330 4307 quoniam
344 4250 398 4304 pro
417 4234 540 4300 insania,
560 4233 713 4287 stultitiam
731 4235 890 4304 usurpavit.
920 4238 1012 4306 Equo
1032 4237 1182 4291 stultitiam
1201 4239 1350 4314 integrum

193 4324 252 4360 esse
271 4306 367 4358 intelli
390 4305 458 4357 itur.
497 4309 599 4359 Postea
615 4305 810 4357 coniecturam
832 4323 847 4358 a
872 4305 940 4360 cod.
962 4308 1053 4362 Vatic.
1082 4310 1157 4378 ap'ud
1174 4310 1267 4361 Davis.
1296 4319 1351 4362 sta·

191 4377 306 4430 bilitsm
331 4323 425 4429 viiif‘
460 4378 566 4447 Recepi
586 4392 640 4447 ego
660 4391 774 4444 quoque
794 4394 860 4428 cum
877 4377 947 4429 Dav.
967 4376 1051 4430 Sehz.
1072 4380 1118 4430 Or.
1139 4380 1228 4432 Nobb.
1248 4381 1350 4432 lectio-

192 4466 259 4500 nem
281 4439 350 4502 cod.
370 4451 432 4501 Vat.
472 4448 528 4502 Sed
546 4446 651 4500 habent
669 4445 817 4511 stultitiam
836 4465 858 4501 e.
871 4464 893 4501 c.
914 4447 1131 4504 inconstantiam
1149 4450 1168 4504 i.
1181 4468 1204 4503 e.
1225 4451 1349 4506 sanitate
