2842 5070
202 306 265 375 tet
388 279 622 370 c1onnou1s
643 304 889 390 meconio.
912 307 1143 373 o1srurlr.

204 474 354 534 ratione·
368 471 444 550 fiet,
477 475 585 535 contio
616 474 822 555 appelletur,
853 493 958 556 eaque
987 475 1194 560 intelligatur
1224 476 1269 534 in
1283 478 1363 538 solo.

204 572 276 616 csse
295 555 463 636 sapientes
485 574 571 636 queo
591 565 702 618 autom
722 558 952 635 sinuatione,
974 565 1100 619 etcum
1112 556 1359 620 exanimatione

202 635 324 698 humili
343 644 445 718 <atque
472 640 586 709 fracta,
618 640 814 701 nominetur
847 648 973 703 metuet
1006 647 1057 705 est
1088 640 1196 727 igitur
1215 649 1318 704 metuo
1338 662 1360 704 a

142 724 184 777 lt.
205 721 331 781 ratione
362 738 476 782 caereo
495 721 618 785 cautio.
668 722 856 783 Praesentis
883 730 995 789 antem
1022 722 1099 782 mali
1125 723 1288 803 sepientis
1312 727 1360 786 et.

87 907 90 913 '
202 903 280 958 tione
297 906 343 970 fiet
360 903 455 958 cantio
474 906 631 973 appelletur
648 924 676 977 p.
698 909 740 961 lt.
760 922 793 960 ea
812 903 973 972 declinatio,
993 921 1062 974 asae
1080 922 1163 975 quum
1181 905 1293 960 retiam
1310 909 1360 973 fiet

203 984 258 1030 etc.
285 974 682 1041 vind1.habetfint‚cum
700 977 773 1031 Gud.
799 977 936 1030 Ceterum
952 977 1056 1030 mirari
1082 977 1153 1028 licet
1170 977 1298 1030 Bentleii
1315 978 1361 1030 in·

204 1046 402 1110 constantiam,
436 1047 488 1116 qui
512 1047 612 1122 paullo
636 1048 766 1169 superius
790 1047 925 1100 Ciceroni
947 1057 1047 1100 contra
1074 1047 1163 1100 libros
1181 1063 1244 1100 cam
1261 1048 1362 1101 obtru-

204 1116 283 1181 serit,
301 1124 335 1168 ut
353 1117 429 1169 dicat
445 1133 507 1170 cum
524 1117 649 1170 rationes
689 1134 723 1172 oc
740 1133 811 1171 vero
830 1118 906 1182 loco,
925 1119 996 1173 item
1014 1125 1115 1172 contra
1133 1118 1234 1182 libros,
1263 1119 1360 1173 deleto

203 1186 241 1250 ei,
259 1187 500 1257 praepositionem
518 1203 581 1240 cum
599 1197 693 1242 mutet
710 1188 742 1243 in
760 1188 995 1242 coniunctionem
1014 1206 1104 1258 qaum,
1133 1204 1191 1258 quo
1212 1191 1292 1254 tacto
1310 1205 1360 1243 re-

203 1259 280 1311 tione
297 1258 441 1328 superiori
458 1258 747 1328 sinepraepositione
766 1261 975 1313 conformatur:
995 1260 1082 1328 idque
1099 1260 1215 1325 fecerit,
1240 1269 1274 1312 ut
1293 1278 1360 1313 ana-

204 1328 344 1380 coluthon
361 1328 490 1392 tolleret,
508 1329 585 1399 quod
602 1329 854 1383 ista'correotione
871 1346 929 1382 non
946 1330 1072 1383 tollitur.
1109 1331 1210 1398 Aeque
1235 1337 1359 1395 rectum,

180 1413 182 1417 ’
204 1399 351 1452 commode
369 1399 410 1451 ait
428 1400 489 1465 On,
506 1399 596 1453 est‘si
607 1415 671 1453 cum
687 1399 801 1454 ratione
825 1401 872 1465 fiet
893 1416 926 1453 ac
943 1417 1029 1472 supra
1051 1414 1121 1469 qnae
1138 1400 1207 1469 qaid
1231 1417 1294 1454 cnm
1309 1417 1360 1454 ra-

204 1468 282 1523 tione
301 1469 454 1523 deciderat.
491 1471 552 1524 Mr.
928 1488 932 1495 ·
1359 1510 1362 1515 .
1400 1527 1405 1532 ,

275 1539 367 1593 cautio
385 1541 553 1608 appelletur]
588 1539 757 1609 Appellatus·
774 1540 882 1600 habent
904 1550 963 1594 tres
981 1541 1068 1599 Oodd.
1089 1542 1159 1594 Oxx.
1179 1540 1264 1593 Vind.
1287 1548 1318 1598 l..
1331 1546 1357 1599 2.

203 1609 230 1662 A
272 1649 278 1661 .
301 1611 373 1665 Edd.
399 1613 427 1663 P.
448 1610 482 1667 A.
500 1612 531 1663 B.
553 1611 580 1664 S.
598 1612 633 1664 E.
663 1612 695 1664 0.
721 1612 803 1665 Junt.
826 1614 897 1666 Ven.
926 1621 1014 1665 nostr.
1039 1610 1104 1665 Asc.
1124 1617 1149 1666 l.
1169 1613 1195 1666 2.
1233 1612 1360 1666 Eaedem

168 1710 174 1720 -
204 1627 276 1732 Edi.
301 1691 330 1735 et
354 1682 410 1733 duo
434 1683 502 1735 Oxx.
527 1681 635 1735 hebent
661 1681 841 1749 intelligitur.
883 1681 1041 1751 Sequentia
1070 1697 1138 1751 qnae
1166 1688 1258 1735 antem
1279 1683 1314 1736 ei
1321 1700 1359 1737 ne

203 1751 314 1804 ratione
332 1750 381 1816 (sc.
400 1751 477 1816 liet),
502 1751 612 1822 optime
637 1761 823 1822 opponuntur
849 1753 1082 1821 antecedentibus
1105 1754 1133 1806 ei
1155 1760 1229 1805 cata
1247 1753 1359 1807 ratione

202 1821 258 1887 liet,
283 1831 317 1875 ut
342 1822 398 1875 hoo
422 1827 536 1892 quoque
560 1823 717 1875 rationibus
742 1833 843 1876 contra
859 1823 984 1877 Bentleii
1008 1823 1221 1876 comestionem
1237 1822 1360 1892 pretiatis

126 1919 131 1926 ·
202 1893 338 1945 amadat-
364 1895 430 1946 Mox
447 1895 522 1967 Aug.
541 1893 770 1948 examinatione
788 1910 841 1964 pro
860 1894 1081 1947 exanimatione.-
1108 1892 1191 1962 lapsu
1215 1895 1359 1964 frequen-

99 1978 103 1984 ·
190 1959 324 2020 tissime.
360 1963 425 2016 Post
443 1967 537 2030 fracta
555 1965 587 2016 in
605 1964 673 2017 God.
693 1967 767 2017 Mon.
787 1967 815 2019 2.
835 1965 966 2033 seqnitur
983 1965 1057 2029 fiat
1091 1964 1258 2032 nominetur,
1282 1966 1359 2035 quod

203 2043 246 2087 est
262 2034 436 2109 glossatoris.
455 2035 522 2088 (lod.
543 2034 617 2088 Gud.
635 2034 721 2088 habet
737 2040 828 2087 metes
846 2038 1020 2089 nominator..
1048 1997 1108 2088 tin.
1228 2079 1230 2083 .
1281 2072 1284 2076 -

23 2170 33 2181 .
274 2105 328 2158 liet
345 2104 441 2173 igitar
457 2113 546 2158 metae
557 2105 693 2159 cretione
710 2120 812 2158 arem
831 2105 936 2172 emas]
956 2107 1028 2172 „lta
1037 2104 1230 2175 Gryphianus.
1250 2106 1294 2157 lta
1312 2107 1357 2157 lo-

102 2230 103 2233 ,
204 2175 306 2245 quitur
324 2177 412 2228 etiam
430 2175 508 2228 infra
526 2175 582 2241 [th
596 2174 652 2241 47.]
666 2182 697 2228 nt
706 2177 881 2244 perturbatio
889 2177 1075 2230 eit‘aoersa
1095 2191 1113 2227 a
1129 2176 1273 2228 ratione
1291 2191 1358 2228 con-

204 2251 252 2299 tre
270 2253 401 2299 acturam
418 2246 508 2300 aninti
525 2245 702 2299 commotio.“
720 2248 835 2300 Brutus:
869 2247 978 2313 „libri
995 2244 1188 2300 vett'habent
1204 2245 1361 2300 aratione

203 2332 303 2370 amsa
320 2320 427 2370 cautio:
447 2317 588 2385 quomodo
603 2334 681 2369 nunc
700 2317 784 2370 edidi.
805 2318 961 2370 nam'olim
978 2317 1059 2401 vulg.
1084 2324 1196 2371 secutus
1214 2316 1361 2370 edideram

203 2386 312 2440 rationi
335 2388 456 2440 adrem
482 2391 582 2443 contio.
620 2387 710 2454 Quam
726 2388 883 2450 lectionem
901 2404 979 2440 nuno
1005 2392 1100 2440 minus
1117 2387 1238 2457 probo.“
1261 2385 1359 2441 Lamo

203 2457 237 2509 in
259 2457 338 2508 curis
361 2474 475 2510 sec.--·-
505 2459 592 2511 Goth.
618 2458 710 2512 edidit
732 2458 840 2514 rationi
866 2459 1003 2512 adversa:
1040 2458 1211 2511 Lambinuin
1235 2458 1361 2511 veroTin

203 2544 295 2602 marg.
316 2529 497 2581 edidisse-ait
515 2545 534 2582 a
551 2531 788 2585 ratione'aoerea.
827 2529 906 2582 Alios
924 2529 1029 2582 habere
1056 2530 1098 2580 sit
1114 2529 1201 2581 Leod.
1221 2543 1323 2582 auersa
1341 2544 1360 2581 a

203 2598 324 2653 ratione.
343 2630 378 2643 ·-
396 2598 544 2665 „Ratione
562 2600 710 2654 adverae:-
742 2602 818 2654 rimo
841 2600 882 2652 ita
910 2599 1001 2654 edidit
1019 2599 1116 2654 lamnb.
1143 2607 1172 2652 et
1199 2599 1240 2652 ita
1263 2599 1362 2674 legen-

202 2669 273 2722 dum
292 2687 328 2723 ex
344 2670 403 2722 Pal.
422 2686 478 2722 sec.
503 2678 537 2721 ut
563 2688 649 2741 supra
673 2689 708 2741 pa
722 2619 785 2725 1ilo:
810 2685 881 2741 qnae
907 2676 998 2724 autem
1029 2669 1178 2723 ratione
1205 2660 1362 2723 adversa

201 2740 323 2808 incitata
347 2747 390 2793 eet
413 2738 611 2798 veliementior..
639 2741 771 2811 alioquin
789 2743 858 2794 Pell.
877 2742 973 2810 prim..
990 2748 1060 2792 tert.
1088 2749 1182 2811 quart.
1201 2741 1278 2793 Pith.
1296 2742 1359 2792 Vat.

203 2814 313 2866 anione
331 2826 431 2864 auersa
449 2811 516 2863 edit.
537 2811 650 2867 rationi·
664 2811 817 2866 adversa.“
854 2808 936 2865 Getta.

129 2902 131 2906 ⁴
166 2890 191 2922 ”-
262 2880 368 2934 'Metus
386 2882 497 2935 ratione
514 2900 613 2936 aversa
629 2881 734 2948 cantio]
762 2883 858 3006 Vulppp
877 2882 1012 2945 adversa3
1032 2889 1238 2951 contraquam
1256 2882 1360 2933 volunt

202 2951 397 3006 Gebhardiani
416 2953 555 3022 quinque,
573 2955 643 3028 lleg.
662 2954 810 3007 Pithoean.
859 2952 902 3021 ed.
923 2961 953 3006 et
969 2951 1039 3004 Bak.
1075 2953 1113 3006 D.

273 3029 315 3076 eet
332 3022 434 3090 igitur
445 3029 534 3077 metue
547 3039 570 3076 a
588 3024 732 3078 ratione
750 3038 873 3089 anersa
890 3021 996 3088 cauno]
1025 3024 1069 3076 Ita
1087 3020 1152 3075 dedi
1171 3037 1237 3072 cum
1256 3022 1304 3075 Or.
1324 3039 1362 3073 ex

201 3092 269 3146 cod.
290 3091 404 3176 Gryph.
423 3094 625 3164 antiquissimo
644 3103 674 3148 et
691 3094 829 3147 Lambino
848 3094 880 3146 in
898 3095 977 3146 curis
1000 3092 1143 3146 secundis:
1173 3100 1202 3144 et
1225 3092 1267 3143 sic
1294 3090 1362 3155 (nisi

202 3165 278 3239 quod
296 3165 406 3228 excidit
424 3162 453 3229 a)
472 3165 559 3219 Cocld.
577 3167 647 3240 Reg.
659 3161 742 3218 ‘oud
755 3170 779 3221 l.
790 3167 817 3220 ‘l-
836 3164 920 3218 Vino.
942 3164 1060 3221 tucn.
1071 3166 1098 3219 2.
1118 3163 1252 3214 unusOx.
1274 3162 1362 3231 idque

188 3235 498 3289 ‚volebatsinedubio
516 3235 571 3288 Ed.
589 3236 680 3300 tone
699 3236 797 3288 sedin
814 3233 870 3288 hec
888 3250 1020 3304 expressa
1038 3242 1089 3299 est,
1105 3232 1217 3301 ¹invito,
1246 3233 1363 3301 opinor,
1413 3234 1415 3238 ’

201 3305 360 3371 editore‚'·e
376 3308 489 3360 ratione
506 3306 634 3359 odanco.
672 3305 818 3363 scribitur
836 3304 943 3360 rationi
966 3319 1070 3357 annea
1093 3303 1125 3354 in
1142 3303 1223 3352 Mon.
1247 3307 1270 3354 l.
1310 3304 1365 3354 nti-

201 3377 481 3431 norisauotoritatis
492 3376 583 3431 'Godd
601 3376 708 3429 habent
725 3374 840 3430 ratione
857 3377 979 3428 adrem
996 3390 1064 3426 cum
1081 3371 1153 3425 Edd.
1173 3372 1201 3420 P.
1222 3368 1255 3420 A.
1277 3371 1309 3422 B.
1334 3372 1364 3426 S.

191 3445 234 3503 o.
253 3448 335 3509 Junt.
355 3447 423 3503 oisc.
446 3451 471 3503 1.
496 3449 523 3502 2
550 3447 621 3500 Ven.
646 3455 736 3499 nostr.
774 3446 895 3516 Reliqui
917 3443 1026 3498 rationi
1049 3441 1170 3494 adoerw
1199 3454 1266 3490 cum
1291 3441 1364 3496 Cod.¹

129 3557 136 3561 -
201 3517 264 3571 (iol.
293 3520 459 3643 “quinqua
490 3517 561 3571 Oxx.
598 3518 653 3570 Pro
676 3515 774 3584 igitar
797 3526 840 3571 cet
870 3520 964 3568 antem
989 3514 1022 3565 in
1048 3511 1132 3565 Godd.
1158 3508 1242 3561 Vind·
1271 3515 1295 3565 1.
1333 3523 1363 3566 et

204 3595 250 3641 Au
272 3626 279 3640 .
353 3606 378 3642 r.
643 3598 646 3603 “
692 3623 695 3629 ,
929 3602 932 3607 ’
1107 3618 1110 3625 ν

230 3675 233 3679 ’
251 3607 432 3716 gPraesentis
449 3666 542 3713 auten
560 3655 632 3710 mati
650 3656 790 3726 sapientie
807 3653 921 3724 affectio
939 3653 1019 3709 nulio
1037 3652 1114 3720 ests]
1133 3651 1251 3722 „Atqui
1268 3670 1363 3708 nonne

202 3731 342 3801 patientia
360 3748 410 3784 seu
427 3726 584 3789 tolet-antia
601 3727 689 3781 estat
724 3726 823 3780 Lami.
1082 3741 1084 3745 ⁴

227 3815 230 3819 ’
272 3801 471 3921 δίωὶιὶαυῖω
497 3795 657 3872 (εοεςννὲὶιιιὶοΙ
675 3797 779 3864 cetea]
816 3794 913 3863 „Pell
939 3795 1068 3866 quinque
1085 3795 1216 3855 Vatican.
1244 3797 1362 3849 stulta

202 3872 324 3927 aetem.“
363 3870 445 3924 Get.
586 3909 591 3914 »
1357 3888 1360 3895 ·

71 3975 86 3983 -
271 3938 431 3994 Praesentis
454 3943 550 3991 antem*
569 3938 639 3993 moti
661 3937 783 4008 sapienti
807 3935 932 4006 adfectio
956 3939 1035 3993 nulla
1058 3945 1114 3993 eote
1148 3937 1246 3990 stultis
1271 3944 1363 3991 antem

141 4040 145 4048 ·
201 4009 368 4081 aegritudo]
403 4009 457 4061 Est
483 4007 560 4060 acl.
579 4009 720 4062 Bentleio.
757 4009 862 4086 Vulgo,
887 4006 1025 4078 sapientie
1049 4008 1172 4078 adfectio
1195 4009 1276 4062 nnita
1302 4016 1360 4062 eet:

201 4081 285 4134 stulti
302 4086 395 4133 auum
413 4086 468 4133 eto.
505 4076 544 4131 At
561 4078 594 4131 in
611 4079 763 4134 (lodicibus
787 4090 830 4136 est
848 4081 933 4135 aneo
959 4086 1052 4135 antem
1078 4080 1239 4149 aegritudo.
1276 4079 1363 4132 Nihil

201 4159 301 4203 tamen
318 4151 399 4203 iuvat
416 4149 469 4203 illa
486 4149 618 4205 namatio.
637 4151 675 4206 D.
703 4152 789 4219 [nihi
806 4169 886 4218 vero,
914 4169 951 4205 ne
971 4152 1051 4290 lquid
1073 4153 1109 4205 de
1136 4150 1362 4215 constructione,

997 4241 1022 4275 a.

202 4235 288 4292 quam
305 4237 374 4291 prae
393 4238 424 4275 se
441 4223 546 4279 ierunt
559 4222 681 4300 vulgati,
711 4224 816 4290 dicein,
830 4223 937 4278 'odiosa
959 4223 970 4274 i
1037 4222 1199 4294 particulae
1226 4221 1363 4302 repetitio

155 4318 157 4321 ·
202 4302 262 4346 non
287 4290 423 4346 arridet·
443 4292 617 4368 Forte-logi
640 4295 743 4366 possit:
767 4293 1025 4366 praecentione
1049 4301 1150 4358 antem,
1181 4293 1292 4347 mater
1318 4306 1363 4346 so·

201 4361 449 4503 pls‘ieatpfeladrectio
471 4364 547 4445 tentia
572 4372 627 4422 eota
652 4371 854 4424 etettornnt
875 4363 1029 4436 aegritudo
1047 4371 1088 4421 eet
1106 4379 1140 4420 ea
1158 4371 1212 4419 etc.
1239 4363 1310 4418 Deo.
1332 4363 1361 4414 in
