2842 5070
490 305 497 321 .
576 295 790 371 mnnnw,
813 297 913 362 re·
985 277 1036 313 ²
1176 301 1177 304 ‘
1232 298 1293 362 sn

146 484 192 542 es,
214 483 314 548 quum
336 463 427 526 velit.
446 504 451 512 ·
471 454 517 525 Ut
537 461 624 523 enim
646 460 682 523 id
702 480 769 523 non
791 468 911 544 potest,
940 462 989 523 sic
1009 460 1139 521 animus
1160 462 1296 543 pertur-

146 549 242 610 batus
264 555 298 608 et
318 547 476 606 incitatus
498 562 559 605 nec
580 543 785 606 cohiberese
803 551 923 625 potest,
946 561 1017 622 nec,
1040 561 1104 624 quo
1125 543 1197 604 loco
1211 544 1295 620 vult,

97 627 114 687 s
145 631 317 708 insistere:
350 628 562 706 omninoque,
592 646 677 708 quae
705 627 890 687 crescentie
909 626 1100 709 perniciosa
1117 633 1208 717 sunt,
1241 643 1305 716 eet-¹

117 820 122 829 “
216 812 385 882 elencade]
423 813 512 877 „Vet.
538 812 597 865 cod.
624 813 760 883 quinque
777 811 853 865 l’all.¹
866 811 955 863 Vatis.
985 809 1182 864 eLencatn.“
1211 808 1295 864 Getta.

146 883 227 937 Hanc
249 885 378 937 codicum
402 884 575 954 scripturam
602 891 741 950 servatam
767 883 832 934 vult
855 879 954 934 etiam*
968 880 1153 935 Bouhierius:
1185 882 1297 934 accedit

145 955 217 1006 Ern.
238 955 338 1025 quiin
357 954 424 1008 Ood.
445 954 542 1007 Guslf.
561 954 707 1024 reperite
724 951 870 1006 Leucada.
894 951 1053 1006 Davisianis
1072 952 1296 1006 acceditetiam

147 1025 346 1077 Lallemanuus
365 1042 431 1077 cum
449 1025 554 1097 Regiis.
593 1025 652 1078 Mr.

216 1096 241 1148 E
258 1095 391 1160 Leucata]
427 1096 522 1168 Vulgo
538 1092 679 1156 Leucade3
697 1110 755 1146 non
772 1094 847 1146 male
866 1093 991 1164 quidem,
1010 1094 1034 1146 si
1051 1097 1184 1147 faverent
1201 1094 1293 1146 Mssti.

146 1163 202 1218 Sed
221 1183 286 1218 cum
305 1166 420 1221 Codices
439 1166 525 1218 aliam
544 1181 656 1217 summo
675 1181 813 1217 consensu
827 1168 980 1234 'praestent
996 1165 1130 1230 formam,
1151 1181 1238 1233 eaque
1257 1165 1295 1216 sit

144 1236 227 1305 probi
255 1235 412 1301 commatis,
440 1251 486 1289 eos
507 1236 663 1306 aspernari
691 1251 756 1288 non·
775 1235 931 1306 potuimus.
974 1234 1022 1288 Sic
1048 1235 1190 1311 Virgilius
1223 1234 1293 1287 Aen.

146 1307 199 1372 111,
222 1309 284 1361 274.
599 1358 601 1361 ,

309 1376 380 1430 Mon
399 1385 427 1428 et
438 1379 584 1440 vLeucatae
602 1378 728 1430 nimbosa
746 1375 893 1430 cacumina
910 1377 1021 1434 montis.

143 1446 189 1499 lbi
201 1447 273 1506 'vide
292 1447 433 1502 Servium.
472 1447 579 1500 Seneca
596 1448 713 1517 Hippoi.
732 1466 773 1499 vs.
796 1449 872 1502 1014.

262 1536 269 1542 ··
309 1520 347 1572 Et
365 1532 436 1569 cana
452 1530 585 1569 rammam
603 1522 704 1587 spnmn'
718 1518 861 1573 Leucaten
879 1515 958 1583 ferit.
988 1579 990 1587 .

112 1611 116 1619 ·
144 1588 192 1642 Sic
210 1591 317 1658 etipse
335 1589 437 1642 Cicero
455 1588 505 1640 lib.
525 1590 559 1639 V.
579 1588 614 1640 ad
631 1589 720 1641 Attio.
740 1589 832 1657 Epist.
851 1592 877 1643 9.
916 1588 952 1640 1).
1018 1614 1019 1617 “

216 1658 379 1724 eLeacntn]
416 1661 461 1711 lta
478 1659 533 1710 duo
553 1659 621 1711 Oxx.
651 1661 720 1732 Reg.
750 1658 824 1712 Gud.
848 1663 870 1714 l.
891 1660 915 1712 2.
939 1657 1013 1734 Aug.
1037 1657 1126 1712 Rehd.
1147 1661 1220 1716 Gud.
1239 1662 1293 1714 Ed.
1334 1698 1339 1704 -

144 1731 173 1782 Ρ.
192 1729 262 1782 Dav.
282 1731 355 1782 hall.
374 1731 446 1781 Ern.
466 1747 528 1798 sqq.
548 1730 583 1781 ln
591 1729 675 1781 Vind.
688 1736 711 1782 1.
732 1738 775 1782 est
793 1747 808 1782 e
825 1723 954 1796 λευκοτᾶς
973 1730 1004 1787 in
1022 1731 1109 1784 Marb.
1129 1734 1293 1797 ele-uecta,

144 1801 176 1851 in
193 1800 291 1851 Duisb.
310 1815 445 1869 crepe,
464 1801 514 1852 ubi
532 1800 625 1873 glossi
644 1808 792 1852 extrusum
811 1809 853 1852 est
872 1816 975 1858 nomen
994 1803 1087 1871 rupis3
1115 1803 1146 1855 in
1164 1821 1221 1857 uno
1241 1807 1291 1857 On.

145 1869 333 1934 elenensis,
357 1873 389 1922 in
411 1887 468 1922 uno
488 1886 502 1922 e
526 1877 604 1923 turre
622 1871 736 1936 elevata,
760 1870 808 1923 ubi
826 1869 912 1924 habes
954 1888 1050 1923 ravam
1073 1873 1194 1948 glossam
1214 1876 1294 1927 iuxta
1349 1919 1352 1928 .
1392 1918 1403 1934 „

124 1939 251 1994 'nomen
268 1949 456 2011 corruptu1n3
475 1942 506 1993 in
525 1958 581 1996 uno
600 1941 720 2006 eleuata,
746 1941 778 1993 in
795 1959 852 1994 uno
872 1947 914 1994 est
973 1943 1070 1995 nenda.
1108 1945 1226 1997 Vidsde
1244 1958 1296 2000 no-
1358 1997 1371 2011 „

143 2014 222 2066 mine
242 2022 271 2066 et
288 2013 352 2066 loco
370 2011 509 2065 Leucatae
530 2013 580 2082 qui
599 2012 753 2065 laudantur
770 2014 802 2064 in
818 2011 954 2065 Bischoff.
975 2022 1003 2065 et
1022 2013 1166 2067 M'oller:
1186 2016 1295 2071 Wor-

144 2082 298 2136 terbuch
317 2084 342 2136 d.
363 2083 479 2148 alten,
507 2083 672 2154 mittun.
693 2100 812 2137 neuen
831 2084 1062 2158 Geographie
1086 2080 1155 2137 cr.
1204 2088 1293 2142 .695.

144 2154 236 2207 Hodie
255 2155 364 2206 dicitur
381 2154 537 2207 secundum
554 2154 690 2207 Krusium
710 2153 769 2221 Cap
789 2155 907 2208 Dacato.
929 2182 961 2190 -
979 2157 1014 2208 ln
1027 2153 1095 2207 Ood.
1115 2104 1202 2209 Rebi
1223 2157 1296 2209 scri-

143 2226 223 2277 bitur
240 2226 441 2294 snstinereqne
459 2241 490 2278 se
507 2242 567 2279 cnm
585 2224 692 2290 vehit,
711 2225 743 2276 in
762 2225 836 2279 Gud.
855 2225 1039 2280 sustinerent
1055 2228 1133 2290 uelit,
1150 2227 1201 2279 nbi
1218 2228 1296 2302 glos-

122 2305 248 2350 semate
267 2296 295 2351 se'
312 2297 390 2349 vocis
408 2296 497 2362 quarn,
515 2313 573 2349 vox
591 2313 620 2348 ee
639 2300 753 2349 eitrusa
772 2305 822 2349 est.
858 2297 939 2350 Unus
953 2298 1009 2351 Ux.
1028 2295 1114 2349 habet
1133 2303 1199 2351 tune
1216 2297 1293 2351 velit.

102 2400 104 2405 ·
142 2367 188 2420 Aa
209 2367 386 2419 locutionem
412 2366 445 2419 e'd
472 2383 526 2418 non
550 2373 640 2434 potest
663 2385 701 2421 sc.
720 2367 793 2433 fieri,
820 2385 892 2436 qnae
915 2366 1066 2419 admodum
1089 2369 1225 2437 frequens
1252 2366 1299 2422 est‘
1342 2390 1346 2399 ¹

144 2438 289 2501 Ciceroni,
316 2437 373 2489 vid.
393 2453 444 2489 nos
467 2437 502 2488 ad
519 2439 542 2490 1.
564 2441 605 2492 11.
624 2438 668 2492 23.
705 2439 791 2489 Plura
815 2439 865 2507 qui
888 2438 971 2501 velit,
994 2437 1074 2489 adeat
1100 2439 1236 2495 Ochsner.
1260 2439 1311 2493 ad*

123 2506 173 2561 'ln
193 2508 214 2559 l.
232 2508 354 2582 Eclogg.
376 2507 436 2561 cic.
456 2525 484 2578 p.
506 2510 557 2562 102
576 2525 618 2577 sq.
637 2507 688 2558 ubi
706 2508 821 2582 largum
844 2507 959 2560 habebit
980 2515 1115 2581 segetem.
1152 2507 1179 2560 A
1196 2510 1294 2580 priore

133 2585 233 2648 potest
251 2579 286 2630 ad
302 2579 443 2648 posterius
462 2578 556 2630 omnia
575 2576 674 2631 omissa
692 2587 759 2630 sunt
777 2578 809 2628 in
827 2576 912 2630 Codd.
933 2577 1006 2650 Gud.
1025 2581 1050 2632 2.
1072 2587 1101 2632 et
1118 2578 1192 2656 Aug.
1213 2582 1294 2635 Unus

145 2653 194 2705 Ox.
216 2649 332 2702 exhibet
350 2649 541 2704 conturbata.
560 2649 632 2699 alius
647 2646 820 2718 pronibere.
857 2648 918 2700 Mr.
940 2654 946 2663 “
996 2663 1000 2667 “
1310 2644 1314 2651 ⁴

184 2723 186 2727 ’
213 2720 272 2773 Nec
299 2738 350 2790 qao
377 2720 436 2773 loeo
464 2719 522 2772 nult
554 2718 682 2772 insistere
705 2720 837 2772 omnino:
874 2736 1002 2788 quaeque
1033 2719 1207 2786 crescentia]
1246 2721 1294 2774 Sic

142 2792 246 2864 vulgo:
274 2800 304 2842 at
329 2791 397 2845 Bak.
423 2790 509 2842 habet
531 2806 581 2843 nec
602 2806 652 2856 qno
676 2791 734 2842 loco
760 2789 820 2842 onlt
838 2788 993 2862 'insisteres
1018 2791 1299 2861 omninoquequae'

143 2864 304 2915 crescentia.
340 2863 511 2935 Elegantius
535 2860 637 2925 multo,
665 2854 871 2930 Ciceroneque'¹
885 2860 1006 2935 dignius.
1051 2861 1130 2928 Quod
1151 2879 1223 2916 cum
1254 2863 1295 2914 ita
1334 2911 1336 2915 ,

143 2934 191 2998 sit,
211 2948 261 2984 nos
281 2949 342 2984 eam
354 2932 524 3000 recepimus
541 2932 706 2983 lectionem.
745 2931 781 2985 D.
911 2943 916 2950 ’
1087 2968 1103 2985 ,t

214 3020 272 3067 nec,
293 3018 346 3070 qno
364 3001 424 3053 loeo
443 3001 510 3065 salt,
530 3001 677 3071 insistere.-
696 3000 874 3071 omninoque·
888 3018 958 3070 qaae
976 3003 1130 3058 crescentia
1149 3003 1195 3071 -]
1227 3007 1296 3058 Pro-

141 3074 220 3126 bavit
237 3071 407 3125 Bouhierius
425 3071 534 3123 Davisii
553 3071 703 3137 ratIonem,
724 3089 842 3141 eamque
860 3082 1034 3143 receperunt
1050 3075 1195 3130 FAWolf.
1208 3075 1292 3128 Schz.

144 3145 191 3197 Or.
219 3143 309 3196 Nobb.
337 3143 410 3194 Tbn.
448 3141 526 3206 Quod
552 3157 604 3215 ego
630 3157 662 3193 eo
692 3143 786 3193 minus
812 3145 909 3196 facere
941 3142 1083 3208 dubitavi,
1119 3144 1195 3213 quod
1216 3144 1296 3196 nihil

141 3215 239 3285 plane,
262 3230 350 3283 quam
368 3212 516 3265 distinctio
543 3220 686 3264 mutatur:
717 3222 783 3263 nam
801 3229 869 3280 qnae
894 3220 990 3333 etque
1009 3213 1107 3266 eodem
1131 3217 1193 3267 fere
1211 3214 1295 3268 modo

144 3286 176 3337 in
194 3284 279 3338 Codd.
300 3284 406 3353 scripta
424 3282 565 3335 facillime
584 3281 664 3334 iuxta
683 3282 810 3335 invicem
834 3284 927 3353 posita
957 3298 1041 3335 ocum
1066 3291 1179 3337 mutare
1196 3294 1297 3355 potue-

143 3365 220 3409 runt.
258 3355 407 3408 Sententia
425 3362 522 3406 autem
539 3362 665 3422 praestat
684 3353 720 3417 ei,
740 3371 826 3422 quam
843 3355 961 3429 vulgata
979 3353 1104 3411 exhibet.
1140 3355 1226 3408 Plane
1244 3371 1296 3408 no-

141 3429 253 3480 biscum
271 3427 381 3478 faciunt
400 3441 456 3477 non
475 3432 544 3489 tres,
562 3423 649 3492 (quod
667 3424 783 3493 scripsit
803 3425 862 3490 Or.)
890 3424 938 3477 sed
955 3442 1005 3477 sex
1023 3424 1108 3478 Codd.
1130 3426 1199 3479 Oxx.
1218 3424 1264 3477 Au
1286 3462 1294 3477 .
1353 3467 1356 3478 .

144 3498 250 3561 (Duisb.
271 3497 302 3547 in
321 3514 376 3566 quo
396 3506 438 3549 est
456 3493 640 3557 consistere)
657 3494 740 3557 ,Gud.
761 3495 849 3548 Rehd.
873 3494 958 3548 Vind.
980 3500 1003 3550 1.
1032 3493 1097 3560 (hic
1118 3495 1204 3550 habet
1225 3513 1257 3551 ne
1269 3503 1295 3552 st

143 3585 196 3638 pro
214 3567 291 3629 vale).
310 3569 345 3619 ln
364 3570 437 3619 Mon.
459 3571 483 3620 1.
505 3572 548 3618 est
566 3565 679 3619 omnino
698 3580 924 3636 quaecunque
943 3581 1028 3619 erese.
1049 3567 1080 3617 in
1099 3567 1172 3620 Gud.
1192 3570 1217 3622 2.
1237 3584 1295 3621 one·

142 3640 209 3692 nino
228 3652 312 3705 qnae
331 3653 429 3701 cresc.;
461 3637 533 3689 Gud.
548 3635 713 3705 'perniciosa
731 3642 797 3690 sunt
814 3635 980 3702 crescentio3
1006 3635 1079 3689 unus
1099 3640 1148 3692 Ox.
1174 3639 1294 3692 existere
1317 3659 1320 3663 ¹

126 3709 198 3780 ‘pro'
216 3707 356 3763 insistere.
384 3708 468 3759 Vind.
489 3709 515 3762 2.
542 3707 628 3759 habet
651 3724 683 3760 en
706 3724 760 3778 pro
784 3709 895 3773 endem3
922 3726 995 3760 unus
1014 3707 1064 3760 Ox.
1081 3707 1295 3778 periculosa

142 3786 215 3835 ennt.
235 3778 327 3831 Verba
346 3778 442 3829 eadem
458 3785 523 3831 snnt
539 3777 639 3835 oe'te'osn
659 3778 752 3832 abesse
770 3797 786 3831 a
803 3779 861 3833 MS.
881 3780 976 3832 nescio
1016 3781 1204 3832 uo·aitVerb.
1233 3781 1294 3834 Mr.

215 3847 374 3916 Aegritndo
393 3855 480 3901 nutem
500 3875 532 3886 -
550 3850 712 3916 versantur]
740 3850 859 3903 Confert
877 3852 913 3903 Η.
934 3850 1003 3919 Step
1025 3868 1094 3905 anus
1112 3851 1144 3902 in
1162 3851 1294 3905 ciceron.

141 3924 212 3976 Lex.
233 3920 284 3972 Gr.
304 3920 366 3970 Lat.
386 3935 414 3987 p.
434 3922 476 3973 5⁰.
497 3918 532 3971 ad
549 3919 579 3973 h.
598 3920 619 3971 l.
644 3921 716 3974 haec
742 3922 909 3974 Aristotelis
927 3919 995 3975 Eth.
1015 3922 1053 3974 11.
1076 3922 1177 3975 verba:
1204 3917 1296 3976 πάντα
1353 3936 1355 3938 ’
1411 3899 1414 3903 ¹

141 3992 196 4062 yolo
214 3997 301 4044 ταῦτα
318 3988 362 4040 att
379 3989 411 4039 rot
431 3993 542 4061 τοιαῦτα
558 3989 662 4056 λέγεται
679 3997 719 4055 eoi
731 3989 801 4045 αὐτοὶ
819 3995 910 4062 φαῦλα
928 3985 1008 4055 εἶναι,
1028 3989 1084 4044 ἀλλ’
1096 3990 1151 4060 οὐχ
1164 3992 1194 4045 αἱ
1212 3993 1296 4064 ὑπερ-

141 4065 219 4133 βολαὶ
238 4063 331 4114 αὐτῶν
349 4056 415 4112 οὐδὲ
433 4061 463 4112 en‘
481 4057 622 4128 ἐλλείψεις.
660 4061 705 4114 Ad
722 4079 800 4131 seqq.
828 4072 932 4127 autem,
957 4065 1047 4119 Quam
1069 4064 1180 4116 obrem
1199 4095 1233 4106 -·
1250 4065 1297 4118 e'n-

142 4132 364 4203 temperantiam,
389 4130 461 4204 haec
480 4147 515 4184 ex
534 4132 648 4184 eodemt
674 4127 775 4198 ὅμοιον
793 4127 846 4185 οὖν
862 4133 893 4187 τό
913 4131 1010 4193 ἀξιοῦν
1036 4133 1082 4185 καὶ
1098 4137 1160 4205 περὶ
1183 4134 1215 4189 τό
1236 4131 1298 4187 ἀδι-

142 4210 200 4259 κεῖν
224 4205 268 4257 καὶ
292 4202 437 4269 dadolena
463 4204 508 4255 ant
530 4197 562 4256 τὸ
587 4204 793 4256 ἀκολασταίνειν
813 4195 884 4258 εἶναι
910 4198 1048 4272 μεσότητα
1071 4209 1117 4259 καὶ
1140 4205 1298 4277 ὑπερβολὴν

143 4276 192 4327 καὶ
214 4277 341 4341 ἔλλειψιν.
381 4273 465 4341 [Sunt
491 4273 524 4325 hi
548 4272 608 4326 loci
631 4273 698 4326 Eth.
728 4273 841 4326 Nicom.
855 4275 898 4328 ll.
923 4279 950 4331 6.
975 4294 1004 4346 p.
1023 4277 1068 4331 29.
1093 4275 1173 4346 sylb.
1198 4294 1227 4346 p.
1252 4276 1296 4329 95.

144 4346 218 4400 zell.
244 4363 271 4416 q.
291 4365 318 4398 v.
343 4345 377 4397 T.
387 4345 434 4397 -11.
454 4363 482 4416 p.
504 4348 547 4399 71.
577 4344 659 4400 eone.
679 4345 706 4397 J.
727 4343 915 4400 Oammererii
940 4347 1049 4401 comm.
1073 4346 1187 4401 adhoc
1212 4352 1299 4416 caput

144 4435 173 4487 p·
195 4419 228 4471 79
246 4435 307 4488 sqq.
328 4417 370 4470 ed.
390 4415 526 4473 Wechel.
548 4416 626 4472 1578.
645 4414 685 4482 4.]
722 4413 782 4468 Me.
837 4417 847 4430 ”
881 4425 885 4432 ”

111 4513 113 4515 ,
423 4530 424 4534 ¹
531 4509 556 4534 y,
