2842 5070
483 293 506 321 .·
578 262 706 335 LIBER
724 265 788 341 111,
809 266 839 331 2.
1237 269 1276 333 17

124 438 235 520 qualia
270 444 393 512 essent,
422 431 573 497 funditus
603 432 664 494 6111
690 440 888 496 everterunt
918 449 993 495 suas
1023 432 1185 511 civitates,
1221 435 1277 495 alii

124 523 191 604 ipsi
212 519 417 582 occiderunt.
459 514 567 598 Atque
587 516 612 576 ii
633 513 766 597 quidem
788 515 913 597 optima
939 521 1099 596 petentes,
1121 536 1188 577 non
1209 525 1277 578 tam

123 604 311 678 voluntate,
333 619 431 680 quam
452 617 569 661 cursus
591 617 711 661 errore
731 598 906 659 falluntur.
962 595 1070 660 Quid?
1099 599 1157 679 qui
1178 618 1276 680 pecu·

125 687 200 746 niae
222 681 435 764 cupiditate,¹
452 682 507 759 qui
528 680 736 761 voluptatum
759 680 896 743 libidine
916 682 1093 753 feruntur3
1121 700 1278 760 quorum-

124 786 190 849 que
211 767 260 825 ita
281 763 522 845 perturbantur
537 763 650 838 animi,
672 772 788 824 utnon
802 763 940 823 multum
956 760 1067 823 absint
1084 762 1124 823 ab
1141 764 1278 839 insania,

125 847 215 929 quod
236 846 468 926 insipientibus
492 845 657 930 contingit
678 845 847 920 omnibus;
878 844 930 904 iis·
944 844 1081 906 nullane
1111 839 1161 907 est
1187 843 1279 907 adhi-

124 928 232 992 benda
253 925 401 990 curatio?
437 936 569 1004 utrum,
599 924 687 1010 quod
720 929 829 989 minus
858 935 1000 988 noceant
1027 928 1131 988 animi
1162 945 1279 1012 aegro·

124 1115 225 1171 Beiero
244 1114 279 1168 ad
300 1115 361 1169 Cic.
382 1114 418 1168 de
432 1111 486 1166 Off.
506 1112 594 1169 1:19.
614 1116 658 1170 64.
677 1131 705 1184 p.
727 1114 788 1170 15⁰.
807 1117 844 1178 et,
904 1113 1066 1183 isequitur,
1085 1112 1151 1167 loco
1170 1114 1275 1175 c.3‚b:

123 1187 301 1255 omnibusque
312 1184 409 1254 opibus
423 1190 448 1237 et
465 1183 583 1237 uiribus.
603 1185 669 1238 Post
686 1184 824 1238 nescirent
840 1130 938 1240 Eburi.
959 1185 1070 1237 omittit
1083 1199 1141 1237 nec.
1161 1186 1235 1238 Mon.
1250 1188 1276 1249 l,

123 1258 211 1313 habet
228 1257 278 1311 ibi.
317 1255 402 1310 Solus
423 1256 510 1309 etiam
529 1254 602 1310 Gud.
623 1258 647 1311 2.
666 1271 721 1326 pro
740 1270 827 1326 eaque
844 1254 930 1308 habet
948 1271 981 1308 ea
1000 1270 1077 1324 quae.
1106 1254 1173 1307 idox
1189 1251 1276 1309 Godd.

123 1330 194 1405 seg.
216 1337 245 1381 et
264 1327 337 1381 Gud.
358 1331 383 1382 1.
403 1327 571 1396 conspirant
590 1327 621 1378 in
640 1344 729 1397 prava
748 1327 907 1396 scriptione
926 1332 1088 1390 everterent,
1115 1325 1191 1380 unde
1211 1342 1278 1378 rur·
1306 1322 1312 1334 '

124 1419 173 1525 ilis
193 1396 448 1522 eprurpncoignatio
467 1403 595 1468 apparet.
634 1398 668 1453 ln
687 1414 765 1468 seqq.
786 1395 843 1450 duo
861 1395 931 1449 on.
951 1397 1112 1450 ceciderunt
1129 1413 1183 1466 pro
1202 1395 1278 1450 occi-

159 1485 232 1524 run.
307 1487 332 1525 r.

180 1542 288 1626 ‘Atque
313 1539 347 1593 ii
370 1538 480 1608 quidem
503 1538 607 1607 optimu
631 1536 766 1607 petentes]
802 1535 891 1600 Dedi,
917 1546 952 1591 ut
978 1539 1233 1624 accommodatius,
1252 1537 1279 1594 ii

124 1610 306 1747 titiis?
328 1608 781 1734 ltitii..l⁸1⁰...²t⁵ttt.i·
794 1607 1279 1736 ididiitmliibiiieiiil
1322 1656 1326 1661 ·

124 1753 198 1806 null.¹
216 1750 299 1805 Philo
313 1752 335 1803 l.
366 1757 394 1804 et
418 1751 596 1835 Psedsgogg.
616 1751 649 1800 V.
668 1753 694 1819 2,
716 1751 792 1805 1827.
814 1766 844 1820 p.
865 1753 924 1806 141:
952 1750 1027 1807 lllod.
1047 1751 1134 1805 Codd.
1156 1755 1230 1805 llllon.
1252 1757 1277 1807 1.

123 1832 155 1878 et
172 1841 245 1874 unus
265 1823 315 1876 Otr.
335 1819 387 1874 Ed.
407 1823 435 1873 P.
463 1835 545 1889 quum
572 1836 643 1875 iam
662 1835 768 1873 stersus.
806 1821 914 1874 Cursus
941 1837 1039 1873 errore
1062 1823 1211 1876 commode
1229 1841 1279 1876 ex-

122 1893 216 1966 plicat
233 1891 328 1945 Kiihn.
350 1907 433 1944 cursu
452 1897 572 1954 errante,
602 1898 633 1941 ut
652 1891 691 1942 sit
710 1889 739 1941 in
756 1890 804 1942 dib
829 1880 921 1956 ductui
955 1891 1050 1943 Possis
1078 1893 1166 1946 etiam
1190 1909 1279 1963 expo·

123 1981 208 2019 nere:
234 1963 384 2018 errorein
409 1977 549 2027 rursu‚v.
570 1960 767 2026 incurrendo,
794 1979 823 2013 v.
850 1975 950 2013 errare
975 1962 1117 2026 currendi,
1142 1979 1170 2017 v.
1195 1979 1279 2014 cursu

123 2041 258 2090 errantes.
296 2036 350 2088 Pro
379 2032 469 2104 quid?
501 2033 549 2101 qui
572 2032 641 2156 Ἐς
664 2028 751 2100 66661
773 2030 903 2102 quidque,
930 2030 1005 2107 Aug.
1033 2032 1141 2101 quique·
1179 2034 1280 2108 Pergit

123 2106 212 2162 Msrb.
232 2105 384 2174 cupiditate
401 2102 543 2172 pecuniae.
618 2119 642 2154 r.
887 2101 892 2111 ’
970 2128 974 2136 -
1106 2148 1110 2155 ,
1213 2130 1215 2134 v

197 2177 374 2246 Voluptatum
392 2172 519 2238 libidine]
556 2173 667 2241 Elisus.
687 2187 733 2242 pr.
752 2173 888 2241 volirptate
906 2173 1064 2241 libidinum.¹
1082 2173 1155 2230 bled.
1180 2173 1279 2236 libidi-

123 2265 187 2303 num
204 2248 352 2316 uoluptate.
390 2245 438 2298 Sic
456 2245 509 2297 lib.
529 2243 566 2299 11.
588 2244 653 2296 oin.
673 2259 735 2314 cup.
754 2247 798 2299 32.
827 2243 882 2296 Ille
899 2260 952 2298 rer
969 2243 1110 2314 Assyriae
1127 2245 1278 2313 glorietur,

122 2336 154 2373 se
172 2335 264 2371 omnes
281 2333 372 2371 secum
390 2316 544 2369 libidinum
563 2314 727 2384 voluptates
747 2314 904 2368 abstulisse.
941 2312 997 2368 Sed
1015 2333 1031 2368 6
1049 2316 1174 2382 reliquis
1192 2316 1278 2370 libris
1323 2367 1324 2370 ,

122 2406 183 2443 666
202 2396 246 2442 est
263 2387 465 2450 recedendum,
484 2404 551 2438 cum
571 2384 722 2452 uoluptatis
740 2386 840 2439 auidas
858 2386 999 2452 libidines,
1020 2393 1049 2439 et
1067 2386 1213 2441 libidinem
1230 2403 1278 2442 vo·

123 2462 239 2530 luptatis
256 2459 364 2512 dixerit
381 2464 482 2510 noster
501 2456 536 2510 de
556 2454 667 2509 Senect.
688 2472 748 2527 cap.
768 2456 830 2508 XII.
866 2456 903 2509 D.

167 2568 175 2578 .
199 2529 381 2599 Voluptatum
399 2527 528 2594 libidine]
564 2525 645 2579 Unus
664 2525 716 2578 Ox.
735 2526 901 2596 uoluptatis,
924 2527 998 2597 nlius
1025 2528 1171 2598 uoluptate.
1199 2530 1276 2585 Gud.

123 2603 300 2656 voluntatum.
338 2601 456 2653 inverso
476 2614 575 2652 errore
593 2600 758 2664 uoluptatem
786 2597 925 2651 scribitur
941 2614 996 2670 pro
1014 2601 1179 2653 uoluntatem
1202 2601 1280 2672 apud

123 2671 185 2726 (lic.
213 2672 248 2726 de
271 2671 340 2741 Rep.
361 2671 385 2722 1.
404 2673 430 2725 2.
455 2687 484 2740 p.
507 2672 557 2723 13:
583 2668 633 2720 661
656 2675 754 2720 tamen
781 2685 875 2738 nuper
901 2685 1006 2722 censor
1033 2671 1148 2738 quidam
1171 2673 1279 2740 absque

123 2745 238 2797 ratione
260 2744 427 2796 restitutam
449 2739 546 2793 voluit
574 2756 693 2808 pravam
716 2738 873 2792 lectionem
900 2741 939 2792 ud
963 2738 1033 2792 banc
1059 2745 1278 2810 uoluptatem

122 2821 243 2868 naturus
267 2813 391 2866 stimulis
412 2811 577 2874 incitamur,
602 2809 634 2861 in
652 2808 767 2862 Annali.
793 2807 901 2885 Hotbg.
921 2813 998 2866 1828.
1019 2812 1063 2866 68.
1100 2813 1165 2868 vid,
1192 2812 1278 2867 modo

123 2886 261 2946 Beierum
280 2883 315 2937 sd
333 2882 409 2935 Lael.
431 2884 475 2947 16,
494 2884 537 2936 61.
558 2897 586 2950 p.
597 2883 640 2935 97.
661 2888 692 2933 et
708 2881 739 2933 iu
759 2879 859 2933 Jahnit
878 2881 995 2934 Annall.
1018 2884 1093 2937 1827.
1102 2884 1126 2936 l.
1147 2886 1172 2939 3.
1192 2887 1275 2956 pot:

123 2955 263 3010 chsner.
290 2955 324 3004 sd
347 2952 407 3004 cio.
427 2952 553 3025 Eclogg.
579 2968 608 3020 p.
628 2953 692 3006 244.
717 2950 760 3005 ed·
779 2955 805 3006 3.
832 2951 894 3004 cte.
914 2953 1027 3005 Orator·
1045 2955 1089 3019 20,
1109 2957 1152 3011 66.
1204 2957 1276 3012 .49.

124 3026 169 3080 ed.
188 3025 282 3076 Beier.
302 3030 331 3074 et
350 3021 437 3074 06611.
461 3022 542 3074 Unus
562 3021 623 3085 Orc,
645 3037 698 3073 nec
717 3038 787 3074 vero
806 3022 894 3087 idem,
922 3023 973 3092 qui
990 3023 1129 3091 uoluptate
1148 2973 1276 3092 exbibet,

122 3095 211 3149 66661
230 3093 386 3147 libidinum.
408 3119 441 3128 -
462 3091 611 3159 Voluptate
629 3091 775 3145 libidinum
792 3091 879 3146 66661
903 3094 994 3168 marg.
1015 3091 1093 3150 Crat.
1130 3097 1186 3149 Pro
1210 3112 1278 3164 quo-

121 3177 232 3235 rumque
249 3163 321 3216 Edd.
340 3163 377 3214 llll.
398 3170 426 3215 et
444 3160 509 3214 Ald.
530 3160 606 3214 solae
625 3176 748 3229 quorum.
769 3161 841 3236 Aug.
860 3160 947 3215 hebet
969 3165 1158 3230 perturbatur.
1186 3165 1277 3220 Rehd.

121 3237 236 3291 omittit
255 3236 378 3286 multum.
399 3233 481 3286 Unus
499 3231 550 3284 Ox.
568 3230 654 3284 habet
672 3232 760 3295 absit3
778 3234 853 3287 Mon.
874 3231 953 3291 1.,66
971 3232 1131 3298 infamia.
1154 3235 1188 3288 ln
1198 3251 1277 3308 seqq.

122 3306 207 3362 vind.
228 3310 253 3361 1.
274 3305 317 3358 bis
337 3304 403 3375 quia
420 3319 474 3374 pro
493 3304 575 3372 quod.
612 3303 672 3355 Mr.
895 3323 905 3332 ¹*

196 3394 270 3464 quod
287 3393 485 3463 insipientibus
502 3391 642 3459 contingit
661 3392 798 3447 omnibus:
818 3392 870 3448 iis
887 3392 1011 3463 nullane]
1047 3394 1127 3450 Unus
1145 3396 1196 3450 Ox.
1215 3413 1279 3453 con-

124 3466 203 3536 tigit,
224 3466 363 3536 quod-est
382 3465 469 3518 etism
495 3465 526 3515 in
545 3461 616 3518 Gud.
640 3469 661 3517 l.
682 3482 698 3515 6
714 3480 759 3535 pr.
780 3482 819 3516 ru.
840 3498 874 3508 -
891 3465 963 3519 Edd.
984 3467 1020 3519 Μ.
1049 3475 1077 3521 61
1100 3467 1278 3536 161611661-

124 3555 180 3608 que
198 3537 284 3590 Leod.
309 3535 381 3604 qruod
406 3539 458 3590 ins.
483 3534 646 3588 omnibus
664 3535 861 3602 contingit:
882 3534 927 3589 bis
947 3537 1058 3590 nullane
1077 3546 1130 3592 etc.
1151 3539 1185 3592 In
1203 3538 1277 3595 Edd.

124 3609 189 3662 Asa.
211 3613 235 3662 1.
255 3610 280 3663 2.
303 3608 386 3660 Junt.
407 3605 515 3659 sturm.
541 3604 623 3658 Boul.
647 3605 697 3658 Fr.
718 3605 800 3659 Febr.
820 3607 961 3661 scribitur
985 3608 1058 3674 quod
1080 3608 1278 3678 insipientibus

124 3680 276 3746 contingit.-
301 3677 426 3732 omnibus
449 3673 494 3728 iis
513 3677 626 3729 nullane
650 3703 682 3714 -—
709 3674 795 3797 idpue
820 3677 959 3747 probabat
982 3676 1073 3735 Bouh.
1102 3681 1215 3753 recepit
1245 3683 1279 3736 in

123 3751 179 3805 Ed.
200 3754 223 3804 1.
248 3749 392 3804 FAWolf.
422 3764 545 3817 eumque
570 3747 662 3800 secuti
679 3745 762 3799 Kos.
792 3755 821 3800 61
838 3745 958 3801 Billerb.
995 3745 1051 3802 Sed
1077 3757 1157 3805 recte
1179 3761 1278 3811 monet

121 3821 236 3875 Nissen.
257 3822 282 3874 si
301 3821 341 3872 its
359 3820 527 3893 distinguas,
547 3815 732 3871 scribendum
753 3835 814 3872 esse
832 3816 876 3872 bis
894 3820 1030 3872 omnibus.
1050 3820 1157 3873 Mirum
1171 3831 1276 3891 sutem,
1323 3847 1324 3853 ¹

123 3893 232 3967 pergit,
257 3893 282 3944 si
301 3890 500 3958 insipientium
527 3888 634 3957 aliquis
654 3889 781 3940 multum
806 3890 840 3942 66
860 3890 972 3943 insanis
990 3888 1071 3944 absit.
1096 3892 1177 3946 lnfrs
1197 3911 1220 3946 c.
1240 3898 1275 3949 4:

83 3977 86 3992 ¹
124 3980 218 4048 omnes
237 3959 600 4084 ipsipientpsbinsunipntf‘
637 3958 811 4081 Q⁰⁰⁶dlift
825 3960 856 4043 in
880 3978 972 4043 marg.
992 3960 1107 4046 661666.
1138 3962 1275 4046 61σῦ616.

124 4035 240 4158 lbi?
259 4038 636 4170 tittstttttttlt:
652 4032 1124 4166 ilidii::tilititlf'iti
1136 4032 1277 4174 ibib

124 4176 219 4239 libris,
239 4175 269 4227 id
287 4173 392 4226 falsum
413 4179 463 4225 est.
502 4169 611 4238 Scripsi
636 4179 731 4223 autem
755 4172 793 4226 iis
813 4190 848 4226 ex
867 4172 958 4225 Oodd.'
982 4172 1082 4226 Duisb.
1109 4175 1184 4229 ouo.
1210 4172 1276 4242 (qui

75 4248 81 4291 l
124 4245 232 4300 666661
251 4244 320 4305 biis)
348 4246 469 4296 111662.
495 4239 552 4293 MS.
577 4240 612 4292 sd
633 4257 728 4314 marg.
749 4242 813 4298 Asc.
834 4246 859 4299 2.
888 4243 962 4296 Edd.
983 4243 1011 4301 S.
1031 4242 1065 4295 E.
1105 4245 1142 4312 ln¹¹
1164 4243 1276 4296 'duobus

75 4320 77 4375 !
125 4318 195 4372 Oxx.
221 4325 250 4370 et
268 4317 339 4392 Aug.
367 4323 409 4368 est
434 4313 523 4377 nulla,
550 4311 582 4362 in
606 4327 662 4363 uno
686 4313 768 4365 'nullu
795 4329 845 4366 uec
867 4331 921 4384 pro
939 4315 1058 4373 nullone.
1096 4315 1169 4366 Erat
1187 4315 1275 4365 etism

89 4447 96 4452 ,
124 4393 203 4467 nuilla
222 4404 299 4460 apr.
321 4405 357 4440 m.
380 4387 411 4438 in
421 4383 531 4452 Gudl.
559 4382 598 4443 16
612 4379 686 4438 Gud.
707 4384 732 4467 2.
755 4386 894 4468 scribitur
913 4387 988 4466 ratio
1006 4385 1187 4466 procuratio.
1214 4380 1275 4458 Mr,

148 4530 229 4572 Cicera
245 4525 308 4570 Tisse.
323 4527 390 4582 Disp.
406 4525 541 4576 subisset.
560 4521 584 4568 Τ.
601 4523 635 4566 11.
908 4486 917 4497 ⁸
1019 4491 1038 4553 2
