2842 5070
504 274 864 386 ''umnamm
953 295 960 302 ·
1059 300 1064 315 “
1224 303 1286 386 sos

128 470 272 556 (leuique
299 474 406 556 ipsius
437 464 623 554 principes
643 471 809 554 nunquam
845 472 882 531 in
918 469 987 531 suis
1008 465 1139 536 ,studiis
1174 466 1283 534 tentos

130 575 327 643 progressus
351 558 423 638 sine
447 556 606 639 flagranti
627 554 812 638 cupiditate
833 555 944 614 facere
965 554 1160 633 potuissent.
1196 551 1284 613 Ulti-

125 658 199 700 mas
232 635 342 701 terias
371 640 531 701 lustrasse
556 636 793 722 Pythagoram,
830 632 1080 711 Democritum,
1113 633 1284 696 Platonem

80 793 83 799 ¹
129 723 334 825 spcepimus:
356 721 416 781 ubi
438 721 525 781 enim
547 717 632 802 quid·
656 729 751 798 esset,
786 717 875 802 quod
896 715 985 779 'disci
1006 724 1128 799 posset,
1156 735 1197 777 eo
1225 737 1284 780 ve·
1328 799 1331 808 Ι

143 902 156 910 ··
201 893 319 945 ultimas
334 897 427 944 terras
450 889 588 947 lustrasse
606 885 816 958 Pythagoram]
852 887 919 941 cod.
938 884 1027 940 Rebi.
1060 886 1202 939 lustrare.
1239 886 1284 941 Ad
1328 924 1333 930 =

96 1015 105 1020 ,
130 978 194 1014 rem
211 961 380 1015 Beroaldus:
399 960 582 1028 „Plinius'in
600 959 685 1013 XXX.
704 960 798 1012 refert
822 956 859 1023 [c.
874 963 898 1014 l.
919 957 994 1011 Sect.
1006 959 1044 1011 11.
1063 977 1092 1027 p.
1103 960 1163 1013 523.
1185 957 1284 1024 Hasd]

129 1032 332 1106 Pythagoram,
349 1031 561 1099 Derupcritum,
585 1030 733 1083 Platonem
752 1028 786 1082 ad
803 1030 928 1104 magiam
945 1027 1108 1082 discendam
1125 1029 1283 1104 navigasse,

127 1103 228 1157 exiliis
244 1103 353 1168 ¹serius,
373 1119 460 1169 auam
476 1100 757 1176 peregrinationibus
775 1099 923 1170 susceptis.
959 1100 1152 1171 Hieronymus
1171 1101 1202 1152 in
1215 1102 1285 1155 Pro·
1324 1105 1328 1108 ’

128 1173 197 1247 logo
210 1170 543 1227 ·veteris'instru1nenti
568 1169 643 1241 [post
660 1170 734 1241 pre]
763 1168 905 1238 Legimus,
940 1168 1051 1239 inquit,
1079 1170 1214 1240 quosdam
1240 1170 1283 1225 lu·
1306 1225 1309 1229 ,

130 1249 238 1297 strasse
254 1241 426 1312 prouincias,
450 1259 535 1297 nouas
561 1242 669 1296 adiisse
690 1241 815 1310 populos,
840 1240 936 1294 maria
963 1241 1101 1295 transisse
1126 1241 1283 1309 cupiditate

128 1314 285 1369 studiorum
304 1313 350 1380 [H.
369 1320 400 1368 ut
419 1329 474 1378 eos,
512 1329 563 1366 uas
581 1328 616 1366 ea
634 1312 719 1368 tibris
737 1319 880 1380 nouerant,
899 1327 994 1365 eoram
1007 1329 1117 1382 auoque
1130 1315 1281 1385 uiderent]

98 1435 101 1440 ,
128 1382 180 1439 sn
196 1384 378 1456 Pythagoras
390 1332 594 1454 ‘Mempiiticos
612 1390 700 1449 vates,
720 1382 862 1438 sic·Plato
880 1385 1043 1452 Aegyptum
1062 1417 1095 1427 -
1115 1384 1282 1450 laboriosis-

123 1455 199 1510 sime
219 1455 397 1526 peragravit,
422 1456 489 1509 dum
508 1454 613 1508 literas
663 1453 725 1506 nasi
747 1460 803 1507 toto
834 1456 901 1507 brba
927 1449 1067 1521 fugientes
1089 1455 1279 1525 persequitur.

128 1526 313 1597 Democritus
331 1535 509 1594 consectatus
527 1543 575 1593 me*
595 1541 625 1576 os
643 1471 662 1576 i

128 1598 239 1668 patriae
258 1596 383 1662 donavit,
413 1612 469 1666 quo
494 1612 565 1666 expe
586 1596 655 1647 rtius
673 1612 744 1666 pere
765 1595 913 1647 rinaretur
939 1594 1051 1664 philoso
1072 1595 1282 1665 hereturque.“

128 1669 188 1722 (lic.
208 1668 242 1740 de
260 1669 344 1724 Pinn.
364 1668 398 1718 V.
420 1671 462 1733 19,
482 1663 531 1722 5⁰:
551 1666 625 1722 Quid
643 1666 677 1718 de
695 1611 880 1736 Pyliagora?
906 1664 974 1735 quid
992 1666 1026 1718 de
1069 1667 1161 1740 latone
1179 1671 1229 1717 aut
1248 1668 1282 1721 de

128 1738 289 1792 Democrito
308 1742 428 1805 loquar,
444 1754 462 1790 a
479 1737 577 1806 quibus
594 1743 710 1806 propter
726 1738 855 1801 discendi
863 1730 1052 1805 scuptattatem
1070 1736 1194 1790 uidemus
1211 1738 1283 1793 ulti-

128 1825 191 1862 mas
210 1816 304 1863 terras
322 1825 379 1861 esse
394 1808 588 1876 peragratas?
607 1808 644 1859 ib.
664 1810 708 1872 29,
728 1809 775 1863 87:
797 1824 846 1861 cur
863 1807 954 1878 ¹Plato·
967 1808 1127 1876 Aegyptum
1140 1824 1282 1878 peragra-
1302 1856 1305 1862 .

128 1882 180 1945 uit,
208 1886 239 1932 ut
260 1895 278 1931 a
301 1880 492 1933 sacerdotibus
519 1877 650 1931 barbaris
674 1890 801 1932 numeros
824 1884 850 1930 et
876 1877 1007 1931 eoelestia
1025 1878 1184 1946 acciperet?
1222 1881 1282 1934 Gur

126 1956 192 2020 post
219 1951 369 2004 Tarentum
394 1951 433 2004 ad
445 1947 622 2018 Archytam?
648 1965 700 2002 cur
718 1951 757 2002 ad
780 1948 905 2018 reliquas
922 1946 1126 2018 Pythagoreos,
1145 1947 1281 2004 Echecra-

129 2028 192 2088 tem,
215 2021 370 2087 Timaeum,
396 2021 548 2074 Actionem
565 2018 678 2085 Locros,
701 2025 743 2087 ut,
763 2037 841 2090 quam
858 2019 1003 2074 Socratem
1022 2021 1210 2088 expressisset,
1229 2022 1282 2074 ad-

126 2092 257 2160 iungeret
269 2091 507 2162 Pythagoreorum
526 2090 717 2158 disciplinam,
744 2105 836 2159 eaque,
861 2106 931 2160 quae
945 2089 1082 2144 Socrates
1106 2091 1282 2160 repudiabat,

127 2163 306 2218 addisceret?
344 2164 404 2216 Car
422 2165 481 2233 ipse
498 2159 677 2232 Pythagoras
694 2167 720 2214 et
738 2163 896 2231 Aegyptum
915 2161 1059 2226 lustravit,
1083 2169 1109 2214 et
1128 2161 1282 2217 Persarum

101 2272 104 2275 -
126 2250 228 2303 magos
245 2234 339 2288 aditet
357 2251 405 2288 cur
423 2241 517 2288 tantas
534 2232 666 2300 regiones
684 2233 870 2286 barbarorum
884 2232 1005 2302 pedibus
1022 2231 1115 2286 obiit?
1133 2239 1174 2286 tot
1186 2233 1281 2289 maria

664 1541 679 1576 e
696 1525 809 1596 magica
827 1525 952 1594 scripsit,
970 1526 1180 1594 patrimonium
1198 1543 1285 1585 suum¹
1344 1589 1345 1593 Ἰ
1371 1542 1375 1551 ’

127 2305 304 2360 transmisit?
331 2321 381 2359 cur
401 2303 469 2358 baec
489 2306 585 2358 eadem
601 2303 798 2358 Democritus?
822 2312 876 2357 etc.
898 2334 931 2346 -
962 2305 1016 2357 Pro
1037 2304 1193 2374 accepimus
1207 2305 1279 2359 (lod.
1392 2358 1394 2362 .

127 2376 201 2430 Gud.
220 2379 248 2431 2.
271 2376 356 2428 habet
374 2375 543 2446 accipimus
561 2375 635 2440 (sio).
673 2377 733 2429 Mr.
825 2422 826 2425 ,
1261 2404 1263 2409 -

201 2447 256 2501 Udi
273 2447 346 2530 enirn
365 2447 435 2530 quid
453 2445 534 2511 esset]
570 2446 665 2530 Vulgo
683 2444 823 2528 quidquid
841 2451 934 2528 assati
952 2446 1029 2516 quod
1045 2454 1106 2499 tam
1129 2448 1281 2502 absurdum

128 2525 181 2582 est,
199 2525 234 2569 ut
251 2517 449 2569 militantium
467 2525 539 2587 typo
592 2516 712 2586 phacum
728 2515 886 2593 videretur,
905 2517 1021 2569 arsisio
1039 2517 1175 2571 edidisset
1193 2521 1281 2587 etiam

126 2587 284 2640 Victorius.
321 2586 492 2663 Nos'igitur
510 2531 747 2656 offensasque
763 2595 876 2638 veteres
893 2587 1051 2656 sequimur.
1089 2589 1174 2643 Certe
1201 2590 1280 2661 quic-

127 2658 198 2728 quid
214 2657 265 2711 hic
283 2658 360 2710 idem
379 2658 455 2726 quod
473 2656 539 2727 qaid
557 2673 591 2708 ue
608 2658 744 2711 denotare
763 2674 821 2709 uon
839 2664 942 2726 potest,
965 2667 999 2709 ut
1017 2659 1092 2729 epod
1109 2661 1280 2714 Lucretium

122 2731 166 2794 11,
185 2732 246 2785 966.
271 2730 306 2794 V,
325 2731 403 2785 1387.
424 2731 500 2786 1453.
570 2745 603 2780 ec
625 2728 778 2798 quicquam,
804 2735 893 2796 prout
917 2729 1054 2795 arbitror,
1078 2731 1165 2782 ullibi
1187 2732 1279 2784 sirni-

126 2800 210 2866 ticet3
237 2800 309 2852 licet
334 2798 391 2853 alia
408 2816 489 2852 mens
501 2799 545 2852 ¹sit
563 2798 611 2851 Ob.
632 2799 743 2852 Gisanii
762 2798 876 2853 Observ.
897 2798 970 2856 inL
998 2801 1030 2851 1..
1056 2817 1121 2924 peip.
1142 2780 1277 2858 205.⁰D.
1325 2800 1327 2805 ¹
1405 2826 1412 2839 ⁸

1109 2889 1124 2924 a

174 2871 245 2924 'ubi
263 2872 336 2924 enim
353 2868 436 2937 quid
454 2869 537 2935 esset]
575 2863 670 2935 Quem
674 2869 779 2922 vlaudat
798 2868 937 2938 Gipbauii
962 2870 1060 2922 locum
1124 2873 1225 2940 visius,
1253 2874 1279 2928 is

123 2942 218 2994 estin
235 2942 288 2994 Ed.
309 2941 558 3010 Fret.·(162‹t.)p.
578 2942 640 2995 205.
666 2971 699 2982 -
735 2939 906 2992 Bouhierius
933 2957 1058 3011 quoque,
1086 2945 1137 3012 qui
1163 2943 1196 2996 in
1219 2961 1278 3000 rino
1386 2966 1388 2969 ·

122 3012 204 3065 Laid.
224 3009 473 3081 reperisset'quid,
503 3027 570 3062 auin
588 3008 703 3062 Davisio
725 3011 805 3065 facit.
843 3010 945 3076 „Quid
969 3012 1077 3066 habent
1095 3015 1165 3067 Edd.
1193 3025 1278 3082 vett,
1324 3042 1329 3047 ·
1352 3071 1358 3079 ,

121 3081 395 3206 destitisti
414 3079 507 3204 ‘iiii
523 3080 1278 3209 disistit-tmaltitittnlltttttt

123 3225 195 3277 Ven.
215 3228 306 3277 nostr.
331 3190 440 3297 nial.
460 3224 485 3277 2.
508 3229 541 3274 et
564 3223 630 3275 rell.
656 3169 738 3275 iett'
754 3170 820 3275 aIilte
840 3223 924 3274 Grut.
950 3192 1077 3297 sucepti}
1101 3228 1129 3279 P.
1149 3229 1182 3278 V.
1206 3197 1277 3281 noo]

123 3294 227 3366 steph:
253 3296 334 3348 Junt.
369 3294 401 3345 iu
430 3292 536 3369 quibus
563 3297 606 3363 es't
633 3292 771 3369 quidquid
795 3311 823 3344 v.
849 3294 986 3362 quicquid,
1019 3304 1053 3347 ut
1075 3296 1107 3347 in
1129 3297 1278 3368 plerisque

127 3367 227 3420 Gadda
247 3383 284 3419 ex
302 3365 408 3439 uostris
420 3372 507 3417 certe
524 3363 631 3417 habent
650 3364 727 3418 idem
751 3363 824 3417 Gud.
846 3367 869 3418 1.
889 3365 915 3419 2.
931 3363 1013 3439 Aug.
1039 3367 1126 3419 ltlarb.
1151 3371 1229 3432 ltlon.
1250 3376 1275 3427 l.

122 3439 210 3491 Vind.
232 3440 306 3494 1.2.
331 3435 421 3490 Rehd.
447 3432 521 3488 Gud.
543 3442 579 3488 ‘et
603 3444 713 3504 septem
738 3434 879 3488 Oxx.'1n
905 3435 1012 3498 duobus
1032 3438 1102 3492 Oxx.
1126 3446 1155 3492 et
1177 3440 1276 3495 Duisb.
1351 3500 1353 3505 ,

124 3509 237 3582 legitur
262 3507 415 3578 quicquam.
431 3506 434 3513 '
452 3507 497 3560 Ex
521 3504 614 3570 rece,
636 3514 713 3576 postx
730 3505 898 3570 Gruterum,
924 3522 1021 3559 omnes
1044 3508 1184 3563 dederunt
1210 3512 1279 3583 quid

128 3580 256 3648 exeeptis
275 3579 363 3632 Gran.
394 3577 505 3661 epm
543 3572 648 3661 ¹3¹.Ed‘
669 3575 764 3631 Kiihn.
793 3577 940 3647 duplicem
963 3577 1055 3662 habet
1071 3583 1216 3649 annotatio
1241 3585 1278 3638 ad

125 3648 361 3772 tristam
380 3646 1279 3794 istratus.rstuttttsrttnott.ltt

128 3790 232 3843 ieetum
249 3796 300 3855 est,
327 3789 451 3856 quod-
469 3805 524 3842 non
540 3789 719 3844 attalianum
739 3817 771 3828 -
790 3806 845 3844 nan
862 3798 999 3858 quaerunt
1020 3793 1173 3862 amplicem]
1197 3797 1279 3850 euius
1341 3810 1345 3820 “

127 3862 187 3915 1οοὶ
210 3861 295 3932 plane
316 3861 371 3937 alia
395 3868 437 3912 est
462 3861 544 3913 ratla.
582 3862 742 3915 Posteriore
771 3863 849 3934 enim
881 3863 946 3915 loeo
976 3864 1112 3934 quidquid
1127 3866 1198 3937 ,tici
1223 3883 1278 3938 pro
1307 3914 1312 3920 .

128 3932 250 4003 quidque
274 3938 354 3984 reete
377 3939 475 3983 monet
498 3931 593 3987 Rutu.
623 3932 744 3984 laudatis
768 3931 881 3986 Ramsh.
910 3932 931 3998 i.
953 3936 1012 3990 160.
1044 3953 1073 4003 p.
1098 3939 1160 3993 374.
1190 3955 1214 3990 e.
1249 3948 1279 3992 et

129 4005 219 4059 Orell.
238 4001 313 4056 Obss.
333 4002 365 4053 in
382 4001 482 4053 Tusce.
502 4019 530 4071 p.
541 4000 603 4057 391.
623 4002 665 4055 ed.
686 4004 755 4073 opp.
776 4004 835 4060 (iic.
856 4005 889 4057 T.
901 4000 948 4056 IV.
969 4005 1007 4076 [p.
1028 4009 1088 4062 175.
1104 4007 1152 4077 ed.
1170 4009 1278 4078 peeul.]
1307 4016 1310 4022 '

128 4077 235 4129 Nostro
247 4073 367 4126 locoubi
385 4105 417 4116 -
439 4072 506 4142 quid
519 4073 639 4149 ponitur
651 4088 703 4142 pro
717 4073 869 4144 ubicunque
887 4102 921 4112 -
940 4076 1048 4144 aliquid
1071 4085 1160 4131 esset.-
1180 4097 1234 4150 pro
1245 4087 1278 4134 'eo

127 4146 153 4200 si
171 4147 277 4201 scribas
301 4142 449 4214 quidquid,
477 4143 587 4196 soloeee
610 4143 786 4213 scripseriss'
800 4146 849 4197 sed
866 4153 982 4215 poterat
1000 4142 1087 4200 etiam
1106 4150 1203 4203 scribi:
1220 4151 1279 4207 ‘sic-

128 4218 177 4272 uti
201 4217 276 4272 enim
297 4216 365 4283 quid
389 4221 468 4268 esset.
506 4215 569 4266 Vid.
588 4215 705 4284 Zumpt.
726 4215 778 4272 Gr.
797 4217 859 4267 Lat.
879 4215 983 4280 §.tto
1003 4217 1045 4270 ed.
1066 4222 1092 4276 o.
1127 4223 1188 4284 Mr.

199 4289 271 4360 quod
283 4286 363 4340 'disci
377 4286 495 4356 posset]
531 4285 594 4338 Duo
613 4286 700 4339 codd.
720 4279 789 4339 Oxi.
810 4285 883 4338 Gud.
904 4291 928 4342 1.
947 4289 974 4344 2.
993 4288 1081 4346 nehd.
1103 4291 1176 4345 Gud.
1207 4291 1279 4348 dici
1362 4257 1365 4267 Ι
1402 4242 1409 4251 ·

125 4367 231 4428 posset,
248 4377 323 4415 unus
340 4360 392 4413 Ox.
412 4357 485 4411 dici
506 4363 636 4425 potest.
663 4356 736 4410 Gud.
756 4359 782 4414 2.
796 4362 839 4410 ἐἰ
862 4357 926 4428 (pro
944 4360 992 4426 eo)
1018 4361 1188 4416 ueniendum.
1228 4366 1279 4415 Po-

125 4429 242 4484 steriori
258 4431 325 4485 voci
343 4445 404 4485 esse
420 4429 529 4483 addunt
546 4428 602 4483 duo
612 4429 691 4483 eu.
728 4430 784 4484 Pro
802 4426 870 4504 baec
886 4437 930 4495 eet
942 4428 1006 4490 ‚loc
1016 4434 1049 4485 in
1062 4430 1192 4503 ‘quamor
1207 4435 1275 4501 Oxn.

152 4561 232 4607 anuo
245 4560 310 4610 tuso.
325 4563 395 4622 osup.
414 4563 448 4608 aa.
463 4562 550 4615 uuio.
566 4560 591 4608 r.
609 4561 643 4604 n.
707 4630 714 4644 .
761 4619 763 4623 ι
941 4554 964 4634 ².
988 4539 1031 4603 24
