2842 5070
137 271 200 358 aaa
336 286 565 355 aeracius
586 278 835 355 tuscanen
857 251 1109 382 auroran-
1195 224 1208 242 .

260 446 402 519 A'lacrie
423 452 544 518 obviam
566 454 642 519 miti
662 457 776 535 veniet,
799 451 987 536 cdmplexnm
1008 445 1172 536 exapta'ns
1193 462 1305 531 nean,

258 535 348 601 Mina·
367 557 402 600 se
421 539 524 599 dedet.
546 567 589 582 —-
779 561 783 565 ’

137 619 243 685 Quam
264 619 346 682 haec
367 620 508 701 pulchre
529 626 634 701 putet,
656 619 728 701 ipse
749 620 816 680 iam
837 616 942 684 dicet:

259 737 299 749 -
321 701 496 772 Fdrtnnam
517 705 617 780 ipsam
638 699 770 776 anteibo·
787 699 935 783 fortunis
953 701 1053 775 meis..¹
1166 743 1169 747 «

72 786 117 926 ἓξ
145 805 180 858 ρ,
218 783 311 861 Haec
331 785 460 846 laetitia
480 803 578 864 quam
600 786 707 866 turpis
729 786 789 846 sit:
813 785 892 845 satis
913 791 964 845 est
984 782 1172 870 diligenter
1189 791 1297 857 attten-v

76 940 103 1002 b·
133 955 212 1008 bunc
235 969 349 1008 versum
374 952 447 1007 Fari
473 953 588 1021 patebit.
626 954 701 1019 Quae
725 953 885 1007 emendatio
907 962 967 1005 tam
990 953 1140 1007 commoda
1164 953 1231 1007 visa
1256 964 1296 1008 est

133 1026 258 1090 Davisio,
277 1034 310 1075 ut
329 1041 390 1076 eam
410 1026 441 1076 in
460 1024 631 1087 editionibus
650 1026 707 1076 suis
725 1024 930 1094 posterioribus
948 1023 1103 1093 receperit.
1141 1023 1211 1100 Ego
1226 1043 1298 1079 vero

133 1096 226 1163 miror
244 1110 289 1146 eos
314 1109 371 1146 non
389 1094 522 1147 didicisse
546 1113 561 1146 a
585 1095 720 1165 populari
739 1088 933 1146 eruditissimo
947 1094 1026 1155 Chr.
1045 1095 1165 1149 Wassio
1193 1095 1229 1148 de
1247 1098 1292 1148 Lis

134 1174 209 1230 cent.
237 1166 311 1217 Vett.
336 1167 424 1234 poe'tt.
451 1183 481 1233 p.
503 1168 563 1229 160,
587 1167 663 1233 quod
682 1164 781 1216 multis
801 1165 852 1216 ille
876 1164 1016 1234 exemplis
1041 1165 1190 1234 probarit,
1215 1168 1293 1232 fores

132 1234 346 1308 μονοσυλλάβως
367 1252 425 1287 esse
444 1235 658 1300 enuntiandum,
676 1243 709 1286 ut
727 1235 807 1300 Free,
827 1252 921 1304 neque
940 1235 1216 1306 igitur-quicquam
1235 1255 1294 1290 essa

133 1303 440 1367 mutandumst‘wBoalt.
477 1307 593 1357 Nissen.
618 1306 719 1375 probat
737 1306 863 1357 Bentleii
892 1305 1133 1358 emendationem:
1165 1324 1290 1360 necessa⁴

133 1378 208 1429 riam
227 1393 289 1429 eam
312 1375 459 1428 existimat
476 1375 571 1432 Klihn.
598 1393 663 1427 cum
683 1376 883 1438 Grotefendio,
910 1377 962 1444 qui
987 1377 1028 1427 ita
1052 1376 1213 1450 legendum
1232 1379 1292 1434 exis¹

132 1447 239 1511 stianat,
259 1463 295 1497 ne
315 1446 420 1499 ceteris
439 1446 593 1501 trochaicis
612 1446 749 1499 iambicus
773 1446 1088 1499 admisceaturversus.
1126 1447 1194 1520 Ego
1221 1465 1290 1506 vero

132 1535 198 1585 cum
217 1517 340 1582 Wolfio,
359 1517 444 1570 Schz.
464 1517 510 1570 0r.
529 1517 602 1569 Tbn.
621 1517 711 1585 Nobb,
736 1516 879 1568 librorum
903 1516 1032 1568 omnium
1055 1516 1219 1569 lectionem
1245 1537 1291 1571 res

132 1587 226 1652 stitui,
254 1604 325 1657 quae
343 1588 421 1640 salvo
441 1596 534 1641 metro
553 1595 627 1639 stare
645 1595 753 1657 potest:
780 1603 952 1655 quamquam
975 1587 1001 1638 si
1024 1587 1109 1638 libris
1134 1587 1219 1640 bonis
1240 1590 1287 1640 fir-

132 1658 599 1722 mereturBentleiilectio,.ea1n
617 1657 823 1727 praetulissem.
862 1658 896 1708 ln
915 1657 981 1709 Cod.
1001 1657 1084 1708 Vind.
1107 1662 1132 1712 1.
1162 1658 1290 1730 legitera

132 1729 221 1782 Fores
237 1729 367 1796 patebunt
389 1729 428 1781 de
446 1727 654 1795 improviso.
676 1725 834 1795 Gyrrbne
851 1727 900 1779 nbi
923 1759 955 1770 -
976 1726 1123 1780 Scribitur
1141 1723 1240 1782 Crieie
1257 1730 1286 1781 in

133 1797 219 1851 (toda.
245 1799 330 1850 lllarb.
357 1799 432 1850 Mon.
454 1803 477 1852 1.
498 1801 530 1862 23
568 1797 677 1866 Gripeie
700 1798 732 1848 iu
757 1814 813 1849 uno
837 1797 905 1862 0x.;
942 1798 1070 1865 epexerit
1099 1799 1132 1850 in
1158 1802 1235 1852 lllon.
1261 1805 1284 1856 1.
1312 1846 1315 1853 ,

132 1868 216 1921 Vind.
237 1871 261 1922 2.
279 1870 480 1934 conspexerit.
517 1867 576 1920 Mr.
882 1906 884 1910 -
938 1874 948 1893 ⁹

203 1940 321 1992 Alacres
348 1939 457 1992 obvim
482 1935 552 1993 milti
575 1937 691 2004 ueniet]
729 1936 796 1990 Gud.
822 1937 895 2001 Gud.
915 1940 941 1991 2.
969 1937 996 1989 A
1021 1938 1193 1994 lacrimis
1219 1931 1288 1994 mitt

134 2008 241 2065 obviam
259 2012 358 2074 ueniet,
385 2018 444 2062 tres
463 2010 532 2062 Oxx.
559 2010 678 2074 venerit,
704 2008 777 2083 Aug.
802 2007 876 2070 venit
904 2025 970 2059 cum
987 2008 1083 2072 Duisb.
1112 2020 1141 2063 et
1166 2012 1220 2066 Ed.
1240 2014 1284 2074 P.;

133 2081 200 2134 cod.
227 2081 315 2143 lilarb.
345 2081 419 2132 venit
444 2086 490 2145 et;
526 2079 638 2153 legitur
670 2079 757 2131 etiam
787 2075 858 2130 miti
881 2078 991 2130 obviam
1019 2078 1050 2129 in
1078 2079 1167 2133 Godd.
1197 2082 1290 2136 Rehd..

132 2154 207 2205 ltlon.
229 2143 264 2215 l,
282 2151 324 2203 mi
337 2151 372 2210 in
390 2150 461 2202 Edd.
483 2150 515 2201 V.
544 2158 572 2202 et
590 2149 658 2202 llob.
680 2148 778 2218 Steph.
816 2148 916 2222 Pergit
940 2166 1013 2200 unus
1041 2149 1091 2201 Ox.
1112 2152 1285 2219 complexam

133 2217 332 2289 expectans.
362 2220 438 2272 Tum
456 2221 530 2272 lllon.
552 2223 576 2274 1.
596 2218 668 2272 milti
685 2220 747 2271 aed
765 2218 878 2282 debet,
903 2219 999 2270 Duisb.
1019 2219 1093 2273 mins·
1115 2225 1231 2288 sedet,
1256 2224 1285 2274 iu

132 2309 191 2345 uno
211 2293 260 2344 Ox.
282 2300 324 2342 est
342 2288 412 2340 mitti
429 2305 458 2343 ae
477 2290 635 2354 deceret,
656 2290 687 2340 in
706 2290 762 2340 alio
780 2287 850 2341 milti
866 2304 897 2356 ¹ee
917 2290 1043 2353 dedat,
1072 2291 1147 2344 Gud.
1168 2296 1196 2348 2.
1215 2291 1288 2345 mitt.

133 2378 164 2414 ee
183 2362 288 2413 decet.
326 2359 405 2410 ldem
424 2359 533 2411 omittit
553 2361 652 2414 Quaene
673 2358 855 2412 contraGud.
874 2359 961 2413 hebet
980 2374 1182 2429 petamqnam,
1202 2365 1285 2416 omit-

133 2431 229 2512 titque
244 2435 328 2497 patet.
365 2429 401 2481 ln
418 2446 496 2499 seqq.
517 2428 591 2482 Gud.
611 2433 637 2484 2.
658 2430 775 2483 exhibet
794 2431 905 2483 anteibo
923 2430 1021 2498 ipsam.
1057 2432 1168 2485 Vocem
1196 2433 1285 2502 ipsam

75 2496 80 2505 '
134 2508 274 2552 omittunt
300 2507 359 2552 tres
384 2500 453 2552 Ona.
499 2499 543 2552 Ad
574 2500 749 2553 locutionem
778 2499 931 2552 Fortunam
955 2532 988 2542 -
1015 2501 1125 2555 anteibo
1156 2505 1285 2569 fortunia

132 2571 262 2636 Wolfius
280 2571 323 2627 ait‘
337 2570 416 2622 hunc
433 2570 587 2623 verborum
605 2570 699 2621 lusum
719 2587 776 2622 non
795 2571 944 2622 admodum
965 2587 1023 2623 esse
1040 2577 1286 2645 gratmniltlonet

134 2649 241 2701 'contre
258 2642 304 2694 Or.
329 2657 387 2693 non
411 2639 588 2708 displicuisse
611 2641 744 2692 Romanis
768 2640 907 2693 eiusmodi
926 2641 1052 2708 delicias,
1078 2644 1175 2696 veluti
1193 2646 1283 2698 Pleut.

60 2734 62 2739 ’
132 2711 411 2766 ltlostell.11.l.4:
445 2710 628 2764 NecSatue
646 2710 857 2764 nobieaatntr'
878 2711 936 2763 tam
954 2727 1023 2776 esee,
1048 2711 1076 2765 εἰ
1093 2716 1200 2781 capiat,
1225 2723 1286 2784 pct-

133 2789 187 2847 est3
207 2781 441 2850 quemimitatus
460 2790 502 2833 est
520 2781 636 2833 Terent.
656 2781 777 2850 Adelph.
797 2784 824 2845 4,
843 2785 868 2835 7.
888 2789 960 2833 extr.
980 2781 1043 2851 ipsa
1065 2782 1094 2834 εἰ
1112 2789 1209 2853 capiat
1227 2785 1285 2839 Sa-

132 2853 190 2972 {¹²⁴⁸
208 2851 359 2904 Servare
379 2863 497 2973 pjiq⁰r⁸u⁸
520 2850 592 2904 banc
615 2851 756 2918 familiam
774 2867 828 2904 non
849 2851 969 2918 poterits
995 2860 1024 2904 et
1041 2853 1143 2907 Cicero
1164 2856 1212 2909 Or.
1231 2873 1285 2927 pro
1307 2848 1313 2860 ⁸

158 2920 244 2984 antei.
265 2925 291 2986 6,
312 2926 355 2976 ll.
428 2938 454 2973 r.
922 2980 924 2985 ¹
1096 2932 1098 2937 ’

203 2993 269 3063 Cap.
289 2994 332 3047 32.
371 2990 454 3045 Satis·
471 2998 512 3045 eet
538 2991 689 3060 diligenter
716 2992 919 3059 adtendentem]
955 2993 998 3047 Gl.
1017 2994 1151 3048 Bentleio
1178 2995 1284 3068 placet,

131 3059 218 3128 facile
236 3069 275 3115 eet
287 3061 443 3130 diligenter
462 3071 516 3118 etc.
552 3064 589 3117 D.
1273 3124 1276 3129 ‚

138 3164 142 3171 ι
203 3134 273 3187 antis
300 3141 342 3186 eet
368 3133 523 3200 diligenter
550 3135 736 3188 attendentem
760 3135 873 3202 penitae
904 3134 1018 3201 videre]
1060 3136 1183 3206 Recepit
1201 3138 1282 3191 “Dar.

29 3246 33 3251 .
129 3203 328 3257 Bentleianam
346 3206 541 3258 coniecturam
559 3206 643 3270 facite
661 3222 714 3275 pro
732 3207 805 3258 satie
823 3207 854 3257 iu
872 3206 925 3259 Ed.
946 3209 970 3260 2.
997 3222 1055 3258 non
1082 3206 1179 3261 addito
1197 3205 1291 3262 Rene--

130 3273 184 3326 leii
202 3276 327 3328 auctoris
346 3275 470 3328 nomine.
507 3275 665 3340 „Sensum
690 3275 731 3326 ait
749 3276 830 3339 Era,
858 3275 915 3328 hoc
932 3284 1031 3345 aptum
1050 3275 1115 3329 loco
1142 3295 1203 3330 non
1221 3279 1284 3332 elli·

127 3339 181 3397 cit.
202 3346 305 3398 melius
323 3347 409 3413 facile
429 3355 481 3407 est,
507 3354 540 3397 ut
564 3347 642 3398 dedit
661 3343 741 3410 Dan,
767 3346 816 3396 cui
842 3354 939 3398 tamen
966 3355 995 3398 et
1014 3348 1174 3401 attendenti
1192 3351 1283 3420 aptita

131 3424 214 3480 esset,
235 3433 319 3485 quam
339 3415 556 3469 attendentem.“
582 3417 693 3468 Nissen.
713 3414 836 3468 adhaec
858 3416 944 3469 verba
963 3417 1042 3469 addit
1066 3419 1228 3488 explicans:
1252 3448 1282 3462 -

127 3493 190 3554 „ut
212 3503 270 3538 non
294 3503 363 3555 opus
387 3487 426 3538 sit
450 3487 536 3558 istam
557 3486 750 3556 voluptariam
772 3486 918 3539 'laetitiam
937 3487 1069 3562 longiore
1088 3488 1282 3559 disputatione

129 3556 335 3632 perstringere.
379 3556 458 3611 Sutia
482 3564 526 3610 est
554 3565 621 3610 sunt
645 3556 743 3609 verba>
757 3557 826 3622 eius,
852 3574 939 3625 quem
965 3566 1131 3628 pertaesum
1154 3561 1194 3612 sit
1220 3579 1291 3626 rem,

130 3626 256 3679 odiosam
273 3628 430 3682 tractare.“
448 3628 594 3682 FAWolf.
620 3628 652 3678 in
669 3626 774 3678 scholis
802 3629 944 3696 explicat:
970 3629 1037 3679 satis
1061 3631 1283 3694 enatantem,

129 3705 163 3748 ut
180 3699 297 3767 penitus
314 3697 468 3750 rideamus.
505 3698 593 3751 Addit
618 3698 665 3750 Or.
690 3696 860 3765 exquisitius
884 3698 944 3750 dici
969 3700 1043 3751 satie
1062 3703 1117 3753 eat:
1142 3701 1283 3775 languere

130 3769 298 3832 orationem,
318 3767 466 3819 si-scribas
484 3768 571 3834 facite
589 3775 643 3820 eat:
671 3767 746 3818 male
765 3776 861 3820 autem
884 3769 1007 3821 Ernesto
1035 3769 1177 3837 placuisse
1196 3779 1284 3825 atten-

130 3836 216 3889 denti.
253 3839 340 3888 Recte
359 3837 394 3888 ad
409 3836 440 3887 li.
452 3832 480 3888 ’1.
510 3846 540 3889 et
566 3837 726 3907 adsimiles
744 3838 874 3891 Kloteius
898 3839 1008 3904 Quaest.
1036 3839 1114 3892 Tull.
1135 3843 1157 3894 1.
1179 3861 1208 3912 p.
1229 3846 1281 3897 ⁷1:

128 3905 210 3971 3‚lbi,
229 3906 279 3969 ait,
299 3907 456 3958 aromatico
474 3908 555 3960 locus
573 3916 616 3959 est
634 3907 721 3973 casui,
745 3908 794 3960 ubi
821 3909 1010 3980 participium
1032 3911 1081 3963 vel
1104 3911 1283 3965 adiectivum

129 3975 223 4042 aptius
244 3993 314 4027 cam
339 3976 487 4030 infinitivo
505 3977 703 4052 coniungitur,
736 3978 776 4030 ita
800 3988 832 4030 ut
850 3981 973 4046 dicatur,
999 3997 1086 4051 quem
1111 3983 1283 4036 admodum

129 4045 215 4110 illud,
239 4048 316 4114 quod
339 4047 427 4101 verbo
453 4049 645 4122 significatur,
669 4050 720 4107 fiat
745 4050 891 4103 factumve
909 4052 961 4104 sit:
988 4060 1050 4103 tum
1075 4061 1172 4106 autem
1191 4055 1285 4107 eidem

127 4117 215 4182 casui,
240 4118 291 4186 qui
316 4126 359 4170 es't
381 4119 502 4175 subiecti
530 4120 565 4174 ed
591 4116 670 4189 quod
693 4121 845 4185 referatur,
878 4139 972 4188 (prum¹
991 4121 1066 4174 illud
1090 4124 1284 4195 perticipium

125 4190 216 4263 inagis
235 4205 301 4241 cum
319 4207 440 4259 persona
458 4208 507 4256 ea,
519 4208 575 4260 quo
593 4198 635 4243 est
653 4191 847 4256 referendum,
872 4191 1016 4257 cohaeret,
1042 4194 1124 4262 quasi
1142 4196 1284 4263 quaedam

125 4258 319 4384 ἓιόρτίεῑαεέι
355 4261 421 4314 Cod.
440 4261 528 4315 Rehd.
546 4262 776 4325 attendendam,
800 4279 885 4332 supra
911 4263 963 4316 lin.
988 4270 1060 4330 tem,
1077 4281 1151 4317 unus
1171 4267 1223 4318 Ox.
1254 4275 1284 4320 et

153 4332 199 4383 nd.
226 4334 252 4386 2.
280 4332 352 4384 item
376 4333 578 4399 attendendam,
617 4333 667 4386 sed
695 4333 840 4402 posterior
868 4334 947 4386 addit
974 4339 1025 4387 ant
1051 4343 1117 4393 ante
1144 4337 1282 4404 peniteat

125 4400 220 4456 Duisb.
242 4405 318 4458 satia
341 4409 383 4456 est
408 4402 573 4472 diligentem
592 4402 706 4472 penitae
731 4403 835 4456 videre.
872 4407 938 4457 Mox
965 4404 1039 4458 Gud.
1066 4408 1090 4458 1.
1117 4405 1168 4476 qni
1195 4405 1284 4462 baec
1315 4473 1320 4481 .
