2842 5070
554 320 847 404 nmnu-1v‚m.
925 273 952 322 '¹
1075 328 1081 371 ·-
1223 281 1288 395 aas

130 497 183 550 eat
202 489 320 574 igitur,
350 487 439 571 quod
461 498 619 564 occurrat
639 492 674 552 in
695 490 764 552 hac
785 491 990 573 quaestione,
1021 510 1086 572 quo
1108 495 1215 572 possit
1234 502 1285 555 at·

130 573 218 656 tingi
247 571 371 653 aliquid
397 575 472 634 veri
493 572 620 634 similet
656 592 722 656 quo
749 574 1006 657 longiusmens
1035 573 1179 635 humana
1206 578 1286 657 pross

128 653 226 738 gredi
248 674 315 715 non
338 663 458 736 potest.
490 655 654 722 Definitio
676 656 955 737 perturbationis,
997 675 1041 717 na
1062 665 1154 720 recte
1176 657 1286 719 Zeno-

128 754 205 798 nem
226 757 324 798 usum
346 745 444 819 puto:
473 738 522 824 ita
544 739 632 821 enim
653 737 780 811 definit,
804 747 843 799 nt
863 676 1074 802 Perturimtio
1102 743 1147 802 sit
1172 760 1286 803 aversa

129 822 307 898 aratione,
335 830 448 882 contra
468 830 627 900 naturam,
657 824 756 885 animi
778 823 957 885 commotio:
985 823 1042 886 vel
1069 822 1216 902 brevius,
1246 832 1286 886 ut

130 1033 159 1080 et
186 1026 229 1079 ed.
253 1034 349 1080 nostra
378 1035 436 1080 vet.
461 1025 606 1095 inquirere
632 1044 698 1079 cum
728 1026 876 1097 plerisque
903 1026 1005 1096 seqq.“
1030 1025 1119 1081 Bauli.
1161 1029 1285 1102 Legitur

130 1097 280 1168 anquirere
304 1099 333 1149 in
353 1099 438 1151 Codd.
458 1099 527 1170 neg.
548 1097 622 1155 Gud.
643 1103 668 1154 l.
695 1098 808 1168 Gryph.
836 1098 919 1152 Vind.
943 1103 966 1152 1.
991 1096 1061 1162 (al.
1081 1099 1133 1164 m.)
1161 1108 1285 1170 quatuor

129 1169 200 1221 Oxx.
225 1169 359 1239 (quorum
386 1185 460 1221 unus
484 1185 501 1218 a
526 1172 550 1223 l.
573 1185 611 1221 m.
637 1168 725 1222 habet
742 1167 930 1240 inquireret)
955 1168 1026 1222 Edd.
1046 1170 1080 1221 V.
1109 1171 1194 1224 Leod.
1214 1171 1284 1223 Rob.

129 1238 228 1310 steph.
250 1238 341 1293 Gebh.
361 1257 439 1311 seqq.
477 1237 568 1293 Venae
585 1238 719 1293 lectionis
737 1240 810 1293 vesti
833 1239 895 1293 ium
913 1248 957 1295 est
981 1241 1013 1291 in
1031 1240 1098 1294 Cod.
1118 1241 1207 1295 Marb.
1233 1242 1284 1311 qui

127 1310 213 1363 habet
231 1324 273 1364 un
291 1310 462 1380 acquirere3
490 1309 522 1361 in
544 1310 634 1363 Rehd.
664 1310 737 1364 Gud.
762 1319 791 1364 et
809 1258 862 1364 86.
882 1312 911 1364 P.
933 1311 1085 1381 inquibus
1111 1321 1155 1365 est
1173 1313 1283 1382 acqui-

127 1379 202 1434 rere.
237 1381 355 1452 Reliqui
377 1380 528 1451 inquirere.
567 1380 609 1436 De
633 1382 801 1451 anquirendi
826 1382 915 1436 verbo
945 1381 1044 1435 laudat
1066 1382 1162 1437 Kiihn.
1198 1384 1284 1438 Beie-
1390 1399 1394 1407 ·

127 1465 193 1505 rum
211 1452 245 1507 ad
263 1452 323 1506 Cin.
345 1451 496 1506 690111.
518 1454 562 1506 311.
590 1470 619 1523 Ρ.
638 1456 700 1509 219.
726 1453 797 1505 Α66.
824 1468 876 1505 nos
900 1452 934 1505 ad
950 1452 1010 1507 (iic.
1029 1453 1063 1506 de
1083 1453 1120 1510 N.
1139 1455 1175 1507 D.
1196 1457 1218 1509 1.
1239 1456 1283 1511 17.
1335 1465 1337 1469 ’

149 1560 156 1574 .
176 1525 219 1580 79.
239 1521 368 1592 admei.
388 1524 436 1577 Cr.
456 1531 487 1575 et
504 1531 595 1583 nostr.
615 1521 1089 1588 (199611.96016.1.691.21,81.
1112 1543 1141 1594 Ρ.
1162 1528 1220 1581 167.
1248 1527 1284 1578 ad

126 1540 171 1661 33,
190 1597 233 1651 87.
252 1612 281 1664 Ρ.
304 1597 363 1650 lto.
384 1594 418 1648 ad
435 1597 481 1661 24,
499 1598 542 1651 88.
563 1612 591 1664 Ρ.
613 1596 672 1651 178.
694 1593 787 1648 Beier.
808 1594 843 1647 ad
860 1594 937 1646 Lael.
956 1597 1001 1659 21,
1019 1596 1064 1649 81.
1083 1612 1112 1664 Ρ.
1131 1598 1198 1650 127.Δ
1210 1595 1280 1648 Dav.
1313 1648 1319 1660 ,

128 1672 160 1718 et
176 1681 226 1717 nos
244 1665 278 1717 ad
296 1665 356 1719 Cic.
377 1666 411 1718 de
429 1667 520 1741 Legg.
539 1665 563 1716 1.
584 1670 611 1721 1.
630 1682 658 1736 p·
679 1668 704 1722 8.
729 1662 782 1718 Ε6.
803 1664 965 1719 Forcellini
984 1665 1082 1718 Germ.
1108 1683 1135 1718 v.
1163 1666 1284 1737 anquira
1354 1704 1358 1710 -

127 1752 156 1806 p·
182 1734 296 1862 dadi·
332 1736 413 1788 Unus
443 1737 493 1788 Ox.
520 1752 575 1808 pro
598 1736 666 1806 quid
698 1743 740 1790 ert
771 1735 858 1822 habet
891 1735 1011 1806 quidem,
1058 1737 1139 1791 Idem
1171 1738 1283 1791 omittit

164 1823 180 1860 o
203 1840 209 1854 ·
282 1822 308 1858 r.

128 1820 162 1876 qu
198 1877 233 1930 ln
250 1874 303 1930 inc
320 1865 488 1944 quaestione,
507 1893 560 1945 qna
574 1877 666 1945 possit
683 1874 812 1946 adtingi]
848 1877 943 1952 Vulgo
961 1893 977 1930 e
995 1893 1063 1946 qun3
1082 1879 1161 1948 quod
1178 1897 1282 1949 parum

127 1948 231 2001 Latine
248 1948 404 2013 diceretur,
423 1958 457 2001 ut
475 1948 518 2002 Ol.
538 1948 685 2002 Bentleius
704 1957 784 2003 recte
802 1947 924 2001 monuit.
963 1948 999 2002 D.
1235 1975 1238 1986 1
1261 1963 1265 1967 ’

136 2030 139 2036 ’
198 2036 214 2072 e
238 2034 305 2086 qua
325 2021 419 2088 possit
443 2018 559 2088 attingi]
595 2018 757 2086 „Quamvis
784 2035 881 2073 omnes
907 2016 986 2073 MSS.
1015 2020 1047 2072 in
1075 2019 1131 2071 hac
1154 2019 1282 2075 lectione

125 2090 764 2215 ttttttttttttmmittini-”tt
782 2090 1282 2217 {imisiffliiiridiiiiiiiiiiii

126 2240 224 2284 nostro
242 2249 300 2295 non
318 2179 465 2286 convenii.
502 2233 604 2287 Paulus
623 2179 899 2308 manutiusqlegebat
922 2249 1029 2303 equo.
1066 2232 1212 2302 Equidem
1234 2233 1286 2287 ab«
1361 2274 1363 2280 ,

99 2349 104 2354 ,
126 2302 202 2354 iacta
224 2304 323 2372 priore
349 2303 452 2356 vocula
474 2304 599 2378 legerim
623 2303 709 2370 quo.“
726 2301 814 2357 Boni.
849 2305 920 2357 Era.
945 2370 947 2375 ,
969 2320 1065 2372 noque
1088 2305 1122 2357 ad
1146 2321 1174 2356 v.
1194 2320 1282 2374 equa

126 2371 200 2438 lmo,
219 2373 269 2438 ait,
289 2390 358 2441 qu03
376 2376 505 2425 refertur
524 2376 603 2426 enim
620 2375 655 2425 ad
673 2373 748 2441 qnid.
769 2376 898 2445 itemque
916 2391 932 2428 e
949 2322 1080 2444 gele-rif‘
1114 2375 1176 2431 Mr.

126 2442 526 2569 ,irrumare
544 2444 858 2568 ,aretam

125 2585 237 2654 aliquot
264 2550 350 2642 codd.
378 2586 448 2639 Oxx.
486 2584 632 2638 scribitur
654 2585 687 2637 in
708 2601 766 2638 uno
790 2585 841 2647 Ox,
870 2602 886 2639 e
912 2602 977 2655 qun,
1004 2603 1020 2639 e
1046 2602 1121 2653 qno,
1154 2588 1186 2639 in
1208 2589 1248 2641 Rs
1271 2627 1279 2640 .

126 2656 201 2709 Gud.
222 2660 246 2712 l.
266 2671 365 2726 aequa,
384 2655 417 2707 in
435 2659 508 2708 Mon
527 2660 554 2711 1.
574 2673 608 2709 ex
622 2658 689 2726 qua,
708 2656 739 2708 in
757 2655 855 2713 Duisb.
874 2657 910 2711 de
927 2674 987 2727 qun,
1009 2657 1101 2711 Rehd.
1121 2669 1183 2727 equ,
1203 2607 1279 2712 (iud.
1322 2693 1325 2705 ι

125 2727 199 2780 Gud.
224 2729 250 2783 2.
285 2728 372 2780 Marb.
396 2741 490 2794 equa.
529 2727 649 2797 Reliqui
674 2743 689 2779 e
713 2742 780 2798 qua,
813 2734 847 2779 ut
868 2727 1010 2781 dederunt
1036 2731 1074 2782 16.
1101 2729 1175 2786 Lali.
1204 2729 1281 2798 quod

125 2798 236 2851 Orellio
258 2797 378 2851 videtur
400 2798 514 2868 ἄκυρον.
550 2798 624 2852 mihi
647 2816 715 2850 cum
738 2799 836 2852 eodem
860 2815 876 2853 e
899 2806 996 2852 ortum
1016 2798 1135 2852 videtur
1161 2814 1281 2870 exper-

124 2886 224 2940 peram
242 2871 369 2938 repetita
384 2870 578 2922 antecedentis
599 2869 680 2923 vocis
704 2869 792 2928 litera
809 2869 920 2923 ultima.
958 2869 1114 2940 Sequentia
1140 2887 1193 2942 quo
1221 2874 1280 2925 lon·

123 2941 192 3008 gine
210 2946 264 2994 etc.
284 2957 320 2992 ex
338 2949 436 2992 mente
454 2939 693 2993 Academicorum
718 2939 777 2992 dici
802 2957 873 2995 vere
896 2951 995 2994 monet
1012 2941 1175 2995 Kiihnerus.
1213 2945 1280 2996 Mox

125 3011 194 3064 (lod.
214 3011 288 3063 Gud.
308 3013 334 3065 2.
351 3010 621 3078 perturtmtonem=
646 3011 743 3065 voluit
759 3013 879 3066 fortasse
897 3013 1022 3083 scriptor
1040 3012 1153 3066 (iudicis
1168 3019 1280 3080 pertur·
1311 3020 1314 3024 '

124 3083 290 3134 tatianum.
310 3080 423 3140 ffDuisb.
448 3097 502 3150 pro
515 3088 594 3150 ,puto
619 3081 706 3134 habet
725 3087 836 3150 putant.
873 3084 917 3136 Ad
941 3091 1118 3136 structuram
1144 3084 1187 3136 ita
1204 3084 1281 3136 enim

125 3151 229 3217 definit,
247 3159 278 3206 ut
297 3182 330 3192 —
349 3151 407 3205 vid.
426 3154 522 3222 Poppo
541 3153 573 3203 in
589 3142 776 3221 Ephemerid.
797 3151 893 3211 Schol.
913 3154 1007 3218 Univ,
1021 3153 1068 3219 (Α.
1084 3153 1114 3206 S.
1130 3154 1180 3218 Ζ.)
1200 3156 1279 3209 1861.

124 3225 164 3282 11.
184 3225 244 3278 13⁴.
263 3241 292 3293 Ρ.
313 3225 389 3278 1168.
410 3223 477 3281 006,
496 3221 691 3276 1191619191
715 3222 863 3289 diffinivit,
890 3224 1020 3278 116692.
1045 3224 1179 3290 definivit.
1215 3224 1276 3295 Mr.

195 3309 446 3378 adversarntione]
465 3308 602 3378 „Maliaci
620 3312 695 3365 liber
707 3326 810 3365 auersa
822 3312 967 3378 aratione,
987 3313 1090 3382 probo:
1110 3331 1177 3366 nam
1192 3313 1292 3366 etiam

122 3401 209 3455 supra
227 3401 287 3455 cap.
307 3385 340 3438 o:
365 3383 501 3450 Zenonis,
525 3385 631 3453 inquit,
651 3390 694 3436 eet
710 3381 846 3449 definitio,
872 3390 903 3436 nt
920 3383 1096 3452 perturbatio
1120 3384 1160 3436 eit
1178 3399 1279 3438 auersa
1343 3404 1345 3408 ¹

124 3462 237 3509 erecta
263 3456 375 3509 ratione
399 3462 499 3509 contra
524 3462 656 3508 naturam
676 3454 766 3509 animi
784 3455 942 3520 commotio,
956 3463 992 3507 et
1009 3473 1070 3525 cap.
1090 3458 1119 3512 9:
1156 3454 1310 3508 amnium'

123 3526 364 3594 perturbationum
386 3527 493 3591 fontem
516 3543 577 3580 esse
603 3526 702 3586 dicunt
725 3525 979 3594 intemperantium,
1007 3538 1077 3594 quae
1103 3532 1145 3580 eet
1171 3542 1190 3578 n
1216 3531 1279 3579 tota

124 3602 212 3648 mente
229 3603 255 3648 et
272 3613 291 3648 a
309 3604 386 3651 recta
405 3598 516 3652 ratione
534 3597 663 3662 defectio,
683 3595 727 3650 sie
744 3612 845 3650 armen
863 3613 881 3648 n
896 3597 1121 3666 praescriptione
1144 3596 1278 3662 rationis,

124 3671 154 3720 ut
172 3666 249 3720 nullo
267 3667 348 3721 modo
368 3676 422 3721 etc.
459 3671 513 3723 Et:
535 3670 655 3725 Turbidi
677 3668 835 3722 animorum
859 3667 1048 3738 concitatique
1070 3673 1161 3721 motae
1183 3666 1280 3721 armai

125 3739 272 3790 aratione
291 3736 327 3802 [c.
347 3737 413 3804 li.].
450 3739 504 3792 Et:
530 3739 665 3794 Conuenit
683 3739 757 3792 inter
774 3752 878 3804 amnes,
906 3738 1103 3793 commeationee
1119 3739 1280 3792 animorum

124 3824 143 3860 a
161 3815 238 3860 reeta
260 3807 380 3862 ratione
398 3825 521 3877 auersae,
547 3811 671 3865 vitiosae
690 3827 750 3865 esee
768 3808 806 3876 [c.
827 3808 916 3878 28.].“
941 3810 974 3863 Ρ.
988 3808 1106 3864 ‘Munna
1143 3810 1279 3877 „Aversa

123 3894 143 3931 u
161 3880 270 3932 ratione
287 3879 374 3932 habet
393 3879 461 3934 God.
480 3881 594 3952 Gryph.
615 3892 646 3938 et
662 3883 795 3936 Lambini
814 3880 939 3936 editio.“
955 3883 1039 3936 Brut.
1077 3882 1202 3948 „Manui
1219 3882 1279 3936 iam

124 3968 210 4021 supra
238 3951 273 4003 ad
297 3967 321 4001 c.
340 3954 366 4006 6.
392 3951 548 4025 legendum
570 3970 629 4006 esse
654 3970 756 4006 aversa
780 3970 798 4005 a
822 3952 934 4008 ratione
960 3960 989 4007 et
1011 3959 1111 4009 contra
1137 3960 1276 4008 naturum.

123 4022 191 4076 God.
212 4022 282 4095 Reg.
302 4021 345 4074 ed.
365 4031 462 4074 nostra
479 4032 538 4076 vet.
559 4028 589 4075 et
603 4023 720 4093 aliquot
743 4024 816 4077 aliae
843 4026 916 4078 item
938 4024 1046 4087 habeut
1071 4041 1173 4078 auersa
1191 4040 1210 4078 a
1228 4042 1278 4079 ra·

123 4093 209 4158 tione,
228 4102 261 4144 ut
279 4093 357 4144 infra
375 4110 402 4145 c.
421 4092 489 4148 28.“
506 4091 594 4147 Boni.
613 4126 646 4137 -
683 4096 841 4160 „Adversa
858 4095 983 4150 ratianer
997 4095 1058 4150 laio
1083 4113 1198 4168 quoque
1216 4099 1280 4150 fru-

122 4175 183 4220 stra
201 4164 355 4238 corrigunt
374 4177 483 4217 armna.
508 4165 572 4217 Vid.
592 4166 681 4235 supra*
695 4166 729 4218 ad
747 4183 808 4235 cap.
826 4166 877 4221 6.“
894 4166 968 4223 lira.¹

194 4234 303 4288 Aversa
320 4254 335 4288 a
354 4234 477 4302 ratione]
512 4236 609 4310 Vulgo
626 4236 750 4289 adaman
763 4235 884 4301 ratione,
905 4238 957 4306 qui
974 4237 1116 4308 loquendi·
1131 4239 1231 4292 modus
1248 4245 1281 4290 et

125 4305 186 4374 ipse
203 4306 315 4376 probus,
327 4314 378 4361 est.
415 4306 472 4360 Sed
488 4322 556 4360 cum
572 4308 673 4378 plures
691 4307 808 4362 Codices
825 4307 895 4362 dent
912 4310 1033 4364 aduena
1050 4326 1069 4364 a
1086 4311 1210 4373 ratione,
1231 4308 1281 4362 vel

127 4390 227 4429 armen
245 4378 374 4446 ratione,¹
389 4378 545 4432 lectionem
568 4379 793 4448 repraesentavi,
818 4397 905 4449 quam
928 4389 1041 4436 secutus
1068 4390 1111 4435 est
1132 4381 1279 4444 Erasmus,
1306 4392 1310 4400 ·

125 4460 177 4500 nos
195 4447 227 4500 in
242 4450 314 4504 Med.
334 4450 508 4517 invenimus,
534 4458 565 4504 et
589 4450 624 4503 in-
638 4447 751 4505 Maiiaei
768 4450 844 4506 libro
862 4461 1008 4525 repertam
1030 4450 1166 4524 probavit
1181 4450 1280 4505 Mann-
