2842 5070
190 315 233 380 62
398 311 630 377 CICERONIS
652 307 899 376 TUSCUItAN.
923 308 1154 374 DISPUTAT.

145 481 172 532 b.
196 468 287 540 modi
326 486 389 540 e'st:
435 496 602 560 nunqnam
637 479 750 564 igitur·
785 475 915 557 sapiens
954 466 1123 537 irascitur.
1185 466 1276 535 Nam
1315 476 1346 534 si

193 561 364 638 irascitur,
394 562 494 621 etiam
519 561 741 640 concupiscit:
777 561 954 640 proprium
982 566 1032 619 est
1064 558 1151 618 enim
1180 557 1262 616 irati
1290 575 1345 618 cu·

193 656 285 724 pere,
319 660 349 704 n¹
364 660 431 723 quo
458 643 561 704 laesus
575 657 578 662 ·
591 641 761 718 videatur,
793 642 825 701 ei
856 659 954 720 quam
984 640 1163 700 maximum
1193 636 1346 701 dolorem

193 727 349 789 inureret
373 725 431 806 qui
452 732 564 786 autem
586 722 621 783 id
642 723 862 805 concupierit,
897 741 972 783 eum
1002 740 1138 782 necesse
1165 728 1225 798 est,
1253 721 1282 781 si
1310 719 1346 780 id

194 815 392 869 consecutus
413 808 468 882 sit,
497 825 548 865 ma
574 824 617 866 no
640 825 742 887 opere
771 806 908 866 laetari:
941 823 980 864 ex
1009 821 1073 885 quo
1094 804 1144 878 fit,
1169 812 1209 865 ut
1234 802 1355 867 alieno.

193 890 281 951 malo
303 883 463 977 gaudeat:
485 827 573 968 quod
592 890 749 970 quoniam
771 904 837 947 non
859 885 948 946 cadit
968 887 1003 944 in
1025 887 1220 966 sapientem,
1244 904 1286 944 ne
1307 893 1347 945 ut

194 973 361 1033 irascatur
395 968 528 1051 quidem
558 970 662 1031 cadit:
691 973 745 1029 sin
789 976 900 1029 autem
931 967 1065 1028 caderet
1092 969 1127 1027 in
1163 968 1346 1049 sapientem

135 1069 178 1123 20.
198 1049 385 1136 aegritudo,
402 1049 541 1121 cederet
562 1052 661 1113 etiam
682 1049 870 1119 iracundia:
894 1070 957 1131 qna
979 1051 1135 1131 quoniam
1157 1056 1265 1125 vacat,
1293 1067 1346 1109 ee-

194 1132 367 1220 gritudine
397 1134 498 1195 etiam
532 1134 672 1206 vacabit.
726 1130 856 1193 Etenim
884 1135 914 1193 si
943 1135 1073 1213 sapiens
1102 1132 1136 1190 in
1165 1129 1347 1217 aegritudi-

194 1235 269 1277 nem
291 1215 440 1277 inoidere
461 1223 587 1296 posset3
620 1224 730 1294 posset
751 1217 852 1276 etiam
873 1217 909 1275 in
929 1212 1207 1290 misericordiam,
1237 1220 1348 1293 posset

193 1300 230 1359 in
248 1296 479 1369 invidentiam.
523 1296 600 1358 Non
621 1297 691 1359 dixi
712 1297 873 1368 inuidiam,
896 1316 977 1378 quae
997 1305 1070 1357 tum
1090 1306 1150 1374 est,
1172 1315 1275 1376 quum
1295 1296 1347 1357 in-

196 1464 244 1516 tur
262 1463 373 1517 unimur
391 1462 549 1531 opponitur
565 1461 702 1532 sapientie
720 1463 844 1517 animo.“
861 1465 958 1516 Recte.
986 1465 1117 1530 Veroque
1135 1473 1234 1517 monet
1250 1465 1346 1518 Kiihn.

195 1543 274 1586 recte
293 1533 409 1603 quidem
428 1530 486 1584 dici
504 1535 599 1587 iratur
617 1533 737 1600 animus,
758 1551 815 1587 non
827 1536 904 1588 ,item
921 1536 1032 1603 cupiens
1050 1535 1171 1587 unimur.
1190 1535 1347 1588 Ernestum

194 1611 311 1674 praeter
327 1603 389 1673 Bip.
409 1619 494 1655 nemo
512 1612 624 1657 secutus
642 1614 693 1656 est.
730 1606 795 1657 Post
814 1607 926 1675 cupiens
948 1606 1015 1658 Cod.
1035 1605 1124 1659 Rehd.
1155 1605 1266 1671 omittit
1284 1605 1348 1657 ira-

194 1674 299 1728 scitur:
325 1674 402 1725 idem
420 1690 487 1725 cum
506 1674 578 1728 Gud.
598 1677 624 1730 2.
643 1683 707 1745 post
724 1691 788 1728 num
806 1677 834 1728 si
851 1675 954 1728 inserit
972 1676 1094 1798 plossam
1112 1677 1231 1745 sapient.
1267 1676 1348 1729 Unus

196 1746 245 1801 Ox·
271 1744 383 1798 omittit
409 1746 504 1808 etium,
531 1746 614 1798 cuius
640 1744 805 1801 vocis‘loco
823 1746 897 1810 Mon.
920 1751 943 1800 1.
995 1746 1058 1814 eber
1077 1752 1110 1797 et.
1140 1746 1213 1801 Gud.
1235 1745 1347 1815 omittit

195 1817 276 1869 enim.
297 1814 387 1867 Rehd.
406 1813 493 1867 habet
510 1814 657 1884 proprium
675 1816 747 1870 e'ninn
765 1815 837 1869 irati
855 1821 905 1882 eet.
925 1819 991 1868 Mox
1002 1816 1086 1868 Vind.
1100 1821 1123 1871 1.
1144 1831 1162 1868 u
1181 1831 1234 1884 quo
1252 1817 1347 1869 tuetur

195 1891 254 1940 eet.
275 1888 350 1938 Mon.
371 1890 395 1939 l.
415 1884 516 1954 eique
533 1886 634 1957 proci
652 1900 739 1953 quum.
761 1887 858 1940 Duisb.
879 1886 990 1940 omittit
1008 1885 1042 1939 ei.
1081 1887 1143 1939 Mr.

265 1955 391 2022 inurere]
410 1957 468 2008 Pal.
487 1966 554 2009 tert.
574 1956 692 2010 innuere
710 1963 776 2010 cuin
792 1960 868 2009 Mon.
885 1962 916 2022 l;
936 1957 990 2009 duo
1010 1958 1078 2009 Oxx.
1099 1956 1255 2023 imminere,
1275 1972 1347 2008 unus
1401 1967 1404 1971 ’

194 2024 336 2096 ingerere,
354 2027 439 2083 Vini.
460 2031 484 2082 1.
504 2026 631 2093 iniicere,
650 2026 735 2081 Vin'd.
755 2024 781 2082 2.
801 2032 834 2079 ut
852 2029 907 2080 duo
926 2027 971 2078 illi
992 2027 1063 2082 Oxx.
1083 2028 1179 2079 sedin
1197 2044 1289 2105 marg.
1309 2027 1346 2080 ai.

194 2098 317 2157 inurere.
330 2095 363 2151 Ἀ
405 2135 411 2149 .
431 2099 543 2150 omittit
560 2097 616 2151 hoc
633 2099 762 2150 verbum.
789 2099 890 2173 Pergit
907 2099 982 2150 Mon.
1004 2102 1027 2150 l.
1049 2096 1108 2167 qui
1115 2099 1134 2151 d
1152 2105 1253 2151 nutem.
1272 2100 1346 2173 Aug.

194 2166 349 2227 dientem.
379 2167 442 2222 ud.
463 2168 592 2242 cupierit,
611 2168 666 2221 duo
686 2166 755 2221 Oxx.
767 2167 809 2220 'id
823 2169 1041 2238 >concupiscit
1067 2168 1139 2220 Gud.
1161 2175 1184 2226 1.
1209 2186 1287 2239 apr.
1306 2186 1344 2222 rn.
1370 2189 1371 2193 ¹

194 2238 235 2297 tit
251 2255 304 2309 pro
323 2238 351 2292 ei
367 2238 409 2304 id,
429 2255 528 2291 errore
548 2254 582 2290 ex
594 2239 752 2309 scriptione
772 2240 821 2291 sin
841 2249 912 2292 orto.
933 2242 998 2291 Mox
1009 2239 1041 2289 in
1049 2240 1124 2291 Itlon.
1137 2244 1161 2294 l.
1181 2241 1209 2292 le
1232 2241 1293 2292 itur
1311 2239 1348 2292 in

195 2307 288 2364 alieno
305 2324 359 2379 pro
376 2315 411 2360 ut
428 2307 530 2362 alieno.
550 2310 624 2362 Gud.
640 2312 665 2365 2.
679 2309 805 2377 gaudent
819 2310 898 2363 malo.
920 2310 999 2363 Quod
1010 2309 1121 2361 omittit
1133 2258 1266 2365 unusffix.
1287 2311 1346 2363 Mr.

267 2384 354 2432 ne‘ut
372 2378 517 2432 irascatur
534 2380 643 2450 quidem
661 2379 779 2446 cudite]
798 2379 870 2433 Tres
889 2380 974 2432 Codd.
995 2380 1064 2431 Oxx.
1085 2382 1159 2432 ttlon.
1181 2386 1203 2435 1.
1225 2383 1251 2435 2.
1271 2380 1346 2433 Gud.

195 2446 249 2503 Ed.
268 2451 297 2502 P.
317 2464 374 2503 nec
391 2455 431 2502 ut.
459 2451 512 2502 Pro
531 2451 607 2505 cudit
624 2453 693 2504 Dav.
714 2452 745 2502 in
756 2451 810 2507 Ed.
821 2453 848 2505 2.
867 2451 946 2503 dedit
964 2450 1051 2515 cadet,
1071 2458 1105 2501 ut
1123 2460 1166 2502 est
1175 2452 1216 2506 jn
1226 2450 1309 2503 Vind.
1322 2455 1347 2506 1.

195 2520 275 2574 Unus
294 2522 343 2574 Ox.
367 2520 478 2573 omittit
500 2519 556 2573 hoc
578 2524 708 2575 verbum.
745 2522 799 2574 Pro
823 2523 867 2576 tin
893 2530 958 2573 onte
979 2520 1068 2574 Gebh.
1099 2521 1235 2573 edebatur
1251 2521 1288 2588 ei,
1305 2529 1348 2573 ‘ut

194 2591 300 2650 habent
315 2591 400 2645 Codd.
422 2591 507 2643 Vind.
529 2596 553 2646 1.
573 2596 598 2648 2.
636 2594 698 2646 Mr.
1310 2614 1314 2619 ·

266 2662 320 2716 Sin
338 2669 430 2715 autem
441 2662 567 2729 cuderet]
586 2663 710 2729 „Autem
726 2671 821 2733 posset
839 2663 940 2716 abesse.
959 2663 1053 2715 Daris.
1066 2662 1156 2714 edidit
1173 2662 1201 2716 si
1219 2662 1349 2728 [fortasse

199 2733 234 2755 ‘²
247 2733 300 2787 Ed.
322 2738 346 2788 1.
375 2742 443 2784 nant
460 2742 610 2803 sequentes
628 2734 734 2786 habent
752 2733 807 2798 ein,
833 2734 910 2801 quod
933 2751 961 2786 se
980 2734 1088 2798 dedisse
1107 2735 1237 2787 consulto
1256 2734 1298 2786 ait
1316 2735 1348 2784 in

196 2750 250 2856 ἱρὰ.
269 2807 296 2860 2.
316 2805 377 2856 sine
397 2803 481 2856 dubio
508 2816 544 2857 ex
562 2802 629 2857 Cod.
648 2803 731 2880 Regu]
759 2803 816 2857 Sed
839 2813 867 2856 et
891 2802 947 2856 alia
970 2799 1058 2855 huius
1082 2806 1193 2856 formae
1217 2804 1350 2874 exempla

197 2882 265 2925 sunt
282 2873 357 2944 apud
374 2873 543 2926 Ciceronem
562 2884 591 2928 et
609 2875 688 2926 alios.
726 2876 826 2943 Itaque
843 2891 901 2931 non
919 2873 1090 2938 correxisti,
1111 2875 1164 2927 etsi
1183 2875 1224 2926 sic
1243 2884 1272 2927 et
1289 2875 1348 2928 MS.

198 2942 319 2996 Guelf.“
343 2943 413 2995 Ern.
450 2943 492 2996 De
519 2945 645 2996 formula
668 2944 716 2997 sin
740 2953 830 2999 autem
857 2945 915 2997 vid.
941 2945 971 2997 C.
992 2945 1158 3014 J.'Grysar.
1188 2945 1348 2999 Theorie

198 3014 255 3066 des
280 3014 353 3066 Lat.
378 3012 416 3065 St
450 3013 481 3076 ls
503 3032 531 3085 p.
552 3017 613 3071 590.
640 3014 797 3068 Tursellin.
827 3015 861 3067 de
885 3015 1033 3068 Particull.
1053 3033 1081 3085 p.
1101 3017 1162 3070 929.
1182 3019 1225 3070 87.
1243 3015 1347 3068 Beier.

197 3084 232 3137 ed
251 3083 312 3137 Cic.
334 3083 407 3136 deO
434 3085 498 3137 .11.
518 3088 544 3139 2.
564 3088 590 3140 6.
609 3102 637 3154 p.
658 3089 710 3147 16.
738 3089 804 3139 Mox
822 3088 897 3138 Mon.
919 3089 944 3139 1.
963 3085 1063 3138 cudit
1082 3085 1168 3138 etium
1186 3085 1348 3143 iracundia.

170 3192 172 3196 -
196 3156 232 3210 In
250 3169 329 3226 seqq.¹
349 3144 445 3207 Duisb.
466 3155 554 3208 etiam·
570 3153 749 3223 aegritudine
767 3163 878 3211 uacat.
914 3156 949 3207 In
967 3170 1045 3225 seqq.
1065 3155 1139 3208 Gud.
1151 3161 1185 3210 ¹1.
1205 3157 1236 3210 in
1254 3159 1351 3227 aegri*-

194 3225 307 3289 iudine
324 3224 457 3279 incidere.
476 3226 643 3281 Ablativutn
659 3226 766 3289 habent
784 3228 872 3279 etiam
889 3227 944 3278 duo
956 3227 1025 3278 Oxx.
1053 3227 1146 3280 Iidem
1158 3226 1265 3281 'eadere
1284 3228 1351 3282 cnm

196 3296 281 3349 vind.
303 3301 327 3354 l.
353 3296 449 3362 Duisb.
476 3298 548 3353 Edd.
575 3297 607 3353 A,
626 3299 657 3349 B.
675 3297 713 3348 'Es
739 3298 770 3350 C.
795 3299 875 3352 Junt.
903 3299 974 3349 Ven.
1002 3305 1089 3350 nostr.
1115 3296 1179 3349 Asc.
1208 3303 1232 3353 1.
1252 3300 1279 3353 2.
1316 3299 1351 3350 ln

197 3367 223 3419 A
264 3404 272 3417 .
301 3376 343 3419 est
370 3365 495 3420 incidere
520 3366 613 3437 poesi
620 3374 641 3418 t.
659 3369 663 3373 ’
679 3366 806 3435 Sequens
827 3373 922 3436 posset
949 3368 1060 3419 omittit
1088 3367 1155 3421 Cod.
1183 3368 1258 3421 Gud.
1284 3385 1351 3421 cum

198 3386 304 3490 tiriaus
323 3438 392 3490 Oxx.
413 3436 452 3486 Hi
469 3438 576 3490 habent
594 3436 681 3489 etium
699 3443 746 3504 et,
765 3454 839 3489 nnus
858 3438 907 3489 Ox.
928 3438 1039 3490 omittit
1056 3439 1153 3491 etiam.
1190 3438 1251 3494 Mr.

268 3506 301 3560 in
319 3503 572 3573 misericordiam]
608 3507 724 3572 „Quam
751 3508 830 3559 inter
856 3506 947 3559 animi
969 3509 1200 3578 perturbationes
1221 3525 1254 3561 ac
1276 3509 1352 3563 vitia

197 3577 723 3702 ffipptntppasppesptctffi
741 3577 806 3699 {3¹5⁰
819 3579 1359 3705 t⁰t.tt{·⁵²..tt.ttttss³titt

198 3720 377 3790 miserebitur
393 3719 526 3791 sopiens,¹
545 3719 596 3771 sed
613 3685 754 3772 succutiet
773 3666 851 3788 etvift’
867 3719 933 3772 Jnn.
952 3720 1109 3788 Pugninue.
1129 3721 1192 3773 Vid.
1212 3718 1352 3773 Senecam
1383 3756 1384 3759 η

199 3790 234 3842 de
252 3790 392 3843 Clement.
412 3791 455 3841 ΙΙ.
471 3807 496 3844 c.
515 3791 542 3844 4.
562 3793 587 3844 5.
608 3791 634 3843 6.
672 3788 818 3843 Scribitur
835 3789 866 3842 in
883 3791 1067 3843 miceriam
1085 3791 1117 3842 in
1136 3791 1202 3844 God.
1222 3790 1351 3856 Vinum

199 3859 231 3913 in
250 3859 342 3911 iram
359 3859 391 3911 in
410 3859 495 3912 Codd.
516 3862 591 3912 Mon.
613 3863 637 3914 1.
657 3868 687 3911 et
704 3859 779 3934 Aug.
815 3860 987 3913 Nesciebant
1004 3863 1146 3914 nimirum
1170 3860 1285 3913 librarii
1302 3860 1352 3913 rel

199 3938 376 3982 correctores
402 3928 630 3984 misericordium
653 3929 704 3983 hic
731 3931 763 3981 in
780 3929 862 3982 vitiis
887 3933 954 4001 poni
975 3931 1139 3987 Stoicorum
1158 3948 1250 3984 more:
1285 3932 1352 3984 inde

200 4017 369 4055 succurrere
383 4000 518 4069 volebant
539 4000 682 4054 Ciceroni.
720 3999 858 4070 Sequitur
878 4003 909 4053 in
927 4004 1033 4056 duobus
1052 4004 1121 4059 Oxx.
1142 4006 1216 4055 Mon.
1231 4002 1254 4054 lz
1266 3996 1350 4054 'Gud.

197 4076 293 4140 poscet
319 4070 429 4125 etium
455 4074 496 4136 in,
524 4071 556 4123 in
573 4070 658 4123 Vind.
680 4076 703 4125 1.
725 4076 819 4138 posset
841 4079 873 4124 et
899 4072 1039 4138 in‚‘unus
1068 4076 1117 4127 Ox.
1146 4072 1232 4126 habet
1255 4077 1287 4125 et
1309 4072 1351 4138 in,

200 4141 302 4194 omisso
317 4146 420 4266 ppseet,
439 4142 512 4196 Gud.
532 4159 586 4213 pro
604 4141 791 4196 invidentiam
809 4143 894 4196 habet
912 4143 1069 4200 inuidiam..
1096 4140 1246 4198 Unus'Ox.
1267 4144 1353 4196 omit-

199 4213 238 4266 tit
255 4213 294 4266 in.
355 4230 381 4264 r.
420 4218 422 4223 ’
1148 4218 1151 4223 ’
1257 4220 1275 4235 ”’

200 4320 202 4324 -
270 4283 333 4336 Non
355 4282 417 4336 dixi
441 4282 593 4349 inuidiam]
626 4285 720 4361 Vulgo
745 4285 776 4338 in
799 4285 943 4351 inuidiam,
973 4302 1026 4338 nec
1051 4287 1138 4338 aliter
1155 4285 1276 4338 Nonius.
1314 4283 1353 4336 At

201 4353 270 4430 Reg.
289 4353 437 4407 Pithoean.
456 4352 565 4423 aiiique
584 4352 702 4408 Codices
720 4356 803 4408 illam
818 4358 1058 4425 praepositionem
1081 4357 1223 4410 nesciunt.
1260 4354 1297 4408 D.

204 4421 213 4429 '
268 4423 332 4480 Non
355 4424 417 4481 diri
440 4423 591 4493 inuidiam]
628 4427 689 4494 „ln
714 4427 851 4484 inuidiam
868 4427 974 4482 habent
992 4427 1046 4483 dno
1066 4428 1150 4483 Godd.
1171 4425 1270 4485 heito.
1290 4441 1353 4479 mea
