2842 5070
107 285 113 298 ‘
189 312 230 384 oa
358 306 373 420 J
388 316 618 393 otomanus
639 302 1138 382 vuscanan.n1seurar.

353 480 531 563 Pradterea
567 481 612 543 ad
646 478 772 546 Troia'm
805 502 896 563 qaam
933 485 1005 546 misi
1040 483 1081 546 ob
1114 467 1344 563 defendendam

809 564 988 642 Grae'cz'am,

290 686 293 691 -
346 646 504 712 ‘Sciebam
511 647 597 709 mein
611 644 807 727 mortiferam
823 647 946 726 bellam,
963 646 1027 709 aba
1038 649 1070 710 in
1080 646 1189 727 epulas
1204 646 1342 712 mittere.

187 775 273 786 —-—-·
444 776 628 789 -:‘··-··-··-
632 775 1343 789 —————————-———--—-..*.„..-.

1217 801 1222 826 l

189 842 219 890 et
236 833 390 896 Teucrum,
416 831 507 896 misit,
532 838 566 883 ut
592 831 669 884 bello
696 831 871 885 interessent
896 831 1030 888 Troiano.
1068 833 1142 885 Aiax
1162 833 1196 884 ob
1215 833 1344 890 Achillis

125 953 133 967 ,
189 923 268 958 arma
287 905 343 956 sibi
362 912 465 977 negata
490 901 587 977 gladio
615 920 644 955 se
662 903 828 965 transiecit;
857 905 980 956 alterum
1005 919 1074 955 vero
1101 903 1234 957 exsulare
1254 908 1343 960 iussit

188 984 280 1046 pater,
300 975 367 1043 quia
385 974 486 1026 fratris
505 981 640 1037 mortem,
660 972 779 1041 Ulyssea
793 976 922 1026 versutia
939 981 1165 1042 praematuram,
1183 976 1263 1028 ferro
1282 994 1343 1031 non
1365 1037 1368 1043 ,

188 1045 356 1099 vindicarit.
394 1045 470 1096 Haec
499 1053 631 1096 veterum
657 1045 830 1096 testimoniis
856 1061 914 1096 non
932 1044 1034 1106 fulcio,
1060 1045 1168 1112 quippe
1188 1062 1260 1114 quae
1280 1051 1345 1117 My-

188 1114 316 1188 thologis
343 1123 372 1166 et
390 1114 484 1175 Poetis
513 1122 580 1165 sunt
606 1113 852 1177 decantatissima3
884 1113 966 1178 (vide
992 1114 1076 1166 modo
1095 1111 1279 1168 Scholiasten
1307 1118 1343 1171 ad

187 1184 326 1255 Aeschyli
346 1188 443 1237 Persas
455 1203 504 1236 vs.
525 1185 599 1239 896.)
619 1201 652 1236 ex
670 1182 718 1234 his
737 1191 834 1236 tamen
851 1185 946 1251 liquet
960 1183 1036 1237 haud
1050 1201 1120 1248 esse,
1140 1187 1194 1237 eur
1208 1185 1244 1239 de
1263 1186 1341 1241 binis

188 1258 274 1319 natis,
294 1263 428 1325 tanquam
447 1257 507 1306 fato
525 1254 643 1318 functis,
662 1253 748 1306 verba
766 1256 855 1306 faciat
873 1255 1002 1307 Telamo.
1039 1254 1110 1305 Eius
1130 1255 1227 1319 etiam,
1253 1275 1341 1326 quam

187 1343 348 1400 propugno,
377 1327 538 1394 scripturae
568 1325 698 1393 locuples
726 1326 835 1379 vindex
866 1334 909 1378 est
933 1324 1040 1377 Seneca
1066 1324 1150 1377 Cous.
1178 1327 1214 1378 ad
1240 1327 1341 1396 Polyb.

189 1415 249 1467 cap.
269 1399 313 1452 3⁰.
351 1399 465 1459 Qaama,
491 1396 595 1463 inquit,
623 1396 672 1446 iile
690 1396 788 1447 iustior
807 1396 860 1462 qai,
886 1396 1010 1446 nuntiata
1028 1395 1085 1459 filii
1110 1403 1200 1461 morte,
1230 1399 1343 1462 dignam

187 1483 284 1531 magno
312 1468 371 1518 viro
392 1482 479 1518 vocem
504 1466 608 1517 carisii:
640 1465 705 1539 Ego
730 1483 795 1517 curn
820 1467 918 1541 genui,
946 1475 1009 1518 tum
1032 1466 1187 1518 moriturum
1213 1469 1287 1520 scivi
1309 1502 1342 1511 -

108 1599 110 1603 ¹
149 1598 153 1604 ¹
188 1538 293 1590 Deinde
313 1539 414 1589 adiecit
433 1552 486 1588 rem
504 1535 617 1588 maioris
637 1542 662 1586 et
681 1537 842 1600 prudentiae
860 1543 885 1586 et
904 1537 995 1599 animi,
1020 1544 1054 1592 ¹et
1071 1535 1142 1587 huic
1161 1538 1205 1588 rei
1224 1540 1339 1593 sustuli.

188 1609 296 1662 Caecus
316 1616 368 1672 est,
388 1609 439 1678 qui
457 1623 515 1658 non
528 1604 608 1657 videt
625 1605 705 1658 huno
714 1624 832 1658 versum
850 1606 1025 1675 philosopho
1045 1607 1074 1656 in
1088 1615 1217 1674 mentem
1230 1610 1338 1677 fuisse3

187 1679 385 1748 memoriaque
410 1679 490 1730 lusto
517 1677 616 1746 Lipsio
640 1676 733 1741 Tullii
766 1676 863 1729 locum
889 1693 947 1728 non
971 1676 1176 1745 suppeditavit,
1210 1695 1277 1730 cum
1305 1680 1340 1734 de

186 1749 377 1818 Xenophonte
404 1747 452 1800 vel
476 1747 645 1820 Anaxagora
678 1748 811 1798 statuerit
839 1765 853 1798 a
877 1748 894 1797 i.
945 1747 1058 1815 hapsus
1083 1747 1171 1799 etiam
1199 1758 1243 1801 est
1270 1749 1310 1803 Ae
1333 1788 1339 1802 .

115 1811 123 1823 '
187 1821 346 1894 menagius,
381 1821 431 1888 qui
458 1819 569 1886 pariter
593 1816 665 1870 haec
692 1817 727 1870 de
750 1766 939 1887 Xenopbcnte
967 1818 1045 1870 dicta
1068 1824 1152 1889 putat
1175 1820 1211 1871 ad
1228 1819 1340 1873 liaertii

116 1905 125 1922 ·
187 1891 226 1957 11,
246 1895 288 1945 55.
326 1891 361 1942 a.

258 1967 317 2013 tnm
343 1957 578 2024 naseiturum]
600 1959 705 2025 „Nihil
725 1960 831 2012 certius
849 1947 999 2012 Davisian'a
1018 1959 1142 2012 lectione
1160 1961 1339 2030 morituram,

188 2045 274 2102 quam
291 2032 377 2088 habet
396 2033 482 2084 etiam
501 2049 572 2082 unus
591 2031 669 2082 Leid.
694 2031 731 2081 m·
749 2030 802 2093 rei,
834 2039 867 2082 ut
885 2029 1080 2099 monosyllaba
1104 2048 1138 2082 ex
1163 2049 1241 2085 inore
1259 2042 1341 2086 vete-

62 2117 65 2127 ·
91 2122 92 2125 ¹
187 2121 253 2156 rum
271 2101 429 2172 poetarum,
449 2119 564 2154 servaro
581 2118 742 2170 possumus:
775 2098 893 2152 fortasse
917 2109 1012 2152 tamen
1032 2118 1067 2152 ex
1086 2099 1193 2154 Seneca
1210 2100 1275 2156 baia
1295 2104 1341 2157 rei

188 2173 425 2246 corrigendum.“
441 2169 532 2224 Boub.
571 2173 637 2224 Non
654 2170 737 2240 potui
757 2172 873 2240 obsequi
896 2169 925 2221 h.
946 2172 966 2222 l.
993 2170 1136 2222 codicibus
1154 2173 1272 2242 optimis
1291 2194 1341 2227 ve-

187 2244 423 2313 tustissimisque:
456 2243 492 2294 iis
520 2242 598 2293 enim
622 2242 765 2294 vetustior
789 2251 831 2294 est
855 2250 883 2294 et
902 2241 1009 2294 Seneca
1034 2250 1062 2293 et
1088 2259 1133 2293 res
1153 2243 1221 2312 ipsa,
1253 2263 1340 2313 quam

187 2315 254 2366 satis
283 2314 413 2384 exposuit
440 2313 579 2364 Davisius.
617 2313 656 2364 Et
679 2312 783 2364 habent
815 2313 992 2386 singularem
1017 2313 1186 2364 moriturum
1212 2315 1340 2386 quinque

187 2384 256 2436 Oxx.
278 2387 351 2436 Mon.
372 2387 397 2438 2.
426 2383 496 2434 Edd.
516 2391 587 2434 vett.
609 2383 649 2434 ab
669 2382 714 2435 Or.
736 2383 855 2435 collatae
874 2382 1014 2452 (exceptis
1041 2384 1069 2434 Ρ.
1096 2392 1125 2436 et
1143 2384 1189 2449 V.)
1214 2395 1338 2451 nostrae,

187 2463 303 2523 praeter
320 2454 387 2507 Rob.
408 2453 507 2523 Steph.
528 2453 635 2505 Sturm.
655 2454 735 2505 Brut.
757 2453 835 2523 sylb.
856 2453 989 2519 HWolf.‚
1011 2469 1165 2523 ornnesque
1185 2464 1250 2523 post
1268 2457 1337 2509 Dav.

188 2533 217 2576 et
234 2525 304 2576 Ern.
342 2527 471 2577 Pratum
488 2542 561 2574 unus
581 2525 630 2576 Ox.
651 2531 722 2576 tanc.
744 2551 777 2560 -
814 2524 853 2576 Ei
870 2523 916 2575 rei
934 2524 952 2574 i.
974 2541 997 2576 e.
1019 2524 1046 2576 ei
1065 2525 1145 2590 sorti,
1172 2526 1221 2576 vel
1240 2528 1336 2579 morti.

180 2595 229 2648 'De
247 2595 291 2647 rei
310 2604 338 2647 et
356 2596 384 2647 ei
401 2594 604 2663 monosyllabis
621 2595 680 2646 vid.
701 2595 849 2668 Forbiger.
876 2595 911 2646 ad
927 2596 1049 2647 Lucret.
1075 2596 1128 2647 111.
1148 2598 1209 2650 931.
1236 2597 1340 2652 Grote-

178 2667 263 2720 send.
284 2669 344 2718 Lat.
367 2667 494 2718 Gramm.
515 2666 552 2716 Il.
578 2664 599 2728 b.
619 2668 661 2720 82.
682 2665 708 2716 b.
746 2666 805 2718 Mr.
1231 2704 1235 2707 .

256 2736 409 2802 Praeterea
428 2737 467 2789 ad
486 2736 599 2787 Troiam
618 2752 698 2802 qnam
716 2735 785 2787 misi
802 2737 840 2788 ad
859 2736 1059 2801 defendendam
1078 2735 1234 2802 Graeciam]
1269 2741 1339 2802 „Vi-

143 2806 148 2810 ’
187 2809 272 2876 detur
289 2809 443 2882 legendum
459 2813 610 2875 praeterea
628 2812 700 2858 inm
718 2807 755 2858 ad
768 2806 883 2858 Troiam
904 2823 984 2875 qnam
995 2807 1062 2858 misi
1075 2816 1128 2858 etc.
1155 2810 1189 2860 In
1204 2811 1338 2878 proximo

181 2897 273 2947 ¹versu
290 2887 385 2930 autem
409 2895 460 2948 pro
479 2877 585 2929 scibam
611 2877 680 2928 libri
704 2885 817 2928 veteres
844 2877 948 2928 habent
974 2878 1102 2944 sciebam,
1131 2887 1160 2930 et
1178 2879 1220 2930 ita
1238 2880 1338 2954 legen-

187 2947 263 3014 dum,
282 2958 315 3000 ut
333 2967 431 3004 versus
455 2949 528 3000 ratio
555 2956 679 3001 constet.
709 2965 744 2998 ne
767 2947 823 2998 hoo
848 2948 964 3015 quidem
992 2949 1175 3001 dissimulabo
1200 2950 1231 3000 in
1254 2950 1337 3003 libris

184 3021 329 3074 veteribus
349 3021 488 3087 scriptum
508 3036 566 3071 esso
585 3019 622 3070 ab
642 3018 844 3082 defendendam
859 3018 1015 3081 Graeciam,
1035 3019 1083 3070 ubi
1102 3019 1213 3092 vulgati
1231 3019 1338 3075 habent
1402 3021 1405 3031 “

186 3092 224 3144 ad
241 3092 437 3156 defendendam
458 3089 613 3142 Graeciam.
645 3088 790 3152 [Gothofr.
810 3107 838 3157 p.
852 3091 979 3140 Lernaer.
1002 3092 1065 3143 114:
1087 3106 1205 3152 „omnes
1224 3101 1338 3145 veteres

186 3163 270 3216 Codd.
296 3163 333 3215 ab
358 3163 413 3225 def.
434 3161 530 3214 Graec.
561 3169 589 3212 et
613 3161 654 3210 ita
678 3159 813 3224 bamb.“]
842 3157 1002 3215 Lambinus,
1027 3161 1058 3209 in
1082 3161 1134 3211 Ed.
1165 3163 1242 3215 1566.
1282 3162 1338 3216 Sed

185 3235 262 3287 idem
285 3233 316 3283 in
335 3233 411 3284 curis
430 3250 485 3285 sec.
506 3232 589 3283 haec:
625 3231 710 3294 „Non
729 3238 772 3282 est
798 3228 953 3303 legendum
968 3237 1118 3296 praeterea
1142 3238 1209 3282 tam
1227 3232 1265 3284 ad
1280 3234 1335 3296 Tr.

101 3327 102 3330 ¹
143 3323 146 3326 ·
185 3320 245 3359 cam
264 3304 333 3356 misi
358 3311 411 3355 eto.
442 3312 474 3354 ut
501 3303 571 3353 olim
598 3300 706 3368 putavi.
745 3299 818 3351 Sunt
842 3301 920 3352 enim
948 3300 1096 3352 trochaici.
1144 3302 1178 3352 In
1203 3304 1336 3370 proximo
1379 3316 1381 3321 '

183 3383 383 3428 versu'autem
402 3392 454 3441 pro
473 3373 577 3424 scibam
596 3370 665 3420 libri
693 3378 805 3421 veteres
823 3369 928 3422 habent
945 3371 1078 3423 sciebam:
1107 3372 1181 3440 quod
1200 3389 1257 3423 non
1275 3375 1338 3443 pla-

185 3455 240 3498 cet.
260 3461 295 3494 ne
314 3444 370 3494 hoc
389 3443 505 3512 quidem
522 3439 705 3493 dissimulabo
726 3440 802 3491 etc.“
840 3442 899 3492 lam
921 3441 992 3493 haec
1016 3461 1072 3494 una
1091 3442 1236 3494 recentior
1254 3446 1337 3496 Lam-

184 3515 255 3579 bini,
285 3523 313 3566 et
332 3530 363 3565 re
381 3531 450 3567 vera
469 3513 574 3564 melior
592 3511 737 3563 annotatio
757 3511 822 3562 satis
842 3520 883 3562 est
902 3514 1078 3585 argumenti,
1104 3513 1208 3564 merito
1237 3514 1335 3569 dolere

184 3587 261 3638 viros
280 3585 385 3648 doctos,
406 3584 489 3652 quod,
521 3599 609 3651 quum
629 3581 795 3648 nuperrimo
820 3582 1028 3635 recuderentur
1052 3583 1185 3635 Lambini
1204 3586 1337 3637 emenda·

153 3676 156 3681 ·
184 3658 277 3712 tiones
295 3655 456 3720 Tullianae,
475 3653 599 3720 δεύτεραι
617 3652 684 3702 illae
707 3652 859 3720 φροντίδες,
878 3670 979 3705 revera
1002 3654 1162 3724 σοφώτεραι,
1181 3654 1266 3723 plane
1278 3674 1337 3708 >ne-

205 3728 296 3779 lectae
316 3726 432 3776 suntab
456 3725 566 3776 editore
592 3723 623 3773 in
647 3722 722 3774 libro
746 3724 915 3793 ceteroquin
942 3740 1058 3793 operoso
1085 3734 1114 3776 et
1131 3724 1279 3780 laborioso.
1302 3753 1333 3764 -
1362 3737 1371 3750 ‘

184 3747 264 3850 linus
283 3797 333 3849 Ox.
360 3794 446 3846 habet
473 3802 668 3861 propterea,
689 3794 788 3867 pergit
816 3795 901 3846 blarb.
928 3796 966 3847 ad
993 3796 1129 3848 sidiam.
1176 3798 1256 3848 Unus
1283 3800 1352 3851 Ox.-

186 3868 297 3920 omittit
316 3882 406 3935 qaam,
427 3865 501 3918 alter
517 3866 603 3916 habet
621 3882 688 3916 eam.
700 3863 772 3938 Aug.
794 3880 854 3916 carn
872 3865 910 3917 ad
927 3865 1029 3917 troiam
1048 3866 1115 3918 misi
1133 3868 1178 3918 ad
1196 3866 1251 3933 def.
1274 3870 1335 3921 Mr.

256 3938 293 3989 ob
313 3935 512 4001 defendendam
532 3935 703 4000 Graeciam]
741 3934 802 4000 „Ob
820 3936 1031 4005 praepositione
1051 3938 1263 4005 antiquosusos
1280 3956 1338 3991 esse

183 4025 237 4081 pro
257 4007 295 4059 ad
313 4008 394 4059 testis
413 4015 454 4058 est
473 4009 588 4060 Festus:
609 4023 696 4075 quare
710 4003 773 4057 ‘non
791 4005 872 4058 debet
890 4007 942 4058 hic
961 4008 992 4059 ob
1012 4009 1043 4057 in
1061 4008 1101 4059 ad
1121 4017 1223 4061 contra
1241 4019 1339 4062 auoto-

185 4079 301 4131 ritatem
329 4077 637 4130 librorurn'mutairi.“
663 4077 710 4130 Fr.
731 4076 813 4128 Febr.
852 4078 962 4130 Habent
991 4079 1102 4131 addua
1122 4081 1192 4130 Oxx.
1213 4083 1289 4132 Mon.
1312 4086 1336 4136 l.

124 4152 128 4162 '
185 4158 223 4214 et,
243 4161 274 4203 ut
293 4149 364 4214 dixi,
384 4150 456 4224 Aug.
477 4159 625 4218 praeterea
644 4149 739 4199 hamb.
763 4146 863 4212 (1566.)
883 4149 964 4209 Boul.
978 4149 1040 4201 Ald.
1054 4151 1134 4202 Brut.
1151 4149 1214 4202 Car.
1237 4150 1337 4222 Steph.

184 4219 264 4290 sylb.
302 4222 381 4272 Unus
401 4222 450 4273 Ox.
473 4222 510 4272 ad
527 4223 610 4273 bene
629 4219 684 4282 def.
704 4218 791 4271 Rehd.
813 4219 1037 4283 defendendam.
1076 4221 1135 4273 Mr.

174 4345 176 4351 ,
255 4291 399 4360 Sciebam]
437 4294 529 4356 „Non
554 4300 617 4343 erat
634 4289 767 4342 Lambini
792 4291 920 4343 omnium
944 4292 1085 4344 librorum
1105 4291 1277 4343 auctoritate
1295 4293 1341 4344 in·

185 4377 271 4432 super
287 4363 383 4416 habita
402 4364 506 4416 scibam
524 4362 666 4415 scribere:
696 4368 789 4414 exstat
807 4360 894 4437 enim·
910 4361 1053 4431 (sciebam)
1072 4364 1104 4414 in
1123 4363 1251 4432 quinque
1269 4363 1339 4415 Pall.

186 4433 229 4487 ed
250 4435 324 4489 vict.
345 4435 411 4489 Fab.
431 4433 530 4488 Pith.“
554 4430 640 4487 Gebb.
745 4447 771 4464 ²
859 4458 863 4463 -
