2842 5070
122 297 170 364 ‘la
328 293 559 360 CICERONIS
580 292 830 370 Tusculanis.
851 294 1080 361 DISPUTAT.

125 479 190 523 non
209 461 279 525 sine
297 479 414 544 magno
434 462 572 524 mercede
591 464 768 543 contingit,
788 463 997 527 inmunitatis
1017 465 1052 526 in
1072 464 1186 539 anino,
1207 473 1277 525 stu·

64 544 106 597 1³·
125 546 218 624 poris
238 547 274 608 in
296 564 437 624 corpore.
481 543 548 609 Sed
575 545 757 621 videamus,
778 563 820 606 ne
849 545 932 608 haec
961 547 1074 608 oratio
1097 548 1144 609 sit
1170 546 1278 607 homi-

43 621 68 662 ι).
78 613 126 657 193-

71 683 95 718 a.

127 647 207 688 num
245 629 484 690 assentantium
521 637 656 698 nostrae
693 627 924 705 imbecillitati,
960 635 995 690 et
1029 627 1278 711 indulgentium

127 708 343 771 mollitudini.
385 710 458 773 Nos
478 718 592 772 autem
613 709 792 774 audeamus
814 731 882 772 non
903 711 1010 771 solum
1032 729 1141 773 ramos
1162 731 1278 792 ampu-

125 799 199 855 tare
220 793 445 864 miseriarum,
466 791 525 854 sed
546 812 660 855 omnes
681 790 831 853 radicum
841 792 940 854 fibras
952 793 1106 856 evellere.
1151 792 1278 856 Tamen

125 871 253 956 aliquid
274 875 487 957 relinquetur
507 877 664 938 fortasse:
686 877 735 936 itu
755 884 833 936 sunt
854 875 940 938 altae
961 877 1083 957 stirpes
1094 877 1278 938 stultitiae:

124 1021 155 1114 B'.
174 1061 224 1144 sed
241 1060 281 1114 iis
298 1067 352 1131 pro
370 1059 407 1127 is,
435 1063 518 1132 prior
536 1062 633 1126 etiam,
660 1071 693 1115 ut
712 1061 783 1128 dixi,
812 1061 894 1116 absit.
919 1062 972 1115 Ed.
993 1064 1022 1114 P.
1049 1077 1097 1115 nec
1114 1068 1279 1129 aegrotasse

78 1172 82 1179 .
124 1131 154 1185 si
171 1148 199 1187 es
216 1135 277 1200 qni;
296 1132 394 1185 eadem
412 1148 510 1187 sensus
527 1133 604 1187 ussi
611 1139 622 1185 t
640 1149 707 1185 cum
725 1133 819 1186 ΜΒ.
840 1143 870 1187 et
888 1133 955 1187 Cod.
975 1135 1089 1188 Mona.
1120 1134 1154 1186 ln
1172 1134 1236 1186 Asc.
1252 1138 1277 1188 l.

48 1232 52 1239 ·
126 1212 235 1256 estnec
258 1209 376 1270 aegroto
394 1203 479 1256 etium
501 1203 559 1258 nisi
584 1202 631 1256 iis
658 1202 707 1273 qui
728 1206 824 1270 {erut
850 1220 950 1257 sensus
977 1203 1087 1257 absit.-
1114 1205 1146 1254 in
1165 1202 1229 1256 Asc.
1248 1207 1276 1261 2.

126 1290 176 1327 nec
193 1281 311 1341 aegroto
336 1274 422 1328 etium
446 1274 506 1328 nisi
521 1275 550 1329 is
569 1274 620 1344 qui
640 1273 737 1340 fumet
757 1273 859 1351 [marg.
880 1273 937 1328 lllS.
956 1274 1045 1341 ferat]
1073 1290 1171 1328 sensus
1190 1273 1277 1328 adsit.

125 1347 207 1398 Junt.
235 1362 285 1398 nec
310 1351 501 1413 aegrotassem
523 1345 618 1415 inquit
642 1344 700 1398 nisi
724 1345 750 1398 is
774 1346 823 1415 qui
848 1347 943 1411 fuerat
968 1360 1065 1398 sensus
1090 1345 1176 1398 adsit.
1209 1344 1277 1399 Rob.

126 1415 225 1486 Steph.
251 1433 286 1469 ne
310 1423 445 1485 aegrotus
468 1416 534 1484 sim,
565 1415 665 1485 inquit,
697 1417 792 1470 sedai
809 1417 923 1482 luerim,
949 1432 1045 1478 sensus
1066 1416 1161 1469 adsit:
1190 1417 1279 1470 etsie

125 1487 190 1541 Gar.
218 1486 318 1558 Steph.
351 1487 415 1540 Ald.
444 1485 552 1540 Sturrn.
580 1487 662 1540 Boul.
688 1487 784 1539 Lamb.
814 1488 901 1541 Goth.
935 1488 1016 1539 Brut.
1045 1487 1167 1541 HWolf.
1197 1487 1277 1557 sylb.

127 1558 212 1613 (irat.
232 1558 316 1612 Verb.
336 1559 411 1613 otiv.
430 1559 492 1629 Bip.
513 1558 603 1612 Nobb.
640 1559 676 1611 In
693 1559 746 1610 Ed.
766 1558 838 1611 Tbn.
860 1568 902 1612 est
925 1557 967 1610 Ne
985 1561 1119 1626 aegrotus
1137 1557 1201 1622 sim,
1224 1557 1279 1624 ein,

126 1628 228 1698 inquit,
252 1629 363 1695 fuerim,
391 1645 490 1682 sensus
507 1628 596 1683 assite
633 1629 710 1697 quod
731 1645 789 1681 non
808 1629 951 1699 displicet,
978 1628 1035 1680 nisi
1059 1629 1136 1698 quod
1159 1628 1279 1681 offendit

126 1709 187 1753 tarn
205 1701 264 1753 cito
283 1700 440 1770 repetitum
457 1699 558 1770 inquit,
577 1700 755 1769 quodmodo
774 1701 937 1771 praecessit.
972 1701 1007 1751 ln
1024 1699 1077 1751 Ed.
1098 1702 1124 1756 3.
1143 1699 1213 1752 Dav.
1234 1716 1280 1752 re·

53 1829 56 1835 ,
127 1770 222 1841 oepit:
243 1775 286 1825 'ne
304 1770 506 1838 aegrotussim;
533 1787 579 1824 sen
598 1768 666 1839 quid
683 1771 777 1836 fuerit,
802 1787 900 1825 sensus
918 1769 1011 1823 adsit.-
1039 1787 1111 1838 quae
1131 1779 1174 1822 est
1192 1769 1281 1823 etiarn

128 1841 162 1894 in
171 1841 224 1895 Ed.
234 1845 259 1897 2.
281 1845 466 1913 quamquam,-
481 1836 659 1915 diffidimus,
670 1842 750 1895 alind
764 1842 836 1911 quid
847 1843 949 1913 probat.
967 1841 998 1893 in
1016 1849 1112 1894 annot.
1131 1839 1278 1896 FAWolf.

128 1911 161 1965 in
178 1911 283 1966 scholis
300 1911 410 1966 utinam
427 1927 567 1982 numnam
584 1919 718 1982 aegrotus
742 1913 798 1966 sim
827 1913 994 1986 intelligere
1018 1912 1097 1964 iubet
1114 1907 1210 1981 prima
1229 1911 1282 1964 illa

127 1983 221 2037 verba.
241 1983 311 2037 Add.
331 1986 359 2040 J.
379 1984 415 2036 Μ.
435 1985 517 2038 lllatii
534 1982 653 2037 Annott.
673 1983 704 2035 in
722 1984 813 2058 'friga
825 1985 942 2055 Opusoc.
962 1984 1043 2036 Rarr.
1063 1982 1153 2048 (Trai.
1173 1983 1208 2035 ad
1225 1983 1280 2036 Rh.

128 2055 217 2120 1⁷55.)
258 2058 336 2113 .168
354 2073 396 2124 sq.
433 2056 493 2109 Mr.

198 2073 257 2179 sicli
281 2132 391 2179 secetur
415 2126 490 2192 quid,
517 2125 578 2180 sive
602 2124 758 2191 caedatur]
792 2124 859 2180 Cod.
885 2143 958 2176 unus
981 2124 1032 2176 Ox.
1051 2122 1111 2176 siue
1134 2124 1282 2188 feretur

128 2196 205 2319 ppid.
230 2198 318 2250 Mart.
346 2196 456 2266 quidem
477 2213 531 2269 pro
557 2198 635 2268 quid.
673 2199 817 2252 scribitur
834 2195 971 2248 evellatur
989 2195 1020 2246 in
1038 2212 1129 2269 marg.
1149 2194 1206 2247 lus.
1226 2195 1281 2247 Ed.

167 2285 192 2321 c.
211 2276 300 2322 nostr.
311 2267 382 2320 Edd.
394 2269 424 2320 Β.
436 2268 463 2321 S.
473 2269 508 2323 E.
535 2269 616 2321 Unus
630 2270 680 2322 Ox.
700 2268 786 2322 habet
803 2267 942 2320 evellatur
959 2283 1021 2319 cor
1038 2281 1056 2318 u
1075 2281 1198 2333 corpore.
1220 2266 1280 2318 Mr.

198 2337 273 2391 Num
296 2339 390 2393 istuc
414 2336 489 2391 nibil
507 2339 620 2406 dolere]
647 2341 726 2392 Istue
742 2355 795 2410 pro
817 2338 897 2391 istud
916 2337 1019 2407 scripsi
1037 2353 1103 2388 cum
1121 2336 1203 2402 Dav,
1228 2337 1281 2405 qui

128 2408 190 2461 sine
209 2408 294 2461 dubio
312 2427 375 2462 earn
392 2410 582 2480 scriptionem
599 2411 711 2482 recepit
730 2428 766 2463 ex
783 2409 849 2464 Cod.
869 2411 958 2530 nega
986 2415 1028 2461 est
1047 2407 1125 2459 enirn
1144 2408 1231 2460 etiam
1250 2407 1283 2458 in

130 2479 204 2532 Gud.
227 2484 250 2534 l.
272 2488 302 2532 et
318 2479 424 2533 habent
442 2489 559 2552 praeter
577 2482 644 2536 eod.
664 2483 752 2535 lllarb.
771 2479 843 2534 Edd.
863 2483 892 2532 P.
938 2517 945 2531 .
965 2481 1002 2532 Μ.
1023 2479 1054 2529 1..
1081 2478 1144 2530 Car.
1165 2486 1194 2529 et
1211 2478 1280 2531 Rob.

129 2549 228 2621 steph.
248 2551 312 2604 Asc.
334 2556 357 2606 1.
383 2553 469 2605 Leod·
496 2553 576 2605 Boul.
602 2553 710 2606 Sturm.
735 2551 799 2604 ΑΜ.
825 2549 911 2603 Goth.
937 2551 1017 2601 Brut.
1047 2549 1120 2602 oliv.
1159 2549 1193 2600 ln
1212 2549 1280 2602 Cod.

129 2621 218 2675 Rehd.
238 2623 442 2692 scriptumest
467 2623 520 2676 nil
543 2622 647 2677 dolere.
683 2624 763 2676 Unus
790 2622 841 2675 Ox.
862 2621 972 2675 omittit
997 2616 1075 2674 nillil.
1098 2618 1194 2671 Duisb.
1223 2635 1281 2671 non

128 2691 214 2746 habet
239 2709 352 2762 magna.
388 2694 430 2748 De
452 2695 509 2747 hoc
532 2711 595 2747 voc.
619 2694 744 2748 mercede
767 2711 820 2745 usu
839 2710 924 2763 supra
940 2691 1049 2751 monui.
1080 2691 1103 2742 F
1104 2689 1225 2745 AWolf.
1251 2691 1283 2742 in

128 2763 233 2817 scholis
251 2781 365 2830 merces,
392 2766 443 2832 ait,
471 2764 501 2816 h.
521 2765 542 2816 1.
566 2783 625 2819 non
644 2775 685 2818 est
703 2782 790 2834 quana
807 2763 974 2833 accipimus,
1001 2761 1050 2815 sod
1068 2773 1155 2830 quam
1173 2761 1281 2814 damus.

127 2835 204 2889 Bene
220 2837 375 2894 Kiihnerus
393 2837 452 2889 loci
470 2838 642 2889 sententiam
658 2837 700 2889 ita
719 2836 852 2904 exponit:
880 2833 906 2887 si
930 2833 995 2903 quis
1019 2832 1061 2885 ita
1083 2831 1221 2885 obduruit
1233 2882 1235 2887 ⁴
1247 2833 1283 2886 ad

128 2906 268 2973 dolorem,
300 2916 333 2959 ut
362 2923 395 2960 eo
419 2908 501 2960 nullo
528 2907 612 2960 modo
635 2907 793 2959 afficiatur:
827 2923 960 2979 maguam
983 2914 1012 2958 et
1037 2902 1225 2956 humanitatis
1251 2903 1283 2954 in

129 2977 224 3050 aniano
243 2986 271 3031 et
289 2996 387 3031 sensus
405 2977 437 3030 in
455 2994 575 3048 corpore
593 2978 665 3030 facit
683 2977 831 3029 iacturam.
843 3008 876 3019 -
902 2976 976 3030 Gud.
996 2978 1022 3031 2
1047 2973 1158 3026 omittit
1175 2973 1283 3028 contin·

128 3047 183 3116 git,
204 3049 276 3102 Gud.
300 3055 323 3104 l.
343 3066 422 3118 apr.
442 3066 480 3100 m.
499 3049 585 3102 habet
602 3047 736 3116 contigit.-
759 3065 832 3100 unns
851 3050 901 3102 Ox.
920 3043 1147 3100 inhumanitatis.
1185 3046 1245 3098 Mr.

199 3121 353 3185 uideamus,
380 3135 414 3172 ne
436 3118 505 3173 inec
527 3123 619 3174 oratio
643 3123 683 3175 ait
697 3117 847 3174 ¹bominum
869 3119 938 3184 ete]
973 3117 1081 3170 Eadem
1105 3115 1283 3175 constructio

129 3191 205 3244 redit
224 3192 303 3244 inira
319 3192 353 3242 V.
375 3193 421 3245 15:
446 3191 600 3255 rideamus,
626 3207 659 3244 ne
680 3223 712 3233 -
729 3192 811 3244 beatu
836 3191 894 3243 vitu
911 3206 945 3244 ee
968 3191 1013 3243 sui
1030 3186 1172 3242 similibus
1189 3187 1283 3254 purti-

127 3262 180 3317 bue
198 3262 275 3330 effici
292 3261 400 3314 debeat.
434 3262 475 3314 De
495 3279 528 3315 ea
549 3262 674 3314 diximus
693 3262 727 3315 ad
742 3261 802 3315 cic.
822 3262 856 3315 tle
874 3261 939 3313 Div.
952 3261 989 3312 11.
1004 3263 1030 3315 4.
1045 3261 1087 3314 12·
1099 3276 1127 3328 p
1138 3260 1199 3313 310.
1219 3257 1281 3310 Mr.

199 3350 383 3416 mollitudini]
421 3351 586 3418 Multitudo,
606 3352 646 3404 ait
665 3351 797 3404 Menken.
818 3352 893 3404 Obss.
912 3353 944 3404 1..
964 3351 996 3402 ln
1015 3368 1044 3420 p.
1064 3349 1126 3403 628.
1145 3344 1283 3398 translato

128 3439 212 3474 sensu
231 3429 273 3474 est
291 3421 451 3475 debilitatio
470 3423 569 3487 animi,
596 3440 653 3491 qua
670 3423 794 3493 impares
814 3441 910 3475 sumus
929 3421 1074 3475 doloribus
1092 3416 1281 3488 perferendis.

128 3495 194 3546 Post
209 3492 284 3545 hano
302 3508 404 3544 rocem
421 3493 507 3562 plene
526 3493 645 3545 distinxi
664 3510 729 3545 curn
748 3494 873 3558 Davisio,
891 3502 925 3546 ut
943 3493 1041 3545 statim
1060 3496 1204 3560 appareat,
1224 3504 1290 3540 non-

128 3563 283 3617 eohaerere
305 3560 381 3614 hano
406 3563 579 3617 sententiam
602 3582 669 3616 curn
694 3565 880 3618 antecedente
906 3563 1076 3631 (videamus,
1095 3577 1129 3614 ne
1147 3559 1207 3623 -)‚
1232 3558 1284 3611 sed

129 3651 188 3688 esso
207 3633 442 3699 exhortatoriam,
469 3635 550 3705 quasi
568 3634 657 3688 dicat:
684 3639 740 3690 imo
759 3651 811 3690 nos
829 3637 993 3700 audeamus,
1012 3642 1046 3686 ut
1063 3640 1142 3685 recte
1156 3627 1284 3699 explicat

57 3752 61 3758 .
128 3705 291 3760 Kiihnerus.
328 3703 474 3758 scribitur
491 3714 587 3760 autem
606 3713 753 3761 nostrae
771 3707 944 3761 mollitudini
962 3706 992 3757 in
1009 3720 1067 3757 uno
1086 3703 1148 3768 0x.,
1173 3700 1205 3752 in
1223 3700 1281 3752 alio

127 3774 310 3829 multitudini.
348 3777 401 3828 Pro
420 3779 572 3831 audeamus
590 3781 711 3834 Montl.
730 3777 816 3831 habet
835 3779 987 3832 rideamus.
1007 3775 1079 3829 Edd.
1098 3776 1127 3827 Ρ.
1147 3771 1182 3825 Α.
1200 3773 1232 3831 B·
1249 3769 1281 3824 S.

128 3848 163 3901 E.
184 3846 215 3899 C.
243 3849 314 3899 Ven.
342 3855 430 3900 nostr.
460 3848 521 3901 Asc.
550 3855 573 3904 l.
597 3851 624 3904 2·
649 3852 730 3902 Junt.
758 3847 894 3901 exhibent
924 3849 1074 3900 immutato
1101 3844 1204 3897 ordine
1228 3857 1283 3897 non

129 3922 217 3972 solun
240 3916 398 3970 audeamus.
436 3923 502 3974 lllox
530 3924 605 3973 llllon.
626 3925 649 3975 1.
675 3918 826 3988 amputari.
858 3919 884 3971 A
926 3959 932 3970 .
960 3915 1113 3972 omnium
1145 3915 1282 3978 radicum,

129 3989 214 4041 anule.
251 3991 306 4041 Pro
324 3995 414 4042 tumen
431 4007 504 4044 unus
523 3992 572 4044 Ox.
591 3991 677 4044 habet
693 3991 773 4055 Inde,
802 3991 878 4059 quod
894 3991 1011 4044 videtur
1029 3987 1202 4063 glossatoris,
1232 3982 1283 4067 qui

127 4059 403 4185 iii-iiiiii&
415 4063 457 4186 ii
473 4061 827 4186 “‘⁶l³‘⁸}i⁰i⁰iii¹.iii”i¹rii
842 4061 1039 4188 ittltt‘
1055 4056 1284 4185 {titini}

129 4202 198 4254 dnm
216 4219 283 4268 esse,
303 4205 383 4275 quasi
402 4153 544 4275 scriptirunln
563 4203 602 4256 sit
615 4204 695 4260 Quod
712 4150 796 4258 eiiam
813 4152 908 4270 fussee
924 4170 1098 4266 studeamus,
1117 4147 1282 4257 tamengctc.

130 4272 220 4327 Rehd.
245 4276 370 4340 fortusse
394 4275 574 4344 relinquetur.
608 4275 705 4327 Duisb.
733 4276 857 4342 fortusse
884 4273 1082 4343 relinquitur.
1124 4275 1206 4328 Unus
1231 4271 1281 4324 Ox.

127 4343 241 4398 omittit
258 4348 345 4402 verba
361 4350 486 4415 fortusse
504 4378 538 4389 -
557 4346 738 4415 relinquetur.
774 4348 836 4401 Mr.

201 4439 244 4492 ita
261 4444 325 4493 sunt
344 4437 423 4491 ultae
440 4434 545 4506 stirpes
562 4434 712 4505 stultitius]
731 4436 803 4491 Edi.
824 4437 855 4492 G.
875 4439 911 4491 Μ.
930 4437 963 4490 la.
989 4438 1052 4490 Asc.
1072 4437 1098 4492 2.
1119 4435 1200 4488 Junt.
1221 4430 1284 4487 Gar.
