2842 5070
210 309 274 375 too
419 304 653 372 CICERONIS
673 307 923 376 TUSCULAN.
945 304 1177 373 DISPU'I'AT.

147 469 189 532 26
272 471 338 534 ht
357 467 460 534 etiam
479 474 644 539 aemulari
661 476 746 536 utile
766 482 827 550 est,
855 475 1056 546 obtrectare,
1084 474 1252 536 misereri.
1300 472 1384 537 Gur.

147 554 192 606 ⁵6·
211 554 392 616 misereare
413 558 537 634 potius,
559 575 656 639 quam
678 562 769 619 feras
787 577 896 640 opem,
918 560 947 619 si
974 556 1011 632 id
1032 559 1142 618 facere
1164 553 1296 638 possis?
1328 576 1369 617 au

143 644 149 654 ’
208 639 281 700 sine
314 637 558 705 misericordia,
576 640 735 702 liberales
760 659 831 701 esse
863 660 930 702 uon
952 636 1147 721 possumus!
1179 658 1248 699 non
1278 642 1370 703 euim

207 722 377 801 suscipere
397 722 463 801 ipsi
484 719 711 804 aegritudines
732 730 872 804 propter
892 723 977 783 alios
996 721 1172 795 debemus,
1195 718 1256 782 sed
1276 723 1368 800 alios,

154 807 182 860 b.
210 805 240 864 si
254 823 440 884 possumus,
462 804 576 866 levare
597 804 818 888 aegritudine.
842 804 1041 866 Obtrectare
1061 823 1145 865 vero
1167 804 1289 878 alteri3
1311 813 1370 866 aut

133 966 143 978 .
206 885 269 949 illa
288 887 411 948 vitiosa
431 885 662 964 aemulatione,
685 907 767 970 quae
789 887 959 949 rivalitati
971 886 1088 953 similis
1104 895 1165 964 est,
1187 888 1368 966 aemulari,

210 1079 294 1123 turus
320 1073 383 1124 erat
408 1072 532 1140 parsit.“
567 1074 649 1138 „Est
669 1072 725 1125 hoc
745 1073 902 1126 adversarii
930 1072 1096 1125 obiicientis
1120 1073 1283 1126 utilitatem
1307 1089 1369 1127 mc-

210 1149 294 1194 tuum
313 1142 411 1198 animi.
448 1145 503 1196 Pro
528 1151 617 1211 potest
640 1145 744 1197 melius
769 1144 807 1196 sit
826 1144 949 1213 possit,“
967 1145 1038 1200 Era.
1074 1143 1157 1210 „oui
1180 1145 1315 1214 pertinet
1333 1144 1369 1198 ad

119 1230 130 1248 ·
210 1228 280 1279 euni,
300 1213 380 1283 quod¹
394 1213 584 1289 intelligitur,
602 1214 660 1266 nisi
679 1231 732 1284 pro
750 1216 824 1269 enim
842 1215 903 1290 legi
921 1216 1020 1268 debet:
1041 1215 1076 1268 ei.
1113 1214 1215 1267 Cicero
1233 1215 1369 1286 datqui-

209 1283 275 1336 dem
292 1284 398 1337 utilem
416 1285 489 1337 iram
508 1285 631 1351 esse,'ei
650 1294 755 1350 tamen,
780 1287 832 1355 qui
857 1287 902 1339 uti
920 1287 1032 1339 ratione
1051 1302 1110 1338 non
1135 1286 1234 1354 possit,
1263 1294 1298 1336 ut
1316 1286 1368 1338 ha-

208 1353 283 1417 beat,
302 1371 360 1424 quo
378 1365 538 1408 moveatur.
576 1357 656 1431 Ergo
673 1356 746 1409 haec
763 1373 822 1409 non
840 1357 996 1410 adversarii
1014 1365 1081 1408 sunt
1095 1349 1368 1426 obiicientissquod

208 1425 349 1477 Ernestus
367 1426 515 1494 putabat.“
533 1426 645 1480 Nissen.
684 1427 750 1480 eod.
768 1427 864 1483 Duisb.
885 1427 973 1480 habet
991 1429 1063 1482 utile
1086 1427 1160 1479 enim
1183 1433 1238 1488 σείς
1266 1427 1368 1501 pergit

208 1495 283 1570 Aug.
303 1496 348 1550 uti
365 1503 458 1549 meta
475 1495 572 1552 animi.
608 1497 643 1548 ln
662 1500 737 1550 Mon.
759 1502 783 1552 1.
804 1498 852 1567 qui
870 1505 926 1551 est
945 1501 1005 1552 ira
1023 1496 1150 1568 quinti,
1167 1496 1254 1550 Vind.
1271 1503 1297 1552 l.
1317 1496 1368 1566 qui

210 1567 243 1620 in
262 1568 309 1621 ira
327 1570 377 1634 uri,
404 1566 489 1620 habes
515 1569 546 1620 in
568 1577 693 1638 utroque
717 1568 784 1622 Cod.
810 1570 936 1642 glossam
962 1569 993 1620 in
1016 1576 1184 1621 contextum
1203 1584 1368 1622 sermonem

208 1647 366 1708 receptam:
395 1639 542 1708 inpriore
560 1639 640 1691 adv.
665 1646 739 1692 motu
767 1641 857 1694 animi
880 1639 1057 1711 adscriptum
1080 1648 1142 1691 erat
1164 1637 1214 1706 qus·
1236 1644 1280 1691 eat
1306 1639 1366 1704 ira,

208 1710 287 1778 quod
313 1708 403 1760 scriba
430 1709 529 1779 inepte
554 1709 679 1762 infersit.
717 1710 784 1763 Cod.
812 1711 896 1763 Vind.
918 1715 943 1765 1.
968 1718 1033 1781 post
1059 1725 1111 1763 nos
1128 1710 1240 1763 omittit
1258 1715 1365 1763 autemt

210 1780 287 1849 quod
304 1796 337 1832 re
354 1796 423 1831 vera
440 1797 645 1851 nonnunquam
663 1781 810 1833 omittitur
827 1798 843 1833 a
861 1781 1011 1847 Cicerone,
1035 1796 1103 1834 sono
1127 1781 1365 1854 significandum}

148 1903 156 1919 ,
208 1847 265 1902 hoc
282 1865 352 1904 vero
371 1848 437 1903 loco
455 1850 530 1903 nihil
549 1852 735 1918 movendum,
754 1852 926 1922 praesertim
945 1858 1012 1904 cum
1029 1850 1169 1924 Codicum
1186 1852 1290 1905 Vindd.
1306 1868 1366 1905 non

174 1954 179 1962 ·
209 1939 314 1997 magna
332 1921 370 1973 sit
388 1924 551 1975 auctoritas.
588 1923 650 1976 Mr.
960 1979 961 1984 ,
1297 1981 1302 1989 ,

107 2043 122 2060 ,,
268 2000 311 2059 ,αἱ
329 1992 460 2057 testificor
477 1993 580 2061 saepe]
617 1992 691 2047 Satis
709 1995 847 2062 frequens
866 1991 1001 2046 Ciceroni
1020 2001 1063 2046 est
1080 1992 1167 2045 huius
1184 1993 1268 2046 verbi
1287 2011 1364 2047 usus.

210 2063 385 2118 simillimus
404 2072 502 2118 nostro
519 2064 599 2116 locus
618 2073 661 2118 est
679 2064 712 2116 de
732 2064 779 2117 Or.
799 2065 851 2118 lll.
872 2066 915 2118 49.
937 2067 1002 2119 187:
1032 2065 1106 2132 arcad
1128 2081 1159 2117 eo
1182 2065 1295 2133 saepius
1321 2070 1365 2117 te-

209 2135 327 2200 stificor,
350 2140 381 2186 ut
406 2143 460 2188 etc.
487 2165 519 2176 -
555 2137 636 2190 Unus
660 2133 728 2187 Cod.
749 2134 799 2187 Ox.
823 2135 911 2188 habet
933 2140 965 2186 ut
992 2134 1130 2201 testificor
1145 2142 1252 2203 turpe.
1291 2135 1375 2186 Fuit

208 2214 307 2269 autem
331 2204 453 2274 quodam
477 2213 607 2275 tempore
630 2205 784 2258 literarum
808 2206 909 2257 duetus
932 2205 1089 2258 verborum
1111 2219 1190 2272 saepe
1214 2212 1252 2262 ,et
1278 2212 1366 2272 turpe

172 2312 176 2322 ,
208 2292 267 2338 non
285 2283 343 2326 tam
362 2276 516 2341 dissimilis,
542 2294 628 2344 quam
646 2291 724 2338 nunc
744 2283 793 2328 est.
829 2276 929 2350 Pergit
954 2294 1029 2328 unus
1048 2276 1099 2329 Ox.
1115 2277 1251 2343 anantes
1276 2292 1365 2344 qnae-

130 2341 136 2353 ¹
208 2349 306 2408 rimus,
326 2344 398 2396 Gud.
418 2348 444 2400 2.
464 2345 574 2397 omittit
593 2347 644 2399 des
671 2363 757 2415 qnam
775 2346 963 2416 scriptionem
981 2349 1100 2402 fortasse
1121 2353 1271 2416 repererat
1290 2347 1366 2397 scri-

159 2444 168 2454 ,
207 2423 288 2485 ptor·
303 2413 416 2466 Codicis
442 2414 522 2467 illius
551 2416 600 2469 Ox.
616 2411 682 2485 'qui
706 2434 773 2469 eum
798 2417 913 2484 videret
939 2417 999 2470 dici
1022 2434 1082 2471 uon
1099 2433 1183 2488 posse¹
1202 2417 1365 2485 sapiente

123 2488 124 2493 ’
208 2484 377 2554 quaerimus,
399 2487 683 2557 correxit'sapimtes
701 2489 868 2556 quaerimus.
906 2490 967 2542 Mr.
1337 2524 1339 2528 -

279 2575 346 2644 Cap.
362 2575 405 2629 it.
426 2578 464 2626 At
482 2574 567 2626 etiam
585 2576 725 2629 aemulari
742 2576 813 2630 utile
831 2584 883 2643 est,
903 2567 1079 2644 obtrectare]
1114 2577 1182 2634 Coti
1199 2576 1293 2631 Rebi.
1315 2595 1364 2631 ex-

207 2644 289 2698 hibet
307 2661 373 2697 cum
386 2662 443 2698 uno
459 2648 510 2700 Ox.
525 2661 562 2698 un
578 2663 632 2716 pro
646 2652 694 2698 at.-
713 2647 838 2717 prudens
857 2649 998 2700 nimirum
1011 2657 1162 2701 corrector
1172 2665 1231 2701 non
1250 2649 1363 2701 intelli-

207 2716 291 2792 gebat
310 2717 490 2783 sententiam,
515 2734 588 2786 quae
607 2716 790 2790 significatur
807 2719 910 2771 vocula
936 2728 977 2784 at,
1003 2719 1134 2788 quamvis
1159 2720 1260 2790 paullo
1279 2737 1363 2790 supe·

207 2789 269 2839 rius
289 2787 385 2840 eadem
404 2797 446 2839 est
464 2788 496 2838 in
514 2787 609 2839 verbis
627 2789 667 2838 At
686 2791 826 2842 commode
844 2790 919 2842 dixit
937 2778 1096 2856 Afranius.=
1113 2791 1245 2860 Respicit
1266 2800 1363 2843 noster

208 2857 286 2910 ad-c.
306 2861 352 2918 20,
371 2859 419 2912 46:
439 2859 530 2926 ipsum
547 2857 628 2909 illua,
639 2859 786 2924 aemulari,
806 2862 971 2929 obtrectare,
996 2877 1050 2915 non
1068 2877 1128 2914 esse
1151 2861 1261 2915 inutile.
1299 2861 1362 2915 Duo

208 2927 438 2983 Oxx.‘ornittunt
457 2927 536 2983 utile.
563 2927 608 2979 Au
630 2967 636 2979 .
657 2945 710 2999 pro
729 2933 815 2984 etiam
831 2932 918 2984 habet
936 2932 1004 2984 iam.
1034 2931 1179 2993 Scribitur
1198 2932 1364 2986 obtrectari

207 2999 240 3050 in
259 2998 386 3069 quinque
406 2998 492 3051 Codd.
513 3000 584 3053 Cxx.
603 2946 672 3074 ἷξες.
694 3001 768 3054 Gud.
788 3008 812 3056 l.
833 3006 859 3058 2.
879 3003 963 3055 vind.
985 3006 1009 3057 1.
1034 3005 1108 3055 Mon.
1127 3004 1159 3058 2.-
1177 3003 1278 3060 Mari).¹
1308 3002 1362 3056 Su-

206 3088 260 3141 pra
278 3070 347 3122 libri
367 3069 446 3122 nihil
463 3070 585 3122 variant.
623 3070 657 3124 ln
674 3073 770 3125 verbis
794 3091 844 3126 cur
861 3072 1015 3127 misereare
1037 3075 1142 3142 potius,
1173 3089 1259 3142 quam
1283 3075 1362 3139 seras

206 3159 294 3211 opens,
320 3143 347 3196 si
365 3139 398 3194 id
419 3145 513 3209 tacere
557 3141 630 3194 ossis
657 3143 794 3197 excidisse
813 3144 948 3199 Ciceroni
965 3158 1082 3198 versum
1106 3145 1253 3196 senarium
1270 3161 1362 3197 unum

208 3231 274 3268 cum
293 3212 412 3265 dimidio
431 3220 529 3267 monet
574 3213 729 3267 oederlein.
749 3218 811 3267 Lat.
833 3214 940 3287 Synon.
960 3215 998 3268 11.
1017 3232 1045 3285 p.
1068 3218 1128 3270 1⁷1.
1165 3216 1225 3268 Mr.
1335 3208 1339 3220 ’

277 3301 330 3337 eur
346 3286 497 3343 misereare
512 3285 615 3352 potiris,
635 3301 716 3353 quam
733 3287 812 3350 feras
830 3285 919 3356 opem]
949 3285 1137 3351 „Paradoxon
1153 3293 1195 3360 est
1210 3285 1360 3350 Stoicumt

207 3357 355 3410 ferendam
375 3373 433 3409 esse
451 3373 535 3426 opem
553 3356 737 3420 calamitosis,
762 3375 856 3426 neque
875 3367 970 3410 tamen
998 3356 1225 3411 miserandum.“
1255 3357 1360 3413 Comm.

122 3414 128 3433 '
210 3428 347 3496 Anonym.
368 3425 436 3478 cos.
455 3426 553 3477 nuiss.
572 3426 658 3479 habet
678 3442 756 3494 opem
774 3428 861 3494 feras.
882 3430 957 3480 uon,
970 3430 995 3480 1.
1014 3435 1078 3498 post
1096 3425 1232 3479 mennas
1251 3428 1362 3480 omnm

207 3511 276 3550 esse.
296 3496 400 3548 Duisb.'
415 3495 532 3550 exhibet
550 3495 608 3566 ipsi
625 3498 770 3566 suscipere.
808 3498 907 3570 Pergit
916 3497 960 3549 Au
983 3533 989 3547 .
1010 3497 1244 3565 aegritudinem.
1283 3497 1361 3551 Scri-
1411 3533 1413 3536 ι

205 3567 286 3621 bitur
305 3571 331 3620 si
348 3569 500 3635 possimus
525 3568 555 3618 in
579 3566 687 3632 eodem,
718 3585 774 3621 uno
802 3570 852 3622 Ox.
873 3568 944 3622 Edd.
961 3515 994 3621 i.
1014 3570 1046 3620 L.
1069 3566 1136 3628 Fre.
1162 3568 1248 3629 Febr.
1286 3568 1362 3623 Tn‘m

120 3651 123 3654 ·
205 3639 294 3692 Rehd.
323 3638 503 3708 aegritudine
526 3639 627 3691 leuare.
663 3638 707 3691 Ad
737 3639 910 3691 sententiam
936 3635 1120 3714 sequentium
1144 3637 1203 3691 vid.
1230 3639 1277 3693 Jo.
1303 3641 1362 3692 Kee

207 3708 385 3763 Selectarum
410 3711 444 3762 de
470 3711 502 3760 L.
522 3711 554 3760 L.
575 3710 649 3763 Cbss.
677 3709 746 3760 libri
765 3708 802 3761 ll.
824 3708 855 3759 in
872 3711 993 3761 Praefat.
1013 3709 1099 3773 Tomi
1117 3707 1154 3761 11.
1185 3735 1218 3745 —
1250 3708 1363 3762 -Statim

206 3798 279 3831 unus
299 3782 349 3832 Ox.
370 3798 406 3832 ex
424 3779 483 3830 illis
504 3779 630 3847 quinque
650 3797 749 3831 rursus
767 3779 854 3833 habet
872 3778 1043 3832 obtrectari.
1067 3779 1141 3854 Aug.
1168 3779 1361 3845 obtractore3

207 3849 279 3900 alius
299 3850 348 3900 (tx.
369 3856 399 3902 ut
417 3866 470 3918 pro
490 3854 547 3900 aut
587 3848 629 3901 Ad
654 3866 683 3900 v.
707 3851 809 3920 uitiosa
831 3851 1015 3904 aemulatione
1037 3850 1098 3907 vid.
1120 3867 1207 3919 supra
1226 3867 1251 3903 c.
1272 3853 1299 3918 8,
1319 3855 1360 3906 17.

139 3917 143 3962 ἶ
207 3927 237 3971 et
255 3923 298 3984 13,
318 3918 367 3982 ubi
387 3919 483 3970 eadem
503 3935 569 3968 cum
589 3919 686 3990 aliqua
703 3921 861 3973 variatione
883 3923 1075 3992 explicantur.
1114 3920 1174 3976 ΜΤ.
1348 3945 1351 3949 ·

278 4019 345 4074 quae
363 4005 507 4059 rivalitati
525 4005 628 4061 similis
646 4009 709 4076 est,]
745 4009 915 4064 Riualitatis
934 3999 1103 4063 vocabulum
1127 4008 1217 4061 esth.
1238 4007 1259 4060 1.
1287 4007 1362 4078 apud

208 4074 376 4129 Ciceronem
395 4073 466 4138 ἅπαξ
482 4073 639 4144 λεγόμενον,
658 4089 691 4130 ut
708 4080 812 4134 riualis
829 4082 860 4132 in
878 4083 951 4153 Epp.
972 4082 1006 4134 ad
1025 4076 1075 4146 Quss
1095 4081 1145 4132 Fr.
1165 4080 1218 4136 111.
1239 4083 1265 4136 8.
1284 4072 1362 4132 Neu'-

207 4156 253 4198 tro
280 4147 345 4198 loco
372 4165 449 4200 suain
472 4149 558 4203 habet
582 4159 611 4202 et
637 4153 784 4221 propriam
804 4153 1056 4227 significationem,
1082 4169 1168 4221 quam
1192 4168 1228 4202 er
1251 4151 1361 4204 Donato

147 4237 148 4240 ¹
209 4227 237 4272 et
256 4218 381 4288 Ulpiano
400 4219 504 4272 docent
521 4221 633 4274 berica.
670 4223 743 4274 Mira
762 4231 804 4275 est
821 4224 910 4275 lectio
931 4222 998 4276 Cod.
1018 4223 1106 4276 Rehd.
1127 4224 1242 4291 quaeri
1259 4224 1363 4276 nani-

208 4288 262 4341 tuti
279 4289 384 4341 simile
403 4295 455 4354 est,
484 4292 534 4344 Ox.
560 4309 674 4362 qunque
702 4311 775 4345 unus
793 4293 878 4346 babet
907 4311 977 4363 quiue
1000 4293 1294 4348 vanitatisimttis
1312 4299 1361 4355 est,

207 4358 280 4433 Aug.
309 4376 375 4428 quae
398 4363 537 4421 vanitati
559 4364 660 4416 simite
679 4371 727 4416 est.
755 4364 828 4416 Gud.
855 4365 966 4418 omittit
987 4372 1043 4429 est3
1075 4382 1195 4432 sequens
1223 4363 1364 4417 aemulari

208 4431 287 4487 deest
305 4431 481 4496 innnoOx.
502 4433 664 4489 cndsuud.
683 4436 709 4490 2.
729 4432 816 4489 habet
834 4451 914 4507 mum
930 4437 970 4491 sit
987 4436 1156 4502 aemulantis
1179 4436 1273 4491 alieno
1295 4435 1364 4490 bono
