2842 5070
562 298 693 364 LIBER
712 297 772 372 111,
802 295 851 362 tt.
1238 300 1281 363 99

289 467 359 535 Aut
383 465 441 547 fili
458 474 631 547 peccatum,
659 463 716 530 ait
749 456 1031 539 arianimirum,
1060 468 1117 521 out
1142 460 1279 524 morbum

763 545 856 607 iliae:

179 612 182 616 ’
222 618 224 620 .
274 628 472 700 -Commiuia
501 647 568 693 esse
588 628 680 709 bocc3
701 548 845 725 ne'fquici
861 623 969 720 borum
991 642 1133 705 umquam
1152 620 1279 689 tendat

205 732 207 736 ⁴
288 734 294 741 ·
743 729 846 771 animo
868 726 999 768 nouom:
1055 779 1058 784 ,

293 793 451 876 Quicquid
467 801 597 874 praeter
623 811 706 874 spem
728 792 864 936 ‘²35²‘le
887 790 1031 855 omneid
1047 786 1280 870 ‹le'patoreesce

741 895 775 936 m
810 893 897 936 acro.
1025 886 1028 891 ’

229 1129 348 1200 Pericle,
370 1135 474 1197 domno,
495 1132 597 1186 erilio.
615 1098 731 1198 peregre
749 1132 856 1184 rediens
874 1147 979 1200 semper
996 1132 1131 1197 cogitet.“
1158 1132 1241 1190 Geel.

124 1207 218 1261 Soribi
237 1207 269 1259 in
285 1205 435 1276 plerisque
462 1205 548 1258 Codd.
566 1203 689 1271 periculo
716 1219 775 1256 non
799 1211 852 1270 est,
878 1205 956 1274 quod
978 1219 1144 1257 moneamus
1169 1208 1277 1260 notatis

123 1279 207 1332 libris
232 1278 367 1352 singulis.
404 1276 463 1328 Mr.
1171 1296 1174 1299 -

194 1367 312 1429 Pericle,
333 1366 444 1427 domna3
471 1379 585 1433 peregre
602 1364 710 1416 rediens
727 1378 827 1430 semper
846 1347 948 1417 secum*
961 1361 1077 1430 cogitet]
1113 1366 1149 1417 In
1166 1362 1278 1420 Teren-

122 1439 211 1492 tianis
231 1435 446 1506 exemplaribus
465 1436 506 1487 ita
530 1434 641 1509 legitur
662 1433 746 1486 hicce
766 1452 874 1500 versus,
1024 1434 1025 1437 ’

229 1542 348 1604 Pericle,
369 1541 473 1604 domno,
494 1540 613 1605 exsilia3
638 1554 754 1607 peregre
778 1540 887 1591 rediens
905 1553 1006 1604 semper
1024 1538 1135 1602 cogitet.

124 1613 199 1680 Quin
219 1621 248 1666 et
266 1613 364 1665 eadem
383 1628 471 1663 versu
490 1609 594 1679 abhinc
612 1610 735 1663 secundo
755 1608 833 1674 dant,
861 1609 1013 1661 Communia
1032 1625 1088 1660 esce
1106 1610 1189 1673 boec3
1211 1611 1280 1666 fieri

145 1700 227 1746 osse3
262 1692 295 1733 ut
319 1698 352 1732 ne
377 1681 440 1746 qiii'i
465 1680 552 1730 crinio
580 1681 619 1731 sit
640 1697 741 1730 novum.
778 1680 821 1732 Ad
849 1678 924 1733 hanc
949 1682 1074 1733 formam
1101 1681 1194 1733 editos
1212 1700 1229 1735 a
1248 1700 1278 1736 se

122 1701 218 1806 bullii
236 1752 327 1804 libros
346 1752 524 1824 redegerunt
542 1751 699 1814 llanucius,
719 1751 882 1814 Lambinus,
903 1758 940 1813 et,
964 1751 1040 1818 quod
1058 1751 1187 1815 mireris,
1215 1753 1278 1823 ipse

122 1824 281 1877 Victorius.
319 1819 441 1872 Temere
459 1835 589 1889 prorsus,
618 1828 646 1871 et
674 1827 793 1888 praeter
818 1819 847 1871 id
871 1817 947 1889 quod
964 1822 1094 1888 postulat
1111 1822 1198 1885 fides;
1226 1841 1278 1877 no-

99 1929 100 1933 =
124 1903 215 1948 stram
234 1893 311 1946 enim
330 1891 487 1944 lectionem
512 1897 631 1942 tuentur
649 1891 719 1942 Pell.
740 1891 878 1958 quinque,
907 1888 989 1940 Fabr.
1010 1889 1085 1943 Pith.
1113 1891 1182 1965 Reg.
1202 1893 1276 1947 Med.

123 1966 235 2018 Eliens.
260 1980 305 2032 pr.
333 1978 388 2015 sec.
412 1968 480 2013 tert.
502 1960 628 2013 Petrens.
649 1961 718 2012 Bak.
738 1958 855 2013 Balliol:
882 1960 999 2029 aliique·
1011 1977 1120 2024 omnes,
1144 1969 1277 2031 utputo,

123 2036 213 2089 Mssti.
252 2033 337 2086 Certe
355 2031 618 2101 praestantissimus
637 2032 795 2093 Bentleius,
818 2031 848 2082 in
869 2031 928 2082 suis
948 2030 982 2082 ad
1000 2031 1171 2084 Terentium
1190 2034 1277 2099 notis,
1318 2079 1325 2088 .

123 2108 226 2158 Poetae
245 2103 376 2161 Codices,
402 2118 460 2152 non
478 2101 641 2167 Ciceronis,
667 2119 725 2155 esse
745 2101 864 2154 vitiatos
884 2101 997 2165 statuit,
1025 2119 1144 2170 eamque
1163 2112 1279 2156 senten·

122 2177 194 2228 tiam
219 2173 324 2227 validis
349 2173 447 2224 firmat
471 2174 659 2245 argumentis.
685 2172 721 2225 D.
761 2170 813 2235 [ln
839 2170 893 2226 Ed.
913 2171 938 2222 2.
965 2172 1037 2228 Dav.
1064 2172 1153 2225 dixit:
1185 2173 1277 2227 Multo

124 2255 204 2300 certe
220 2242 400 2315 probabilius
422 2250 472 2306 est,
496 2243 653 2297 memoriae
672 2244 798 2296 nimium
825 2243 961 2296 tribuisse
980 2242 1161 2308 Ciceronem,
1189 2260 1277 2315 quam

123 2325 242 2370 cunctos
266 2315 402 2371 librarios
424 2312 597 2378 aberrasse]
899 2342 902 2349 ·

195 2412 314 2474 Pericle,
335 2412 430 2463 domno
449 2411 517 2476 ete]
550 2409 665 2463 Habent
689 2410 764 2462 illud
783 2411 880 2471 exilio,
904 2411 1010 2463 omisso
1028 2427 1122 2474 eccum,
1144 2413 1218 2466 End.
1237 2416 1275 2468 Μ.

122 2487 154 2539 Ι..
174 2484 256 2536 Brut.
277 2483 399 2539 HWolf.
419 2481 488 2534 Rob.
509 2480 608 2551 Steph.
629 2480 738 2533 Sturm.
758 2481 823 2533 Ali.
843 2479 924 2551 sylb.
945 2481 1030 2534 Leod.
1050 2482 1167 2535 Larnbb.
1187 2484 1276 2537 Goth.

123 2559 187 2611 Asc.
208 2559 234 2611 2.
256 2555 320 2625 Car.
346 2552 445 2623 steph.
474 2551 557 2605 Boul.
586 2552 660 2604 Lall.
682 2550 756 2602 Oliv.
777 2560 815 2616 et,
845 2561 878 2603 ut
897 2550 1023 2616 videtur,
1050 2551 1163 2621 aliquot
1188 2554 1276 2608 Codd.

124 2629 193 2680 Oxx.
231 2623 297 2679 Non
316 2626 453 2681 omissum
474 2633 630 2688 esttecum,
656 2628 685 2676 et
703 2630 801 2674 tamen
824 2623 955 2693 positum
980 2621 1077 2683 exilio,
1100 2624 1131 2680 in
1150 2623 1222 2676 itud.
1242 2625 1276 2678 A.

122 2694 154 2751 B.
175 2698 203 2752 S.
222 2698 256 2750 E.
278 2697 309 2749 C.
329 2696 410 2759 Junt.
439 2697 473 2746 V.
493 2697 564 2749 Ven.
590 2701 680 2752 nostr.
706 2693 770 2745 Asc.
792 2696 816 2746 l.
856 2693 890 2745 In
916 2710 1007 2768 marg.
1028 2691 1105 2746 Crat.
1137 2702 1181 2747 est
1207 2695 1277 2748 iens.
1376 2736 1378 2740 ,

123 2771 189 2822 Non
207 2768 293 2821 habet
312 2766 397 2831 exilio
415 2766 469 2818 Ed.
490 2767 519 2817 P.
539 2764 651 2817 Habere
670 2764 777 2815 multos
796 2760 897 2835 libros,
924 2770 953 2816 et
980 2763 1104 2834 scriptos
1124 2772 1153 2817 et
1172 2762 1277 2830 editos,

121 2842 183 2913 tilii
195 2855 250 2909 pro
268 2838 320 2904 fiet,
340 2838 463 2906 quisque
482 2834 669 2904 exspectabit.
707 2836 765 2886 Mr.
809 2874 812 2878 .

195 2924 347 2978 Communia
366 2940 423 2974 esse
440 2923 520 2974 boec.-
544 2939 577 2974 oe
595 2922 767 2990 quietorum
784 2935 895 2989 unquam
913 2921 1023 2991 occidat
1041 2922 1130 2976 animo
1148 2923 1276 2992 nooom:]

123 2998 247 3065 „Victus
271 2994 403 3046 veritatis
427 2993 458 3043 vi
486 3001 517 3044 et
542 3009 682 3046 consensu
709 2992 855 3044 librorum
872 2990 944 3046 bace
960 2993 1008 3045 ita
1026 2995 1132 3065 scripsi
1150 3013 1185 3049 ex
1203 2996 1275 3049 Pall.

124 3063 358 3136 quinqueFiibr.
378 3061 454 3114 Pith.
475 3062 599 3130 denique
617 3065 764 3114 Vaticano.
801 3062 856 3113 Vul
880 3079 912 3115 o:
943 3066 1087 3116 communio
1112 3081 1170 3117 esee
1191 3067 1277 3131 Ιιαιες

122 3139 186 3202 fieri
203 3150 296 3202 possm
315 3139 343 3184 ut
361 3149 392 3183 ne
412 3132 477 3198 qnid
493 3133 581 3183 crinio
599 3133 635 3182 rit
656 3129 776 3182 nouom.“
794 3131 850 3184 Get
870 3133 930 3184 ord.
960 3134 995 3184 ln
1014 3135 1114 3186 eadem
1132 3138 1277 3191 sententia

121 3208 183 3260 fuit
207 3207 264 3259 iam
288 3205 321 3257 A.
342 3201 479 3256 Schottus
503 3202 576 3256 Nod.
598 3201 658 3254 Cio.
678 3201 733 3253 111.
754 3203 797 3256 22.
822 3218 851 3270 p.
871 3205 932 3256 339.
958 3205 1009 3270 quii
1024 3206 1063 3267 ¹ssse
1090 3202 1209 3259 credere
1235 3209 1278 3258 ait

123 3279 297 3332 Ciceronem
322 3275 412 3327 aliter
435 3290 467 3325 ea
494 3279 664 3341 tempestate
683 3271 800 3336 lauisse,
826 3289 915 3341 quam
940 3273 1031 3348 vulgo
1055 3272 1082 3324 le
1107 3274 1182 3328 imus
1201 3277 1278 3344 apud
1335 3326 1347 3340 ⁴

106 3349 304 3403 ..Terentium
342 3346 413 3397 Eam
434 3353 531 3396 tamen
548 3343 706 3396 lectionem
747 3341 833 3394 abent
856 3342 976 3412 aliquot,
1002 3352 1036 3395 ut
1053 3291 1179 3411 vibitur,
1205 3346 1274 3401 Oxx.

122 3418 356 3473 Edd.V.1tt.1..
381 3433 474 3489 inarg.
502 3414 579 3466 Crat.
603 3413 767 3481 Albion.
793 3422 824 3466 et
851 3414 914 3467 car.
942 3412 1042 3483 steph.
1062 3413 1171 3471 Sturm.
1191 3416 1274 3472 Boul.
1313 3440 1318 3447 ¹

122 3491 205 3544 Brut.
224 3488 348 3544 HWolf.
369 3487 457 3539 Goth.
478 3483 556 3554 Sylb.
576 3484 662 3538 Leod.
680 3484 755 3536 tall.
775 3484 849 3540 Oliv.
871 3508 905 3524 -·
937 3485 972 3536 In
991 3484 1057 3540 Cod.
1079 3489 1154 3541 Mon.
1174 3491 1198 3543 2.
1220 3507 1275 3560 pro

123 3562 206 3615 baec.-
239 3576 271 3610 ne
295 3567 339 3612 est
360 3557 480 3611 hoccine.
517 3557 663 3622 Scribitur
686 3556 796 3606 accidat
814 3570 925 3623 unquam
944 3554 1030 3608 animo
1049 3559 1081 3610 iu
1097 3555 1171 3611 Edi.
1191 3561 1220 3612 P.
1240 3560 1275 3615 Α.

123 3633 154 3685 Β.
178 3630 207 3684 S.
230 3631 265 3682 Ε.
290 3632 360 3682 Ven.
389 3635 478 3680 nostr.
506 3626 570 3679 Asc.
592 3631 616 3680 l.
636 3629 660 3680 2.
690 3625 772 3678 Junt.
798 3635 828 3689 et
858 3626 925 3694 Cod.
951 3628 1029 3680 Mon.
1050 3634 1074 3683 l.
1101 3630 1215 3682 Nissen.
1241 3633 1276 3685 ad

123 3702 211 3757 haece
243 3701 301 3764 „ln
328 3714 438 3766 ouqrenm
458 3696 567 3765 syllaba
585 3697 731 3765 posterior
752 3714 811 3749 non
831 3697 959 3766 eliditur.
997 3697 1130 3752 Tertium
1157 3718 1276 3755 versum

125 3790 190 3827 eum
210 3770 244 3824 ad
254 3771 384 3826 Terentii
399 3768 471 3820 Edd.
498 3767 710 3821 conformarint
728 3766 810 3837 Bipp.
831 3776 949 3828 auctore
962 3767 1059 3823 Bentl.
1081 3771 1275 3840 [erratNiss.;

123 3843 275 3913 Bipontini
295 3859 356 3894 eam
374 3840 543 3904 lectionem,
568 3847 601 3889 ut
619 3837 721 3902 multa,
748 3857 783 3891 ex
801 3839 982 3892 Lallemanni
1005 3841 1055 3894 vel
1073 3841 1182 3895 Oliveti
1204 3844 1276 3899 Edi·

123 3916 203 3974 tione
221 3911 359 3976 babentr]
388 3912 450 3972 sine
469 3926 552 3962 causa
571 3908 601 3961 id
619 3911 729 3960 iactum
747 3916 830 3979 puto,
856 3928 920 3962 oum
942 3911 1086 3978 Ciceroni,
1104 3915 1282 3968 memoriter.

124 3987 239 4049 citanti,
265 3983 382 4036 ornnino
401 3979 498 4037 liceat.
517 3993 576 4032 non
594 3999 608 4030 a
629 3997 721 4043 sensu,
742 3980 790 4033 sed
809 3996 825 4031 a
843 3982 941 4034 verbis
966 3981 1056 4043 abire,
1077 3985 1153 4053 qnod
1171 3987 1274 4054 quinto

125 4057 213 4110 etiam
230 4071 317 4107 versu
334 4050 476 4104 factum.“
512 4051 593 4113 „Pro
612 4050 719 4101 eueniat
739 4050 816 4102 solus
835 4049 931 4115 Rath,
955 4063 1175 4120 operarum,*ut
1196 4055 1276 4110 vide·
1330 4113 1332 4116 ,

123 4134 183 4190 tur,
210 4141 318 4189 errore,
344 4122 456 4174 eveniet.
491 4122 546 4172 Pro
569 4120 655 4170 oniroo
680 4121 711 4170 in
738 4120 811 4173 Gud.
839 4123 982 4190 scriptum
1009 4123 1128 4176 videtur
1150 4127 1273 4190 omnino.

123 4197 205 4249 Unus
224 4196 286 4260 Ox,
306 4194 411 4246 omisso
430 4206 511 4255 omne,
529 4188 616 4241 habet
640 4189 674 4258 ici
693 4191 884 4254 disputato:
913 4192 987 4244 alius
1017 4193 1088 4246 item
1116 4198 1227 4254 omittit
1245 4197 1277 4248 id
1372 4240 1379 4254 .

124 4276 155 4321 et
173 4266 291 4321 exhibet
308 4265 338 4315 id
356 4261 518 4328 disputati
525 4274 557 4322 ⁰3
576 4277 643 4311 usus
663 4261 775 4312 omittit
794 4256 939 4327 deputatos
955 4261 1043 4316 Rehd.
1068 4265 1155 4318 habet
1175 4267 1277 4320 debet

127 4345 223 4404 putore
248 4351 323 4387 esse
347 4336 458 4386 lucro.
494 4330 548 4384 Ed.
568 4331 597 4383 P.
619 4330 731 4381 omittit
748 4346 817 4383 esse.
843 4350 908 4384 curn
928 4332 996 4386 Ven.
1016 4335 1076 4388 Alt.
1099 4336 1143 4386 Ad
1160 4345 1277 4390 senten·

125 4409 198 4462 tiam
223 4408 325 4461 confer
346 4403 485 4458 Senecam
509 4401 603 4471 Epist.
628 4399 690 4452 Xll.
715 4418 743 4469 p.
763 4405 807 4458 41.
828 4402 871 4456 ed.
896 4403 997 4457 Elaer.
1024 4405 1086 4478 ‚Ille
1108 4405 1277 4458 beatissimos

1019 4509 1063 4570 7*
