2842 5070
209 281 268 348 tta
390 275 622 343 CICERONIS
646 273 893 343 Tuscum.
915 268 1156 338 DISPUTAT.

195 437 276 507 ¹esse
296 443 463 528 graviora.
512 442 727 528 Exaggeratio
749 441 761 502 i
785 441 858 503 itur
877 441 981 524 regiis
1002 437 1130 521 opibus,
1159 453 1244 518 quac
1267 434 1356 498 vidc-

205 527 326 588 bantur
347 526 567 606 sempiternae
590 527 674 600 iore,
695 524 752 606 qui
769 590 775 602 Ι
791 519 962 608 adiungit?
1265 537 1272 550 ’
1402 531 1409 536 ·

285 666 290 670 .
326 608 420 671 Haec
440 605 545 670 dania
565 603 632 668 uidi
651 602 849 685 inflammari,

326 687 455 754 Priami
477 693 509 753 vi
529 684 627 753 otton
646 684 776 765 coitari,

326 773 414 835 Iouis
434 768 521 832 iram
541 768 700 850 erogatae
722 766 857 848 turpari.

202 920 650 1012 caesareanorum.
677 937 776 1023 Steph.
804 950 868 1004 asc.
888 953 914 1006 a.
943 951 1024 1003 suat.
1052 949 1190 1005 amarunt
1217 955 1270 1004 er.-
1297 967 1355 1003 non
1398 986 1401 990 .

205 1027 402 1099 reputantibus
429 1023 586 1078 editoribus
608 1038 658 1078 nea
681 1030 747 1076 ante
769 1021 868 1093 opinus
895 1028 923 1074 et
982 1020 1075 1074 iuatua
1106 1034 1164 1074 esse
1189 1021 1209 1072 i.
1229 1036 1257 1091 (1.
1289 1038 1353 1088 aaa,

205 1108 299 1168 nequ'e
317 1098 410 1172 igitur
427 1108 672 1164 supervacaneum
689 1111 747 1147 esse
765 1110 823 1149 aaa.
842 1090 906 1147 Vid.
916 1093 960 1144 Ru
981 1091 1067 1142 nken.
1087 1088 1121 1141 ad
1133 1092 1250 1145 Terent.
1266 1090 1353 1145 Andr.

205 1164 590 1318 b..²·s⁹.a⁰.⁰.}¹·..⁸;¹.¹';²n¹iiz
606 1160 1059 1293 terrenitat-
1077 1162 1115 1211 Μ
1133 1164 1167 1283 Ξῖ·
1181 1161 1354 1286 truita

205 1307 315 1359 dicitur
332 1311 358 1358 et
376 1320 424 1357 aea
442 1305 569 1376 opinata]
592 1307 662 1356 Van.
682 1314 772 1358 nostr.
792 1304 855 1357 Asc.
881 1307 905 1358 1.
931 1303 993 1356 Car.
1021 1300 1119 1370 steph.
1143 1303 1223 1355 Brut.
1244 1302 1352 1355 Sturm.

204 1376 290 1430 Leod.
314 1376 440 1430 HWoli..
463 1375 542 1444 sylb.
567 1374 670 1427 habent
715 1376 818 1428 lossam
846 1379 872 1426 et
901 1369 1105 1440 inopinata.
1142 1373 1242 1426 Refert
1274 1382 1353 1427 recte

204 1447 346 1566 ecrigtum
365 1462 423 1498 esse
440 1445 519 1497 bunc
542 1442 640 1497 locum
665 1392 835 1498 abambino
863 1445 950 1496 etiam
974 1441 1149 1507 Gebhardus‚
1178 1444 1258 1497 cuius
1283 1444 1354 1497 item

204 1516 264 1570 eod
284 1554 290 1566 .
311 1532 376 1567 cum
394 1516 498 1568 nostris
517 1516 697 1584 conspirant:
717 1516 774 1568 nisi
794 1513 870 1585 quod
886 1513 1055 1566 Vaticanum
1074 1530 1139 1565 cum
1157 1514 1232 1565 vict.
1257 1515 1354 1567 facere

204 1586 314 1640 scribit.
352 1587 456 1638 Veram
474 1585 660 1655 scriptionem
686 1603 715 1640 sa
743 1587 830 1639 etiam
856 1584 886 1635 in
905 1583 972 1636 Cod.
993 1582 1054 1635 Ool.
1075 1584 1215 1656 reperisse
1233 1591 1354 1638 testatur

204 1657 255 1712 Fr.
274 1655 357 1708 Fabr.
394 1656 455 1708 Mr.
991 1699 995 1704 ,
1035 1651 1041 1668 Μ

275 1719 469 1793 Exaggeratio
487 1725 581 1794 igitur
598 1741 636 1781 re
641 1726 681 1795 gi
686 1741 702 1778 r
719 1724 828 1795 opibus]
864 1722 992 1792 „Regiis
1008 1722 1094 1778 babet
1113 1723 1247 1796 antiquus
1264 1723 1351 1778 liber:

206 1805 236 1849 et
254 1794 421 1863 adiungitur
438 1813 491 1867 pro
510 1796 579 1867 quid
595 1794 748 1869 adiungit!
755 1796 774 1825 “
813 1792 942 1858 Ursinus.
1250 1848 1257 1869 ἱ

262 1865 470 1989 ‘Exaggeratio
488 1867 583 1936 igitur
598 1867 688 1943 regiis
706 1865 814 1945 opibus]
833 1864 883 1920 Sic
899 1864 973 1920 bled.
991 1864 1105 1918 Balliol.
1125 1873 1154 1917 et
1171 1864 1238 1917 Bak.
1258 1864 1351 1941 Vulgo

204 1950 471 2076 regumn-gemm
488 2005 581 2078 igitur
598 2006 689 2075 regiis
706 2006 824 2129 opibus}¹
851 2006 931 2060 Unus
955 2005 1005 2060 Ox.
1024 2005 1251 2074 Exaggerumur,
1279 2004 1352 2059 alius
1397 2011 1399 2016 ’

204 2091 238 2129 ez
255 2077 435 2147 aggregatis.
460 2077 524 2131 Scri
545 2078 568 2139 ,si
587 2077 688 2147 regiis,
709 2078 784 2148 quod
825 2076 909 2131 abent
925 2075 1037 2145 aliquot
1054 2076 1162 2129 Davisii
1181 2074 1266 2128 eodd.
1287 2093 1352 2129 curn

203 2145 272 2199 Dav.
298 2156 327 2200 et
346 2149 393 2201 Or.
420 2165 487 2200 cum
539 2147 612 2199 rsini
637 2164 750 2219 quoque
774 2147 851 2200 liber
875 2141 1007 2215 antiquus
1034 2145 1156 2210 accedat,
1202 2143 1354 2199 raesertim'

203 2233 271 2268 oum
295 2233 331 2268 ex
358 2216 514 2287 scriptione
537 2225 669 2270 veterum
694 2219 836 2270 librorum
861 2217 947 2270 arola
980 2214 1093 2284 (regiis)
1118 2216 1188 2268 facil
1203 2217 1259 2271 ‘me
1278 2216 1351 2269 oriri

203 2288 334 2358 potuerit
352 2290 455 2369 regia..
478 2286 624 2341 Similiter
642 2287 719 2338 infra
735 2289 784 2340 Ν.
805 2290 829 2341 1.
850 2292 873 2342 l.
894 2287 926 2338 in
950 2287 1046 2368 verbis
1070 2285 1186 2370 regiis
1209 2286 1352 2340 institutis

202 2355 930 2496 atttriti-tt.*Atiaiuffttt‘itl’ttt
949 2371 1018 2479 ἑέξ
1023 2359 1259 2498 ζ’..ἑΜέᾹῇἏᾞῘ
1261 2358 1351 2505 *13¹3

203 2510 230 2548 v.
250 2494 382 2565 adiungit
399 2495 589 2567 pendentem.
599 2505 633 2548 ut
649 2500 734 2567 poita
751 2496 864 2551 dicatur
881 2512 1064 2571 exaggerasse
1083 2511 1149 2566 opes
1168 2497 1276 2571 regias:
1303 2497 1351 2551 sed

204 2564 424 2618 Andromachen
443 2566 663 2641 intelligendam
682 2585 750 2633 esse,
770 2584 785 2619 a
805 2585 859 2636 qua
878 2566 947 2618 illae
965 2582 1033 2636 opas
1051 2575 1133 2619 erant
1152 2583 1224 2643 exag
1246 2575 1348 2620 erutae.

203 2639 257 2690 l’ro
275 2636 404 2705 adiungit
421 2635 525 2689 habent
542 2635 718 2704 adiungitur,
758 2645 854 2690 raeter
870 2635 1196 2702 eod.urs.,du001x.
1222 2584 1297 2715 Aug.
1322 2645 1351 2690 et
1382 2699 1387 2710 Ι

203 2705 275 2760 End.
294 2705 327 2759 A.
347 2708 379 2759 B.
398 2706 427 2760 S.
445 2706 481 2760 F..
496 2709 567 2766 Ven.
587 2715 684 2760 nostr:
747 2723 773 2759 r.
1330 2747 1334 2753 .

275 2796 350 2849 Haec
375 2797 468 2849 amaia
495 2792 555 2849 aidi·
590 2791 790 2860 inflammari]
830 2793 914 2850 Conf.
939 2793 976 2847 ad
1001 2794 1174 2863 sententiam
1200 2788 1350 2849 Passeratii

203 2866 351 2919 Orationes
368 2883 399 2934 p.
415 2867 469 2920 339
486 2882 528 2933 sq.
564 2863 699 2918 Ceterum
721 2866 778 2916 iam
802 2882 887 2935 supra
910 2864 1008 2929 iidem,
1035 2862 1087 2933 qui
1109 2864 1138 2916 h.
1159 2865 1191 2930 1.‚
1219 2883 1350 2919 versura

202 2934 342 2988 Cicerone
360 2932 483 2987 adhibiti
509 2942 576 2987 sunt
594 2937 617 2988 1.
637 2937 681 2991 35.
699 2934 743 2999 85,
767 2934 817 2986 ubi
838 2934 897 2990 vid.
923 2942 1014 2986 nostr.
1038 2943 1134 2987 annot.
1171 2935 1250 2988 Addo
1274 2952 1351 2989 nuno

202 3005 357 3058 secundum
374 3003 480 3056 harum
498 3023 634 3058 versuum
652 3022 777 3075 nupera
795 3006 859 3058 viro
879 3004 1000 3075 quodam
1018 3003 1101 3057 docto
1120 3006 1152 3057 in
1169 3005 1351 3060 Alliteratio·

202 3075 247 3127 nis
265 3077 365 3143 (quam
381 3075 492 3141 dicunt)
511 3076 659 3146 exemplis,
678 3092 733 3126 nec
751 3091 766 3126 a
783 3074 928 3128 veteribus
946 3074 1058 3141 alienis,
1077 3075 1223 3127 laudatum
1242 3095 1301 3131 esse
1320 3077 1351 3129 in

201 3145 262 3199 All
290 3144 508 3220 .Scl1ulatg.
529 3147 605 3203 1838.
626 3147 664 3201 11.
689 3148 733 3200 50.
757 3162 785 3214 p·
805 3147 873 3200 lotz
904 3143 1019 3199 Priamo
1045 3146 1080 3198 vi
1095 3145 1200 3198 uitam
1217 3145 1349 3202 evitari.

201 3247 234 3261 -
254 3164 336 3270 tinus
353 3218 403 3269 Ox.
421 3215 508 3269 babet
532 3215 683 3280 Primnum,
707 3215 779 3267 alius
802 3224 831 3268 et
849 3214 947 3268 Duiad.
966 3214 1167 3285 Priamoque,
1192 3218 1294 3271 omisso
1312 3218 1348 3271 ui.

200 3286 287 3339 Abest
305 3285 393 3339 etiam
411 3285 449 3353 vi,
468 3305 484 3339 a
521 3287 634 3340 roxima
651 3285 787 3338 videlicet
805 3285 915 3354 syllaba
931 3285 1102 3356 absorptum,
1120 3304 1137 3339 a
1155 3286 1263 3340 duobus
1277 3289 1347 3342 Oxx.

200 3359 276 3410 Mon.
296 3359 321 3412 2
342 3356 428 3408 Marb.
449 3356 474 3409 G
515 3359 558 3411 .2
578 3356 651 3429 Aug.
671 3354 761 3408 Rehd.
780 3355 903 3409 ridicule
922 3359 1047 3411 eructari
1063 3374 1116 3427 pro
1131 3356 1249 3411 >evitari
1270 3358 1350 3413 idem

202 3443 268 3478 oum
285 3426 369 3479 Vind.
390 3430 414 3481 l.
433 3425 510 3479 Iouis
527 3432 633 3479 autera
650 3441 738 3478 aram
759 3425 832 3478 Gud.
844 3429 867 3481 1.
885 3429 1034 3494 marrim·
1052 3425 1125 3494 (sie).
1145 3429 1219 3482 Gud.
1238 3433 1264 3484 2.
1283 3445 1352 3484 aaa·

200 3497 286 3565 gaiae
304 3495 430 3550 sedari
447 3495 571 3564 turpari.
608 3496 676 3549 Orta
702 3505 744 3561 est
768 3494 839 3549 haec
864 3496 953 3552 lectio
976 3498 1094 3551 absurda
1118 3517 1153 3554 ex
1177 3498 1269 3572 glossa
1286 3517 1350 3554 cor·

200 3575 297 3690 Μὲἷῗὸ
315 3565 1350 3710 itttttt‘ttttit.ttt‘uffltt..itit.tuditi

199 3655 299 3758 bairum
318 3708 350 3758 in
368 3707 467 3762 retiari
485 3714 625 3758 mutatum
651 3715 701 3759 est.
731 3733 763 3746 -
793 3709 874 3763 Unus
898 3709 949 3762 Ox.
977 3709 1088 3762 omittit
1114 3711 1237 3778 turpari.
1274 3713 1348 3765 Tum

200 3776 273 3830 Gud.
294 3781 318 3832 l.
339 3795 354 3828 a
374 3781 398 3834 1.
423 3795 460 3828 m.
487 3791 672 3848 cararupro
696 3791 812 3832 cumea.
851 3779 905 3831 Pro
932 3781 1005 3832 euim
1031 3785 1057 3832 et
1075 3780 1130 3833 duo
1148 3780 1218 3832 Oxx.
1242 3781 1349 3835 babent

196 3843 278 3900 mitt.
314 3847 351 3898 Et
389 3856 432 3900 ost
449 3846 521 3900 euim
540 3847 650 3900 omittit
669 3847 742 3902 und.
763 3851 789 3903 2.
816 3849 851 3902 ln
867 3848 1350 3906 Vind.1.et1tton.l.scritum

197 3924 243 3970 est
259 3922 289 3968 at
307 3933 351 3968 mo
373 3913 399 3970 i'a
421 3923 448 3970 et
465 3917 575 3970 uerbiar
599 3918 694 3970 minus
738 3918 860 3972 robabili
883 3917 1037 3972 verberum
1061 3921 1170 3975 ordine.
1207 3924 1266 3975 Ver
1320 3927 1347 3977 et

197 3987 292 4040 uerbis
309 3986 412 4039 desunt
439 3986 471 4038 in
488 4004 544 4041 uno
563 3987 628 4041 eod.
649 3990 700 4042 Ox.
756 3988 824 4042 adar
844 3989 879 4042 ad
902 4007 1065 4051 mensuram
1089 3991 1120 4044 iu
1143 3992 1259 4046 musicis
1287 4011 1349 4064 ape-

196 4065 279 4109 ctare
297 4057 380 4111 docet
398 4057 517 4113 striata.
536 4058 567 4113 in
584 4061 653 4111 Lex.
674 4058 733 4112 Oic.
753 4059 782 4110 ln
800 4078 830 4112 v.
854 4076 882 4111 n.
901 4062 941 4115 3.·
953 4060 1024 4113 Add.
1044 4061 1075 4114 O.
1095 4064 1124 4116 J.
1144 4062 1268 4132 Grysar:
1295 4064 1348 4119 iib.

155 4153 159 4161 ¹
195 4127 227 4183 d.
247 4129 412 4183 Zustand.
439 4129 465 4182 d.
485 4129 579 4194 Rim-
604 4128 727 4182 Biihne
755 4130 802 4181 im
824 4130 1009 4185 Zeitalter
1037 4132 1063 4184 d.
1084 4132 1225 4201 Cicer05
1252 4134 1348 4211 Atlg.

196 4196 607 4272 Schulntg.183211.tu
632 4219 660 4271 p.
680 4202 754 4256 313.
779 4201 862 4256 Mrs
1340 4221 1350 4233 ¹

268 4287 432 4355 Eripiamus
452 4315 481 4325 ·—
503 4285 682 4354 adducamur]
718 4288 795 4341 Haec
816 4289 901 4343 babet
923 4289 1007 4343 velut
1033 4308 1069 4344 ex
1095 4293 1243 4346 ciceronis
1263 4294 1350 4349 Ture.

198 4359 246 4410 lv,
275 4358 386 4411 Nouius
404 4359 435 4410 in
454 4358 562 4414 ctriaiia.
599 4358 655 4413 sid
675 4359 845 4427 qnentbndi
862 4369 929 4415 aunt
945 4360 1151 4427 eius-Godicea
1186 4364 1223 4418 D.
