2842 5070
173 276 254 394 uu
383 309 624 410 uumerus
645 307 893 377 rusounm.
913 306 1149 374 orsaorsa.-

190 478 372 559 desiderio‚
394 498 456 557 nec
474 479 648 542 alacritate
668 478 757 541 futili
776 442 1154 622 pestiens'deliqnescat,
1174 474 1204 536 is
1225 482 1278 537 est
1299 493 1354 544 sa·

193 566 299 646 piens,
322 582 417 644 quem
439 564 641 643 quaerimus,
664 562 692 622 is
714 569 765 623 est
808 571 917 623 entus:
945 560 1000 620 cui
1021 558 1106 619 nihil
1128 558 1355 621 humanarum

57 655 61 658 ’
136 701 139 705 .
193 653 389 708 resumant
419 644 631 707 intolerabile
657 643 699 705 ad
721 641 962 704 demittendum
984 642 1142 716 animum,
1171 649 1230 702 aut
1251 643 1354 704 nimis

193 728 351 790 laetabile
371 726 414 788 ad
435 725 639 788 efferendum
661 725 774 788 videri
795 734 915 808 potest.
973 722 1061 786 Quid
1082 724 1170 784 enim
1192 722 1357 809 videatur

194 811 405 894 eimagnum
426 811 462 869 in
483 810 583 870 rebus
603 809 770 885 hunianis,
792 809 848 869 cui
868 808 1048 868 aeternita
1059 806 1167 866 omnis
1182 807 1354 888 totiusque

194 891 309 954 mundi
332 901 410 954 nota
430 894 474 953 sit
495 889 708 978 magnitudo?
744 890 831 954 Nam
854 888 931 970 quid
953 896 1011 949 aut
1032 890 1068 948 in
1089 888 1213 951 studiis
1234 889 1354 956 huma·

194 1078 261 1133 tilia
277 1097 343 1131 vasa
365 1085 433 1131 sunt
458 1077 522 1130 lato
545 1095 604 1144 ore,
631 1077 720 1130 fundo
747 1085 877 1150 angusto,
905 1076 1007 1144 quibus
1034 1074 1189 1127 utebantur
1211 1065 1245 1127 ¹in
1265 1076 1355 1129 sacris

195 1152 296 1204 Vestae
315 1150 391 1203 deae.
418 1167 484 1201 narn
508 1166 575 1201 cum
602 1166 676 1218 aqua
695 1149 732 1201 ad
755 1164 834 1201 sacra
852 1150 956 1200 'Vestae
975 1146 1124 1217 pertinens
1147 1147 1178 1198 in
1197 1155 1276 1199 terra
1294 1164 1355 1200 non
1414 1160 1418 1167 ·

194 1221 318 1291 ponatur
344 1211 386 1284 (id
412 1221 490 1273 enim
514 1220 663 1289 piaculum
684 1218 773 1283 foret)
802 1219 998 1293 excogitatum
1012 1225 1078 1269 est·
1091 1235 1150 1282 vas,
1176 1219 1252 1286 quod
1277 1227 1354 1272 stare

86 1347 92 1359 ,
194 1307 256 1344 non
272 1292 372 1360 possit,-
390 1291 438 1344 sed
455 1290 582 1359 positum
601 1291 699 1342 statim
716 1290 905 1343 funderetur:
933 1289 1016 1343 Unde
1042 1303 1060 1338 a
1085 1289 1229 1353 fundendo
1252 1297 1355 1341 vocata

159 1415 163 1419 .
196 1372 263 1415 sunt
281 1362 385 1427 futilia.
425 1361 473 1414 Sic
492 1368 521 1413 et
537 1361 639 1414 futiles
656 1361 789 1412 homines
807 1358 889 1424 dicti,
909 1359 959 1427 qui
977 1359 1064 1412 silere
1082 1360 1200 1412 tacenda
1214 1363 1273 1412 n'on
1290 1376 1356 1429 pos-

154 1453 157 1457 *
197 1442 274 1499 sunt,
301 1433 352 1486 sed
378 1450 409 1484 ea
437 1427 598 1484 effundunt.
643 1433 697 1485 P'ro
725 1431 896 1500 deliquerent
920 1431 988 1482 eod.
1014 1430 1104 1482 Rehd.
1137 1431 1353 1500 delinquerent.

64 1530 66 1532 v
153 1550 160 1556 .
197 1506 263 1557 Mox
278 1498 354 1565 ,unus
372 1504 422 1555 Ox.
442 1503 480 1555 id
498 1508 541 1555 est
559 1504 666 1567 beatus,
687 1503 760 1556 Gud.
780 1504 806 1556 2.
826 1500 890 1555 boc
907 1508 947 1553 eet
964 1502 1071 1559 beatur.
1107 1504 1182 1568 Nlon.
1204 1507 1240 1563 1.
1257 1519 1354 1555 rerum

199 1572 319 1629 nictit
336 1566 560 1628 intollerabile.
597 1575 639 1626 De
657 1591 711 1624 usu
728 1572 949 1642 praepositionis
968 1572 1007 1623 ud
1025 1572 1056 1623 in
1074 1574 1153 1643 ieqq.
1182 1573 1259 1625 nihil
1283 1589 1355 1644 opus

201 1655 243 1700 est
261 1645 364 1699 addere
381 1653 446 1714 post
464 1661 505 1708 ea,
524 1661 596 1714 quae
614 1645 710 1715 posuit
727 1644 816 1695 Hand.
837 1643 869 1694 in
886 1643 1054 1697 Tursellino
1072 1643 1095 1695 1.
1114 1661 1143 1713 p.
1165 1647 1216 1703 too
1234 1662 1295 1714 sqq.
1323 1645 1356 1696 in

200 1717 304 1800 primis
328 1733 356 1784 p.
386 1719 445 1818 lli.
471 1717 526 1797 ild
548 1734 593 1783 sq.
634 1716 769 1795 simmam
804 1713 950 1836 demitur}
976 1710 1054 1839 dgxip
1074 1714 1185 1842 (ἆξεν-ο-
1206 1715 1356 1839 Ἓῖιέιηυΐί

138 1892 140 1897 ,
200 1785 912 1911 bitini:tilttttttttt‘ittttt
938 1823 1016 1932 ing?
1050 1821 1092 1909 b.
1111 1824 1168 1928 4...
1187 1858 1356 1911 sonu...

199 1929 259 1984 vid.
279 1928 436 1981 Forcellin.
455 1946 484 1981 v.
505 1926 657 1981 demittere.
693 1927 752 1982 Mr.
1151 1946 1154 1952 ¹

273 2023 324 2070 eut
341 2016 427 2071 nimis
453 2016 585 2070 laetabile
602 2017 642 2070 nd
667 2011 848 2082 efferendum]
878 2014 1031 2068 'Scribitnr
1053 2017 1091 2070 ud
1113 2018 1297 2087 ferendum
1321 2016 1355 2068 in

202 2087 288 2142 Codd.
316 2088 385 2162 Reg.
411 2087 493 2151 Gud¹
506 2093 528 2142 1.
549 2090 575 2158 2.
603 2103 661 2140 uno
686 2088 736 2140 Ox.
764 2085 851 2139 Marb.
878 2085 952 2139 Gud.
980 2085 1054 2139 Edd·
1070 2087 1144 2140 Vict.
1162 2088 1228 2141 Rob.
1249 2087 1350 2154 steph.

198 2176 234 2212 er
254 2175 270 2211 o
289 2159 320 2210 in
339 2159 455 2228 optimis
473 2159 572 2223 libris3
596 2166 771 2214 nectamen
796 2173 865 2208 vera
885 2165 927 2208 est
953 2156 1066 2227 lectius
1085 2157 1150 2210 God.
1170 2156 1242 2232 Aug.
1262 2155 1353 2208 habet
1382 2183 1386 2193 ·

199 2177 377 2283 toderobite
395 2229 433 2283 ad
451 2230 651 2294 deferendum.
687 2228 733 2280 Ad
749 2240 838 2297 seqq.
858 2210 1029 2281 Beroaldhsi
1056 2225 1229 2299 „Suspicite
1254 2228 1356 2295 inquit
1382 2291 1387 2301 Ι

198 2300 345 2364 Boethius,
365 2301 480 2364 caelum,
500 2306 527 2353 et
547 2299 669 2353 desinite
686 2297 758 2352 vitiu
776 2314 809 2353 ac
827 2304 940 2351 terreno
957 2297 1070 2353 mirari.
1097 2326 1130 2343 -
1166 2298 1295 2368 Sapiens,
1323 2305 1358 2348 ut

200 2371 241 2423 ait
261 2370 377 2432 Seneca,
396 2370 495 2435 plenus
514 2376 555 2422 est
571 2367 689 2442 gaudio,
708 2367 823 2434 bituris,
839 2368 979 2438 placidus,
1000 2369 1277 2425 inconsentaneum
1297 2367 1358 2420 diis

158 2427 162 2452 ‘
200 2456 236 2493 eu
253 2439 321 2507 pari
338 2439 420 2495 civit.
457 2442 548 2493 item:
567 2440 635 2493 tulis
652 2447 695 2493 est
713 2442 824 2495 artimus
840 2439 986 2508 sementis,
1011 2440 1105 2511 qualis
1130 2441 1247 2496 muudus
1270 2454 1359 2507 supra

200 2511 305 2563 huam.
343 2510 459 2579 Semper
482 2511 545 2566 illic
569 2528 696 2564 serenum
718 2511 790 2564 est.“
826 2510 916 2584 Magis
940 2505 1081 2564 convenit·
1104 2512 1163 2566 Cic.
1192 2513 1226 2564 de
1244 2513 1314 2580 Rep.
1335 2511 1358 2562 1.

203 2583 259 2638 172,
272 2581 347 2638 Quid
362 2598 450 2650 porro
469 2590 519 2635 aut
536 2584 714 2650 praeclarum
731 2588 809 2650 putet
827 2582 857 2635 in
875 2582 956 2634 rebus
974 2580 1116 2650 humanis,
1138 2581 1186 2653 qui
1208 2581 1276 2636 baec
1295 2582 1359 2635 deo-

200 2669 265 2706 rum
282 2668 374 2720 regua
390 2653 585 2723 perspexerit?
604 2659 653 2706 aut
670 2653 839 2718 diuturnum,
859 2650 907 2722 qui
925 2652 1100 2721 cognoverit,
1123 2655 1189 2721 quid
1206 2655 1246 2708 sit
1266 2658 1357 2706 aeter·

200 2724 330 2777 names.
351 2725 404 2777 Ed.
421 2734 511 2778 nostr.
530 2725 566 2794 Ρ.
579 2727 621 2780 73.
642 2726 680 2776 cf.
702 2724 801 2777 eodem
819 2741 880 2792 cap.
910 2741 938 2792 p.
960 2728 1002 2779 77.
1028 2733 1057 2791 et
1081 2721 1205 2792 utroque
1227 2724 1293 2777 loco
1311 2741 1360 2775 an-

201 2791 442 2848 nottsScribitur
458 2795 488 2847 ei
504 2795 634 2849 videatur·
652 2795 683 2846 in
703 2794 789 2848 codd.
809 2797 884 2847 Mon.
906 2797 929 2848 l.
956 2795 1070 2848 Duisb'.·
1097 2794 1262 2848 videbitur
1277 2793 1306 2848 ei
1328 2793 1358 2846 in

202 2864 270 2918 cod.
292 2866 378 2929 Gud,
397 2865 527 2937 uidetur
553 2866 581 2918 ei
608 2867 639 2917 in
657 2866 718 2918 Eu·
729 2868 758 2919 P.
795 2867 837 2919 De
856 2865 1043 2939 coniunctivo
1062 2832 1137 2919 hnic
1161 2866 1225 2919 loco
1250 2881 1360 2919 accom-

202 2936 315 2989 modato
333 2935 392 2987 vid.
412 2936 556 2990 Thortsen
574 2936 615 2989 De
635 2937 825 2990 Coniunctivo
839 2935 982 3005 ‘fflavniae
1002 2939 1079 2993 1827·
1092 2936 1130 3001 8.)
1148 2955 1177 3006 Ρ.
1195 2935 1246 2994 79.’
1257 2936 1379 2992 Wiill·-

117 3077 119 3081 ¹
202 3023 264 3060 ner.
284 3006 370 3060 Ueb.
391 3006 462 3059 Cas.
482 3025 510 3059 u.
530 3008 616 3061 Mod.
634 3026 663 3077 p.
685 3012 745 3064 146.
772 3007 916 3072 (llliinst.
939 3011 1016 3063 1827.
1036 3007 1084 3072 8.).
1122 3010 1176 3060 Pro
1201 3007 1294 3061 omnis
1314 3012 1359 3059 to-

204 3076 314 3147 tiusque
339 3077 406 3130 Cod.
433 3077 529 3132 Duisb.
561 3078 648 3137 habet
679 3077 836 3146 omnisque
858 3079 983 3145 tortas,
1012 3079 1089 3150 quod
1114 3079 1176 3132 sine
1202 3078 1288 3131 dubio
1317 3085 1359 3131 est

136 3178 139 3183 .
202 3148 387 3214 correctoris,
406 3167 479 3201 unus
498 3151 548 3204 Ox.
569 3149 730 3220 omnisque
747 3150 894 3220 totiusque.
930 3151 992 3204 Mr.

274 3238 348 3292 Nam
366 3237 434 3309 quid
450 3244 500 3292 uut
519 3238 550 3291 iu
568 3238 672 3293 studiis
689 3237 830 3306 humanis]
866 3239 935 3291 Dav.
963 3239 995 3290 in
1013 3238 1068 3292 Ed.
1088 3241 1113 3292 i.
1142 3239 1256 3309 recepit
1274 3239 1361 3298 Bent-

202 3310 256 3363 leii
274 3311 470 3363 coniecturam
487 3310 638 3380 Numquid,
657 3311 804 3379 additque:
831 3310 910 3375 „Vel
937 3325 1003 3362 cum
1021 3310 1064 3363 Cl.
1083 3310 1216 3364 Bentleio
1239 3314 1361 3381 reponas

90 3428 95 3433 ,
204 3389 318 3451 oportet
344 3381 498 3452 Numquid:
534 3383 583 3436 vel
610 3383 690 3457 legas
726 3380 872 3449 quidnam,
898 3381 1002 3434 vocula
1027 3381 1207 3451 transposita.
1252 3380 1361 3434 Statius

203 3452 293 3506 Theb.
313 3453 336 3506 Ι.
356 3454 423 3508 438:
657 3469 660 3475 ’
754 3486 757 3490 1
1093 3468 1099 3476 ‘

247 3542 249 3547 ’
370 3555 404 3566 -
441 3553 475 3565 -
513 3547 546 3560 ·-
582 3553 616 3565 -
653 3537 723 3593 quae
741 3538 824 3576 causa
842 3522 952 3589 furoris

371 3621 405 3652 e·
442 3621 475 3631 -
514 3592 641 3662 quisnam
659 3593 850 3662 implacabilis
868 3593 956 3648 ardor
974 3588 1052 3645 etc.“

203 3665 273 3741 [leg.
294 3662 428 3734 quinam].
456 3691 489 3702 -—
516 3662 687 3717 Bouhierius
714 3667 820 3730 „Erae
847 3665 897 3730 ait,
928 3676 981 3717 cur
997 3663 1146 3717 Bentleius
1165 3663 1364 3717 offenderetur

204 3737 329 3806 repetito
348 3748 412 3788 uam
429 3743 494 3804 post
512 3734 599 3788 euim:
623 3742 717 3804 neque
740 3736 846 3788 merito
865 3737 925 3787 eius
953 3735 1120 3788 coniectura
1143 3737 1298 3806 numquid
1320 3737 1365 3788 vi·

203 3807 291 3861 detur
308 3803 490 3876 reprehensa
516 3823 533 3856 a
549 3805 733 3874 Wopkensio
756 3808 849 3858 Lectt.
868 3806 949 3859 Tull.
968 3808 991 3860 1.
1013 3810 1054 3861 ll.
1082 3824 1111 3875 p·
1131 3809 1167 3862 64
1185 3825 1227 3877 sq.
1257 3807 1297 3876 [p.
1319 3809 1362 3862 90.

142 3919 148 3931 ,,
206 3877 249 3931 ed.
271 3876 374 3942 Hand]
410 3875 511 3928 Malim
529 3883 627 3928 tamen
644 3875 716 3929 Iam
734 3876 810 3944 quid.
849 3877 933 3931 Certe
951 3878 1038 3929 nimis
1056 3879 1213 3946 po'e'ticum,
1233 3878 1294 3930 imo
1312 3878 1366 3930 vix

203 3947 279 4017 apud
295 3951 392 4017 po'e'tas
411 3945 536 4011 obvium,
554 3945 680 4011 videtur,
707 3949 894 4002 antecedente
920 3947 1111 4014 Quid-enim,
1130 3949 1256 4002 scrihere
1277 3947 1367 4005 Quid·

195 4034 270 4071 num
289 4017 366 4070 -“.‘
392 4016 500 4069 Contra
517 4016 685 4070 Nissenius:
720 4021 826 4085 „Haeo
844 4037 902 4073 non
919 4021 1052 4090 proxime
1075 4020 1272 4073 antecedentis
1300 4037 1367 4072 cau-

206 4106 266 4141 sam
285 4089 445 4153 continent,
464 4086 513 4140 sed
530 4089 618 4141 eliam
635 4088 695 4140 illis
713 4107 826 4144 causam
844 4092 959 4144 addunt.
998 4092 1071 4144 Cum
1091 4091 1178 4157 enim,
1205 4108 1260 4143 cur
1284 4091 1369 4161 cupi·

205 4159 279 4212 ditas
304 4168 334 4211 et
360 4159 492 4228 voluptas
519 4177 534 4225 a
558 4159 685 4230 sapiente
710 4161 814 4228 absint,
838 4163 869 4214 in
895 4162 1041 4232 prioribus
1067 4163 1294 4215 demonstratum
1320 4162 1368 4228 sit,

206 4231 275 4296 iam,
295 4247 349 4282 cur
366 4238 446 4282 metu
466 4238 495 4282 et
513 4232 694 4306 aegritudine
714 4242 817 4300 careat,
837 4234 1056 4286 demonstratur.
1092 4234 1184 4298 Quare
1203 4235 1266 4286 sine
1285 4250 1371 4286 causa
1413 4280 1415 4285 .

207 4312 256 4354 aut
273 4301 368 4354 Bentl.
389 4300 529 4368 numquid,
549 4313 598 4356 aut
615 4303 721 4356 Buher.
742 4305 800 4358 ium
819 4303 887 4374 quid
904 4304 1056 4358 voluere.“
1075 4304 1160 4358 Schz.
1180 4303 1280 4357 tamen
1293 4305 1370 4357 Bou·

205 4371 302 4426 hierio
325 4374 497 4441 obsequutus
521 4383 578 4428 est:
599 4375 712 4432 ,merito
737 4375 916 4446 improbante
946 4375 1093 4428 Kiihnero.
1135 4376 1267 4429 Bentleii
1298 4392 1370 4430 con-

207 4445 336 4500 iecturae
355 4445 454 4500 favent
473 4444 609 4521 duoOrx.
630 4462 753 4518 quonam
771 4464 845 4502 nnus
863 4445 949 4502 habet
968 4446 1104 4518 uunquid,
1123 4448 1272 4504 alternum
1287 4447 1368 4517 quid.

254 4530 264 4540 “
628 4535 632 4542 “
733 4545 736 4550 ·
989 4531 1005 4553 N
