<?xml version="1.0" encoding="UTF-8"?>
<!DOCTYPE html PUBLIC "-//W3C//DTD XHTML 1.0 Transitional//EN"
    "http://www.w3.org/TR/xhtml1/DTD/xhtml1-transitional.dtd">
<html xmlns="http://www.w3.org/1999/xhtml" xml:lang="en" lang="en">
 <head>
  <title>
</title>
<meta http-equiv="Content-Type" content="text/html;charset=utf-8" />
  <meta name='ocr-system' content='tesseract 3.04.00' />
  <meta name='ocr-capabilities' content='ocr_page ocr_carea ocr_par ocr_line ocrx_word'/>
</head>
<body>
  <div class='ocr_page' id='page_1' title='image "./mtulliiciceroni00davigoog_0218.png"; bbox 0 0 2842 5070; ppageno 0'>
   <div class='ocr_carea' id='block_1_1' title="bbox 514 265 1281 390">
    <p class='ocr_par' dir='ltr' id='par_1_1' title="bbox 514 265 1281 390">
     <span class='ocr_line' id='line_1_1' title="bbox 514 265 1281 390; baseline 0.007 -19"><span class='ocrx_word' id='word_1_1' title='bbox 514 305 521 313; x_wconf 65' lang='grc'><strong>’·</strong></span> <span class='ocrx_word' id='word_1_2' title='bbox 556 305 686 372; x_wconf 81' lang='lat' dir='ltr'><strong>mnan</strong></span> <span class='ocrx_word' id='word_1_3' title='bbox 705 306 765 390; x_wconf 88' lang='lat'><strong>111,</strong></span> <span class='ocrx_word' id='word_1_4' title='bbox 786 283 838 374; x_wconf 79' lang='lat' dir='ltr'><strong>aa.</strong></span> <span class='ocrx_word' id='word_1_5' title='bbox 1217 265 1281 376; x_wconf 79' lang='lat' dir='ltr'><strong>rou</strong></span> 
     </span>
    </p>
   </div>
   <div class='ocr_carea' id='block_1_2' title="bbox 129 440 1288 619">
    <p class='ocr_par' dir='ltr' id='par_1_2' title="bbox 129 440 1288 619">
     <span class='ocr_line' id='line_1_2' title="bbox 129 440 1288 619; baseline 0.002 -83"><span class='ocrx_word' id='word_1_6' title='bbox 129 472 299 556; x_wconf 87' lang='lat' dir='ltr'><strong>inquiunt,</strong></span> <span class='ocrx_word' id='word_1_7' title='bbox 320 481 435 538; x_wconf 89' lang='lat' dir='ltr'><strong>vester</strong></span> <span class='ocrx_word' id='word_1_8' title='bbox 456 471 639 538; x_wconf 87' lang='lat' dir='ltr'><strong>cedendum</strong></span> <span class='ocrx_word' id='word_1_9' title='bbox 650 476 764 619; x_wconf 58' lang='lat' dir='ltr'><strong>*putat</strong></span> <span class='ocrx_word' id='word_1_10' title='bbox 791 440 919 536; x_wconf 87' lang='lat' dir='ltr'><strong>Premit</strong></span> <span class='ocrx_word' id='word_1_11' title='bbox 941 475 1028 537; x_wconf 88' lang='lat' dir='ltr'><strong>enim</strong></span> <span class='ocrx_word' id='word_1_12' title='bbox 1049 483 1145 558; x_wconf 85' lang='lat' dir='ltr'><strong>atque</strong></span> <span class='ocrx_word' id='word_1_13' title='bbox 1166 473 1288 552; x_wconf 76' lang='lat' dir='ltr'><strong>instat,</strong></span> 
     </span>
    </p>
   </div>
   <div class='ocr_carea' id='block_1_3' title="bbox 129 554 1279 640">
    <p class='ocr_par' dir='ltr' id='par_1_3' title="bbox 129 554 1279 640">
     <span class='ocr_line' id='line_1_3' title="bbox 129 554 1279 640; baseline 0.002 -22"><span class='ocrx_word' id='word_1_14' title='bbox 129 575 192 618; x_wconf 87' lang='lat' dir='ltr'><strong>nec</strong></span> <span class='ocrx_word' id='word_1_15' title='bbox 213 557 467 640; x_wconf 61' lang='lat' dir='ltr'><strong>resisti‘potest.</strong></span> <span class='ocrx_word' id='word_1_16' title='bbox 514 555 629 639; x_wconf 84' lang='lat' dir='ltr'><strong>Itaque</strong></span> <span class='ocrx_word' id='word_1_17' title='bbox 678 557 767 621; x_wconf 83' lang='lat' dir='ltr'><strong>&#39;ileus</strong></span> <span class='ocrx_word' id='word_1_18' title='bbox 789 557 848 618; x_wconf 91' lang='lat' dir='ltr'><strong>ille</strong></span> <span class='ocrx_word' id='word_1_19' title='bbox 869 554 957 639; x_wconf 89' lang='lat' dir='ltr'><strong>apud</strong></span> <span class='ocrx_word' id='word_1_20' title='bbox 978 557 1187 639; x_wconf 85' lang='lat' dir='ltr'><strong>Sophoclem,</strong></span> <span class='ocrx_word' id='word_1_21' title='bbox 1223 560 1279 640; x_wconf 90' lang='lat' dir='ltr'><strong>qui</strong></span> 
     </span>
    </p>
   </div>
   <div class='ocr_carea' id='block_1_4' title="bbox 129 637 1317 721">
    <p class='ocr_par' dir='ltr' id='par_1_4' title="bbox 129 637 1317 721">
     <span class='ocr_line' id='line_1_4' title="bbox 129 637 1317 721; baseline 0.001 -21"><span class='ocrx_word' id='word_1_22' title='bbox 129 638 344 701; x_wconf 87' lang='lat' dir='ltr'><strong>Telamonem</strong></span> <span class='ocrx_word' id='word_1_23' title='bbox 372 647 470 704; x_wconf 83' lang='lat' dir='ltr'><strong>autea</strong></span> <span class='ocrx_word' id='word_1_24' title='bbox 489 637 531 701; x_wconf 88' lang='lat' dir='ltr'><strong>de</strong></span> <span class='ocrx_word' id='word_1_25' title='bbox 541 639 651 701; x_wconf 86' lang='lat' dir='ltr'><strong>Aiacis</strong></span> <span class='ocrx_word' id='word_1_26' title='bbox 671 647 781 701; x_wconf 85' lang='lat' dir='ltr'><strong>morte</strong></span> <span class='ocrx_word' id='word_1_27' title='bbox 801 640 991 702; x_wconf 79' lang='lat' dir='ltr'><strong>consolatus</strong></span> <span class='ocrx_word' id='word_1_28' title='bbox 1012 649 1110 718; x_wconf 87' lang='lat' dir='ltr'><strong>esset,</strong></span> <span class='ocrx_word' id='word_1_29' title='bbox 1132 641 1162 701; x_wconf 89' lang='lat' dir='ltr'><strong>is</strong></span> <span class='ocrx_word' id='word_1_30' title='bbox 1179 660 1281 721; x_wconf 89' lang='lat' dir='ltr'><strong>quum</strong></span> <span class='ocrx_word' id='word_1_31' title='bbox 1314 638 1317 641; x_wconf 72' lang='grc'>’</span> 
     </span>
    </p>
   </div>
   <div class='ocr_carea' id='block_1_5' title="bbox 106 719 1281 866">
    <p class='ocr_par' dir='ltr' id='par_1_5' title="bbox 106 719 1281 866">
     <span class='ocr_line' id='line_1_5' title="bbox 106 719 1281 865; baseline -0.003 -77"><span class='ocrx_word' id='word_1_32' title='bbox 106 720 282 865; x_wconf 38' lang='lat' dir='ltr'><strong>laudassett</strong></span> <span class='ocrx_word' id='word_1_33' title='bbox 309 719 351 783; x_wconf 89' lang='lat' dir='ltr'><strong>de</strong></span> <span class='ocrx_word' id='word_1_34' title='bbox 376 742 448 802; x_wconf 89' lang='lat' dir='ltr'><strong>sno,</strong></span> <span class='ocrx_word' id='word_1_35' title='bbox 482 723 609 785; x_wconf 81' lang='lat' dir='ltr'><strong>fractus</strong></span> <span class='ocrx_word' id='word_1_36' title='bbox 630 729 689 786; x_wconf 89' lang='lat' dir='ltr'><strong>est.</strong></span> <span class='ocrx_word' id='word_1_37' title='bbox 732 721 783 784; x_wconf 91' lang='lat' dir='ltr'><strong>De</strong></span> <span class='ocrx_word' id='word_1_38' title='bbox 815 724 912 784; x_wconf 89' lang='lat' dir='ltr'><strong>cuius</strong></span> <span class='ocrx_word' id='word_1_39' title='bbox 939 729 1143 785; x_wconf 84' lang='lat' dir='ltr'><strong>commutata</strong></span> <span class='ocrx_word' id='word_1_40' title='bbox 1169 729 1281 785; x_wconf 86' lang='lat' dir='ltr'><strong>mente</strong></span> 
     </span>
     <span class='ocr_line' id='line_1_6' title="bbox 128 821 984 866; baseline -0.005 0"><span class='ocrx_word' id='word_1_41' title='bbox 128 823 178 866; x_wconf 80' lang='lat' dir='ltr'><strong>sac</strong></span> <span class='ocrx_word' id='word_1_42' title='bbox 223 824 267 866; x_wconf 85' lang='lat' dir='ltr'><strong>1c1</strong></span> <span class='ocrx_word' id='word_1_43' title='bbox 283 823 340 865; x_wconf 77' lang='lat' dir='ltr'><strong>ur:</strong></span> <span class='ocrx_word' id='word_1_44' title='bbox 982 821 984 824; x_wconf 92' lang='lat'>·</span> 
     </span>
    </p>
   </div>
   <div class='ocr_carea' id='block_1_6' title="bbox 127 975 1282 1621">
    <p class='ocr_par' dir='ltr' id='par_1_6' title="bbox 129 975 1281 1127">
     <span class='ocr_line' id='line_1_7' title="bbox 130 975 1281 1057; baseline 0.003 -17"><span class='ocrx_word' id='word_1_45' title='bbox 130 983 231 1057; x_wconf 82' lang='lat' dir='ltr'><strong>steph.</strong></span> <span class='ocrx_word' id='word_1_46' title='bbox 257 983 342 1038; x_wconf 86' lang='lat' dir='ltr'><strong>Goth.</strong></span> <span class='ocrx_word' id='word_1_47' title='bbox 369 983 451 1037; x_wconf 84' lang='lat' dir='ltr'><strong>Brut.</strong></span> <span class='ocrx_word' id='word_1_48' title='bbox 474 981 599 1040; x_wconf 83' lang='lat' dir='ltr'><strong>HWotf.</strong></span> <span class='ocrx_word' id='word_1_49' title='bbox 626 978 707 1054; x_wconf 86' lang='lat' dir='ltr'><strong>sylb.</strong></span> <span class='ocrx_word' id='word_1_50' title='bbox 735 980 821 1040; x_wconf 77' lang='lat' dir='ltr'><strong>band.</strong></span> <span class='ocrx_word' id='word_1_51' title='bbox 841 981 914 1038; x_wconf 83' lang='lat' dir='ltr'><strong>Lall.</strong></span> <span class='ocrx_word' id='word_1_52' title='bbox 936 975 1010 1043; x_wconf 67' lang='lat' dir='ltr'><strong>olivss</strong></span> <span class='ocrx_word' id='word_1_53' title='bbox 1029 983 1175 1043; x_wconf 72' lang='lat' dir='ltr'><strong>FAWolf.</strong></span> <span class='ocrx_word' id='word_1_54' title='bbox 1204 1005 1281 1043; x_wconf 78' lang='lat' dir='ltr'><strong>rece.</strong></span> 
     </span>
     <span class='ocr_line' id='line_1_8' title="bbox 129 1053 1279 1127; baseline 0.002 -16"><span class='ocrx_word' id='word_1_55' title='bbox 129 1057 165 1111; x_wconf 88' lang='lat' dir='ltr'><strong>ln</strong></span> <span class='ocrx_word' id='word_1_56' title='bbox 183 1055 251 1110; x_wconf 84' lang='lat' dir='ltr'><strong>God.</strong></span> <span class='ocrx_word' id='word_1_57' title='bbox 270 1058 345 1109; x_wconf 83' lang='lat' dir='ltr'><strong>Mon.</strong></span> <span class='ocrx_word' id='word_1_58' title='bbox 364 1058 390 1117; x_wconf 76' lang='lat'><strong>2.</strong></span> <span class='ocrx_word' id='word_1_59' title='bbox 410 1064 440 1109; x_wconf 88' lang='lat' dir='ltr'><strong>et</strong></span> <span class='ocrx_word' id='word_1_60' title='bbox 456 1054 510 1107; x_wconf 80' lang='lat' dir='ltr'><strong>Ed.</strong></span> <span class='ocrx_word' id='word_1_61' title='bbox 529 1056 601 1108; x_wconf 81' lang='lat' dir='ltr'><strong>Ven.</strong></span> <span class='ocrx_word' id='word_1_62' title='bbox 621 1058 711 1108; x_wconf 80' lang='lat' dir='ltr'><strong>nostr.</strong></span> <span class='ocrx_word' id='word_1_63' title='bbox 737 1055 876 1108; x_wconf 81' lang='lat' dir='ltr'><strong>scribitur</strong></span> <span class='ocrx_word' id='word_1_64' title='bbox 900 1053 1031 1127; x_wconf 74' lang='lat' dir='ltr'><strong>inquiunt</strong></span> <span class='ocrx_word' id='word_1_65' title='bbox 1049 1057 1181 1113; x_wconf 76' lang='lat' dir='ltr'><strong>Crantor.</strong></span> <span class='ocrx_word' id='word_1_66' title='bbox 1218 1062 1279 1114; x_wconf 89' lang='lat' dir='ltr'><strong>Mr.</strong></span> 
     </span>
    </p>

    <p class='ocr_par' dir='ltr' id='par_1_7' title="bbox 127 1123 1282 1621">
     <span class='ocr_line' id='line_1_9' title="bbox 199 1123 1282 1200; baseline 0.004 -19"><span class='ocrx_word' id='word_1_67' title='bbox 199 1143 248 1181; x_wconf 85' lang='lat' dir='ltr'><strong>nec</strong></span> <span class='ocrx_word' id='word_1_68' title='bbox 270 1125 309 1178; x_wconf 85' lang='lat' dir='ltr'><strong>ee’</strong></span> <span class='ocrx_word' id='word_1_69' title='bbox 328 1124 426 1192; x_wconf 70' lang='lat' dir='ltr'><strong>resisti</strong></span> <span class='ocrx_word' id='word_1_70' title='bbox 445 1123 547 1194; x_wconf 76' lang='lat' dir='ltr'><strong>potest]</strong></span> <span class='ocrx_word' id='word_1_71' title='bbox 583 1123 656 1191; x_wconf 57' lang='lat' dir='ltr'><strong>„Ei</strong></span> <span class='ocrx_word' id='word_1_72' title='bbox 681 1125 758 1195; x_wconf 88' lang='lat' dir='ltr'><strong>quod</strong></span> <span class='ocrx_word' id='word_1_73' title='bbox 782 1125 815 1176; x_wconf 90' lang='lat' dir='ltr'><strong>in</strong></span> <span class='ocrx_word' id='word_1_74' title='bbox 837 1125 964 1200; x_wconf 78' lang='lat' dir='ltr'><strong>vulgatis</strong></span> <span class='ocrx_word' id='word_1_75' title='bbox 987 1127 1080 1194; x_wconf 81' lang='lat' dir='ltr'><strong>deest,</strong></span> <span class='ocrx_word' id='word_1_76' title='bbox 1117 1129 1148 1194; x_wconf 86' lang='lat' dir='ltr'><strong>in</strong></span> <span class='ocrx_word' id='word_1_77' title='bbox 1168 1131 1282 1185; x_wconf 62' lang='lat' dir='ltr'><strong>MSSfi,</strong></span> 
     </span>
     <span class='ocr_line' id='line_1_10' title="bbox 128 1195 1280 1274; baseline 0.007 -26"><span class='ocrx_word' id='word_1_78' title='bbox 128 1195 251 1264; x_wconf 84' lang='lat' dir='ltr'><strong>additur,</strong></span> <span class='ocrx_word' id='word_1_79' title='bbox 272 1205 302 1250; x_wconf 89' lang='lat' dir='ltr'><strong>et</strong></span> <span class='ocrx_word' id='word_1_80' title='bbox 320 1197 458 1250; x_wconf 87' lang='lat' dir='ltr'><strong>orationis</strong></span> <span class='ocrx_word' id='word_1_81' title='bbox 476 1196 716 1269; x_wconf 77' lang='lat' dir='ltr'><strong>perspicuitatem</strong></span> <span class='ocrx_word' id='word_1_82' title='bbox 733 1195 838 1262; x_wconf 68' lang='lat' dir='ltr'><strong>facit,“</strong></span> <span class='ocrx_word' id='word_1_83' title='bbox 848 1198 903 1250; x_wconf 73' lang='lat' dir='ltr'><strong>Fr.</strong></span> <span class='ocrx_word' id='word_1_84' title='bbox 923 1196 1009 1254; x_wconf 80' lang='lat' dir='ltr'><strong>Febr.</strong></span> <span class='ocrx_word' id='word_1_85' title='bbox 1037 1201 1159 1253; x_wconf 70' lang='lat' dir='ltr'><strong>liabent</strong></span> <span class='ocrx_word' id='word_1_86' title='bbox 1177 1218 1210 1255; x_wconf 88' lang='lat' dir='ltr'><strong>ue</strong></span> <span class='ocrx_word' id='word_1_87' title='bbox 1226 1216 1280 1274; x_wconf 88' lang='lat' dir='ltr'><strong>pro</strong></span> 
     </span>
     <span class='ocr_line' id='line_1_11' title="bbox 128 1265 1280 1337; baseline 0.004 -16"><span class='ocrx_word' id='word_1_88' title='bbox 128 1282 178 1321; x_wconf 82' lang='lat' dir='ltr'><strong>uec</strong></span> <span class='ocrx_word' id='word_1_89' title='bbox 194 1284 268 1320; x_wconf 81' lang='lat' dir='ltr'><strong>unus</strong></span> <span class='ocrx_word' id='word_1_90' title='bbox 286 1267 336 1320; x_wconf 84' lang='lat' dir='ltr'><strong>Ox.</strong></span> <span class='ocrx_word' id='word_1_91' title='bbox 362 1267 450 1321; x_wconf 88' lang='lat' dir='ltr'><strong>Marb.</strong></span> <span class='ocrx_word' id='word_1_92' title='bbox 475 1270 549 1321; x_wconf 85' lang='lat' dir='ltr'><strong>Mon.</strong></span> <span class='ocrx_word' id='word_1_93' title='bbox 569 1266 595 1320; x_wconf 97' lang='grc'><strong>2.</strong></span> <span class='ocrx_word' id='word_1_94' title='bbox 633 1265 713 1334; x_wconf 82' lang='lat' dir='ltr'><strong>Quod</strong></span> <span class='ocrx_word' id='word_1_95' title='bbox 739 1266 848 1321; x_wconf 84' lang='lat' dir='ltr'><strong>addidit</strong></span> <span class='ocrx_word' id='word_1_96' title='bbox 869 1269 1023 1321; x_wconf 82' lang='lat' dir='ltr'><strong>Lambinus</strong></span> <span class='ocrx_word' id='word_1_97' title='bbox 1056 1267 1108 1333; x_wconf 85' lang='lat' dir='ltr'><strong>(ex</strong></span> <span class='ocrx_word' id='word_1_98' title='bbox 1131 1271 1220 1337; x_wconf 72' lang='lat' dir='ltr'><strong>MSS,</strong></span> <span class='ocrx_word' id='word_1_99' title='bbox 1246 1281 1280 1326; x_wconf 90' lang='lat' dir='ltr'><strong>ut</strong></span> 
     </span>
     <span class='ocr_line' id='line_1_12' title="bbox 127 1336 1281 1415; baseline 0.006 -25"><span class='ocrx_word' id='word_1_100' title='bbox 127 1338 170 1390; x_wconf 80' lang='lat' dir='ltr'><strong>ait</strong></span> <span class='ocrx_word' id='word_1_101' title='bbox 187 1338 237 1395; x_wconf 80' lang='lat' dir='ltr'><strong>Fr.</strong></span> <span class='ocrx_word' id='word_1_102' title='bbox 256 1338 351 1406; x_wconf 81' lang='lat' dir='ltr'><strong>Fabr.)</strong></span> <span class='ocrx_word' id='word_1_103' title='bbox 370 1336 398 1392; x_wconf 70' lang='grc' dir='ltr'><strong>α’</strong></span> <span class='ocrx_word' id='word_1_104' title='bbox 414 1347 480 1409; x_wconf 88' lang='lat' dir='ltr'><strong>post</strong></span> <span class='ocrx_word' id='word_1_105' title='bbox 497 1354 555 1403; x_wconf 86' lang='lat' dir='ltr'><strong>uec,</strong></span> <span class='ocrx_word' id='word_1_106' title='bbox 573 1337 660 1391; x_wconf 86' lang='lat' dir='ltr'><strong>habet</strong></span> <span class='ocrx_word' id='word_1_107' title='bbox 678 1336 754 1390; x_wconf 84' lang='lat' dir='ltr'><strong>solus</strong></span> <span class='ocrx_word' id='word_1_108' title='bbox 772 1337 839 1391; x_wconf 76' lang='lat' dir='ltr'><strong>cod·</strong></span> <span class='ocrx_word' id='word_1_109' title='bbox 858 1337 954 1393; x_wconf 87' lang='lat' dir='ltr'><strong>Duisb.</strong></span> <span class='ocrx_word' id='word_1_110' title='bbox 991 1340 1118 1394; x_wconf 79' lang='lat' dir='ltr'><strong>blandius</strong></span> <span class='ocrx_word' id='word_1_111' title='bbox 1137 1342 1172 1396; x_wconf 90' lang='lat' dir='ltr'><strong>ad</strong></span> <span class='ocrx_word' id='word_1_112' title='bbox 1186 1344 1281 1415; x_wconf 88' lang='lat' dir='ltr'><strong>Wop-</strong></span> 
     </span>
     <span class='ocr_line' id='line_1_13' title="bbox 127 1406 1280 1482; baseline 0.006 -22"><span class='ocrx_word' id='word_1_113' title='bbox 127 1407 272 1475; x_wconf 81' lang='lat' dir='ltr'><strong>kensium,</strong></span> <span class='ocrx_word' id='word_1_114' title='bbox 291 1411 343 1478; x_wconf 84' lang='lat' dir='ltr'><strong>qui</strong></span> <span class='ocrx_word' id='word_1_115' title='bbox 360 1409 504 1478; x_wconf 82' lang='lat' dir='ltr'><strong>improbat</strong></span> <span class='ocrx_word' id='word_1_116' title='bbox 520 1407 550 1463; x_wconf 71' lang='grc' dir='ltr'><strong>εἰ</strong></span> <span class='ocrx_word' id='word_1_117' title='bbox 568 1409 705 1473; x_wconf 86' lang='lat' dir='ltr'><strong>additum,</strong></span> <span class='ocrx_word' id='word_1_118' title='bbox 733 1406 822 1478; x_wconf 88' lang='lat' dir='ltr'><strong>(quod</strong></span> <span class='ocrx_word' id='word_1_119' title='bbox 840 1424 893 1462; x_wconf 86' lang='lat' dir='ltr'><strong>nec</strong></span> <span class='ocrx_word' id='word_1_120' title='bbox 911 1414 962 1463; x_wconf 86' lang='lat' dir='ltr'><strong>nos</strong></span> <span class='ocrx_word' id='word_1_121' title='bbox 981 1412 1179 1482; x_wconf 84' lang='lat' dir='ltr'><strong>recipiendum</strong></span> <span class='ocrx_word' id='word_1_122' title='bbox 1197 1414 1280 1467; x_wconf 81' lang='lat' dir='ltr'><strong>duxi·</strong></span> 
     </span>
     <span class='ocr_line' id='line_1_14' title="bbox 128 1476 1280 1552; baseline 0.005 -20"><span class='ocrx_word' id='word_1_123' title='bbox 128 1497 200 1545; x_wconf 86' lang='lat' dir='ltr'><strong>mus,</strong></span> <span class='ocrx_word' id='word_1_124' title='bbox 219 1497 273 1533; x_wconf 89' lang='lat' dir='ltr'><strong>nec</strong></span> <span class='ocrx_word' id='word_1_125' title='bbox 290 1479 395 1533; x_wconf 85' lang='lat' dir='ltr'><strong>babent</strong></span> <span class='ocrx_word' id='word_1_126' title='bbox 413 1480 477 1544; x_wconf 77' lang='lat' dir='ltr'><strong>alii)</strong></span> <span class='ocrx_word' id='word_1_127' title='bbox 494 1498 522 1552; x_wconf 90' lang='lat' dir='ltr'><strong>p.</strong></span> <span class='ocrx_word' id='word_1_128' title='bbox 542 1481 609 1536; x_wconf 76' lang='lat'><strong>251:</strong></span> <span class='ocrx_word' id='word_1_129' title='bbox 629 1476 770 1545; x_wconf 75' lang='lat' dir='ltr'><strong>„Reat&#39;ete&#39;,</strong></span> <span class='ocrx_word' id='word_1_130' title='bbox 788 1479 839 1544; x_wconf 89' lang='lat' dir='ltr'><strong>ait,</strong></span> <span class='ocrx_word' id='word_1_131' title='bbox 859 1479 968 1533; x_wconf 87' lang='lat' dir='ltr'><strong>dicitur</strong></span> <span class='ocrx_word' id='word_1_132' title='bbox 986 1483 1112 1536; x_wconf 85' lang='lat' dir='ltr'><strong>neutrali</strong></span> <span class='ocrx_word' id='word_1_133' title='bbox 1136 1500 1228 1551; x_wconf 85' lang='lat' dir='ltr'><strong>sensu,</strong></span> <span class='ocrx_word' id='word_1_134' title='bbox 1246 1490 1280 1538; x_wconf 83' lang='lat' dir='ltr'><strong>ut</strong></span> 
     </span>
     <span class='ocr_line' id='line_1_15' title="bbox 127 1549 1005 1621; baseline 0 -18"><span class='ocrx_word' id='word_1_135' title='bbox 127 1567 209 1621; x_wconf 86' lang='lat' dir='ltr'><strong>saepe</strong></span> <span class='ocrx_word' id='word_1_136' title='bbox 227 1550 292 1603; x_wconf 82' lang='lat' dir='ltr'><strong>fit.‘·</strong></span> <span class='ocrx_word' id='word_1_137' title='bbox 312 1549 378 1604; x_wconf 81' lang='lat' dir='ltr'><strong>cod.</strong></span> <span class='ocrx_word' id='word_1_138' title='bbox 400 1550 473 1603; x_wconf 89' lang='lat' dir='ltr'><strong>Gud.</strong></span> <span class='ocrx_word' id='word_1_139' title='bbox 493 1554 519 1607; x_wconf 85' lang='grc'><strong>2.</strong></span> <span class='ocrx_word' id='word_1_140' title='bbox 537 1550 718 1618; x_wconf 79' lang='lat' dir='ltr'><strong>habetpoter</strong></span> <span class='ocrx_word' id='word_1_141' title='bbox 735 1565 789 1619; x_wconf 89' lang='lat' dir='ltr'><strong>pro</strong></span> <span class='ocrx_word' id='word_1_142' title='bbox 805 1555 907 1618; x_wconf 82' lang='lat' dir='ltr'><strong>potest.</strong></span> <span class='ocrx_word' id='word_1_143' title='bbox 944 1551 1005 1604; x_wconf 83' lang='lat' dir='ltr'><strong>Mr.</strong></span> 
     </span>
    </p>
   </div>
   <div class='ocr_carea' id='block_1_7' title="bbox 197 1632 1281 1708">
    <p class='ocr_par' dir='ltr' id='par_1_8' title="bbox 197 1632 1281 1708">
     <span class='ocr_line' id='line_1_16' title="bbox 197 1632 1281 1708; baseline 0.003 -17"><span class='ocrx_word' id='word_1_144' title='bbox 197 1639 298 1708; x_wconf 80' lang='lat' dir='ltr'><strong>ltaque</strong></span> <span class='ocrx_word' id='word_1_145' title='bbox 318 1636 415 1693; x_wconf 76' lang='lat' dir='ltr'><strong>Oileus</strong></span> <span class='ocrx_word' id='word_1_146' title='bbox 432 1632 483 1690; x_wconf 77' lang='lat' dir='ltr'><strong>e&#39;lie</strong></span> <span class='ocrx_word' id='word_1_147' title='bbox 501 1638 576 1707; x_wconf 84' lang='lat' dir='ltr'><strong>apud</strong></span> <span class='ocrx_word' id='word_1_148' title='bbox 592 1634 763 1706; x_wconf 66' lang='lat' dir='ltr'><strong>Sophoclem]</strong></span> <span class='ocrx_word' id='word_1_149' title='bbox 799 1637 844 1698; x_wconf 87' lang='lat' dir='ltr'><strong>Ad</strong></span> <span class='ocrx_word' id='word_1_150' title='bbox 861 1638 1033 1691; x_wconf 84' lang='lat' dir='ltr'><strong>sententiam</strong></span> <span class='ocrx_word' id='word_1_151' title='bbox 1051 1639 1111 1693; x_wconf 89' lang='lat' dir='ltr'><strong>loci</strong></span> <span class='ocrx_word' id='word_1_152' title='bbox 1129 1643 1204 1693; x_wconf 84' lang='lat' dir='ltr'><strong>conf.</strong></span> <span class='ocrx_word' id='word_1_153' title='bbox 1225 1640 1281 1694; x_wconf 84' lang='lat' dir='ltr'><strong>Te-</strong></span> 
     </span>
    </p>
   </div>
   <div class='ocr_carea' id='block_1_8' title="bbox 117 1705 1362 1849">
    <p class='ocr_par' dir='ltr' id='par_1_9' title="bbox 117 1705 1362 1849">
     <span class='ocr_line' id='line_1_17' title="bbox 117 1705 1360 1780; baseline 0.002 -18"><span class='ocrx_word' id='word_1_154' title='bbox 117 1717 203 1762; x_wconf 84' lang='lat' dir='ltr'><strong>rent.</strong></span> <span class='ocrx_word' id='word_1_155' title='bbox 223 1709 313 1763; x_wconf 79' lang='lat' dir='ltr'><strong>Andr.</strong></span> <span class='ocrx_word' id='word_1_156' title='bbox 332 1711 370 1761; x_wconf 87' lang='lat'><strong>11.</strong></span> <span class='ocrx_word' id='word_1_157' title='bbox 392 1713 415 1764; x_wconf 92' lang='lat' dir='ltr'><strong>l.</strong></span> <span class='ocrx_word' id='word_1_158' title='bbox 436 1711 467 1762; x_wconf 84' lang='lat'><strong>9:</strong></span> <span class='ocrx_word' id='word_1_159' title='bbox 488 1705 585 1761; x_wconf 80' lang='lat' dir='ltr'><strong>Facile</strong></span> <span class='ocrx_word' id='word_1_160' title='bbox 604 1720 699 1760; x_wconf 77' lang='lat' dir='ltr'><strong>omues</strong></span> <span class='ocrx_word' id='word_1_161' title='bbox 716 1725 776 1761; x_wconf 86' lang='lat' dir='ltr'><strong>eum</strong></span> <span class='ocrx_word' id='word_1_162' title='bbox 793 1710 923 1773; x_wconf 82' lang='lat' dir='ltr'><strong>calemus,</strong></span> <span class='ocrx_word' id='word_1_163' title='bbox 946 1705 1024 1763; x_wconf 78' lang='lat' dir='ltr'><strong>rectu</strong></span> <span class='ocrx_word' id='word_1_164' title='bbox 1042 1712 1157 1764; x_wconf 68' lang='lat' dir='ltr'><strong>ceaulin</strong></span> <span class='ocrx_word' id='word_1_165' title='bbox 1177 1728 1280 1780; x_wconf 81' lang='lat' dir='ltr'><strong>oegro-</strong></span> <span class='ocrx_word' id='word_1_166' title='bbox 1359 1765 1360 1770; x_wconf 70' lang='grc'>,</span> 
     </span>
     <span class='ocr_line' id='line_1_18' title="bbox 127 1776 1362 1849; baseline 0.002 -17"><span class='ocrx_word' id='word_1_167' title='bbox 127 1778 168 1833; x_wconf 80' lang='lat' dir='ltr'><strong>tie</strong></span> <span class='ocrx_word' id='word_1_168' title='bbox 187 1781 293 1834; x_wconf 75' lang='lat' dir='ltr'><strong>demur.</strong></span> <span class='ocrx_word' id='word_1_169' title='bbox 333 1780 373 1831; x_wconf 86' lang='lat' dir='ltr'><strong>Tu</strong></span> <span class='ocrx_word' id='word_1_170' title='bbox 391 1779 419 1832; x_wconf 78' lang='lat' dir='ltr'><strong>ai</strong></span> <span class='ocrx_word' id='word_1_171' title='bbox 435 1776 482 1830; x_wconf 80' lang='lat' dir='ltr'><strong>lu‘c</strong></span> <span class='ocrx_word' id='word_1_172' title='bbox 499 1777 551 1844; x_wconf 75' lang='lat' dir='ltr'><strong>eie,</strong></span> <span class='ocrx_word' id='word_1_173' title='bbox 570 1777 659 1831; x_wconf 79' lang='lat' dir='ltr'><strong>aliter</strong></span> <span class='ocrx_word' id='word_1_174' title='bbox 676 1793 797 1831; x_wconf 74' lang='lat' dir='ltr'><strong>cenaeus.</strong></span> <span class='ocrx_word' id='word_1_175' title='bbox 830 1779 974 1832; x_wconf 79' lang='lat' dir='ltr'><strong>scribitur</strong></span> <span class='ocrx_word' id='word_1_176' title='bbox 992 1779 1086 1849; x_wconf 80' lang='lat' dir='ltr'><strong>itupue</strong></span> <span class='ocrx_word' id='word_1_177' title='bbox 1104 1790 1138 1835; x_wconf 87' lang='lat' dir='ltr'><strong>et</strong></span> <span class='ocrx_word' id='word_1_178' title='bbox 1157 1783 1280 1836; x_wconf 77' lang='lat' dir='ltr'><strong>Oleiua</strong></span> <span class='ocrx_word' id='word_1_179' title='bbox 1360 1779 1362 1783; x_wconf 68' lang='grc'>’</span> 
     </span>
    </p>
   </div>
   <div class='ocr_carea' id='block_1_9' title="bbox 126 1847 1279 1979">
    <p class='ocr_par' dir='ltr' id='par_1_10' title="bbox 126 1847 1279 1979">
     <span class='ocr_line' id='line_1_19' title="bbox 128 1847 1278 1927; baseline 0.006 -27"><span class='ocrx_word' id='word_1_180' title='bbox 128 1850 162 1901; x_wconf 90' lang='lat' dir='ltr'><strong>in</strong></span> <span class='ocrx_word' id='word_1_181' title='bbox 180 1853 254 1904; x_wconf 87' lang='lat' dir='ltr'><strong>lllon.</strong></span> <span class='ocrx_word' id='word_1_182' title='bbox 272 1854 300 1916; x_wconf 74' lang='grc'><strong>2,</strong></span> <span class='ocrx_word' id='word_1_183' title='bbox 320 1847 421 1920; x_wconf 78' lang='lat' dir='ltr'><strong>Oyleua</strong></span> <span class='ocrx_word' id='word_1_184' title='bbox 432 1848 472 1899; x_wconf 58' lang='lat' dir='ltr'><strong>*in</strong></span> <span class='ocrx_word' id='word_1_185' title='bbox 490 1847 593 1913; x_wconf 83' lang='lat' dir='ltr'><strong>Marb.;</strong></span> <span class='ocrx_word' id='word_1_186' title='bbox 606 1849 713 1917; x_wconf 66' lang='lat' dir='ltr'><strong>ltaque</strong></span> <span class='ocrx_word' id='word_1_187' title='bbox 731 1865 805 1901; x_wconf 86' lang='lat' dir='ltr'><strong>cum</strong></span> <span class='ocrx_word' id='word_1_188' title='bbox 825 1849 922 1902; x_wconf 77' lang='lat' dir='ltr'><strong>Oileus</strong></span> <span class='ocrx_word' id='word_1_189' title='bbox 941 1850 972 1902; x_wconf 89' lang='lat' dir='ltr'><strong>in</strong></span> <span class='ocrx_word' id='word_1_190' title='bbox 981 1851 1047 1910; x_wconf 75' lang='lat' dir='ltr'><strong>Gud.</strong></span> <span class='ocrx_word' id='word_1_191' title='bbox 1067 1853 1141 1927; x_wconf 76' lang='lat' dir='ltr'><strong>Aug.</strong></span> <span class='ocrx_word' id='word_1_192' title='bbox 1157 1855 1228 1906; x_wconf 85' lang='lat' dir='ltr'><strong>Edd.</strong></span> <span class='ocrx_word' id='word_1_193' title='bbox 1248 1857 1278 1907; x_wconf 83' lang='lat' dir='ltr'><strong>P.</strong></span> 
     </span>
     <span class='ocr_line' id='line_1_20' title="bbox 126 1918 1279 1979; baseline 0.004 -7"><span class='ocrx_word' id='word_1_194' title='bbox 126 1919 162 1972; x_wconf 83' lang='lat' dir='ltr'><strong>A.</strong></span> <span class='ocrx_word' id='word_1_195' title='bbox 182 1922 212 1973; x_wconf 94' lang='lat' dir='ltr'><strong>B.</strong></span> <span class='ocrx_word' id='word_1_196' title='bbox 233 1921 262 1975; x_wconf 89' lang='lat' dir='ltr'><strong>S.</strong></span> <span class='ocrx_word' id='word_1_197' title='bbox 280 1923 315 1974; x_wconf 85' lang='grc' dir='ltr'><strong>Ε.</strong></span> <span class='ocrx_word' id='word_1_198' title='bbox 336 1923 417 1974; x_wconf 75' lang='lat' dir='ltr'><strong>tunt.</strong></span> <span class='ocrx_word' id='word_1_199' title='bbox 437 1920 507 1972; x_wconf 86' lang='lat' dir='ltr'><strong>Ven.</strong></span> <span class='ocrx_word' id='word_1_200' title='bbox 527 1926 618 1972; x_wconf 83' lang='lat' dir='ltr'><strong>nostr.</strong></span> <span class='ocrx_word' id='word_1_201' title='bbox 638 1918 702 1970; x_wconf 88' lang='lat' dir='ltr'><strong>Asc.</strong></span> <span class='ocrx_word' id='word_1_202' title='bbox 716 1924 738 1973; x_wconf 93' lang='lat' dir='ltr'><strong>l.</strong></span> <span class='ocrx_word' id='word_1_203' title='bbox 750 1921 776 1974; x_wconf 92' lang='grc'><strong>2.</strong></span> <span class='ocrx_word' id='word_1_204' title='bbox 797 1921 832 1973; x_wconf 90' lang='lat' dir='ltr'><strong>In</strong></span> <span class='ocrx_word' id='word_1_205' title='bbox 849 1922 930 1979; x_wconf 81' lang='lat' dir='ltr'><strong>Junt.</strong></span> <span class='ocrx_word' id='word_1_206' title='bbox 952 1928 981 1973; x_wconf 91' lang='lat' dir='ltr'><strong>et</strong></span> <span class='ocrx_word' id='word_1_207' title='bbox 998 1918 1062 1974; x_wconf 87' lang='lat' dir='ltr'><strong>Asc.</strong></span> <span class='ocrx_word' id='word_1_208' title='bbox 1083 1925 1279 1977; x_wconf 73' lang='lat' dir='ltr'><strong>2--omittitur</strong></span> 
     </span>
    </p>
   </div>
   <div class='ocr_carea' id='block_1_10' title="bbox 1320 1184 1330 1214">
    <p class='ocr_par' dir='ltr' id='par_1_11' title="bbox 1320 1184 1330 1214">
     <span class='ocr_line' id='line_1_21' title="bbox 1320 1184 1330 1214; baseline 0 0"><span class='ocrx_word' id='word_1_209' title='bbox 1320 1184 1330 1214; x_wconf 74' lang='lat' dir='ltr'><strong>l</strong></span> 
     </span>
    </p>
   </div>
   <div class='ocr_carea' id='block_1_11' title="bbox 126 1987 1392 2060">
    <p class='ocr_par' dir='ltr' id='par_1_12' title="bbox 126 1987 1392 2060">
     <span class='ocr_line' id='line_1_22' title="bbox 126 1987 1392 2060; baseline 0.002 -16"><span class='ocrx_word' id='word_1_210' title='bbox 126 1989 186 2044; x_wconf 83' lang='lat' dir='ltr'><strong>t&#39;lle.</strong></span> <span class='ocrx_word' id='word_1_211' title='bbox 223 1994 288 2047; x_wconf 84' lang='lat' dir='ltr'><strong>Post</strong></span> <span class='ocrx_word' id='word_1_212' title='bbox 306 1988 466 2060; x_wconf 70' lang='lat' dir='ltr'><strong>Sophoclem</strong></span> <span class='ocrx_word' id='word_1_213' title='bbox 484 1989 624 2050; x_wconf 84' lang='lat' dir='ltr'><strong>omittunt</strong></span> <span class='ocrx_word' id='word_1_214' title='bbox 642 1987 692 2058; x_wconf 76' lang='lat' dir='ltr'><strong>que&#39;</strong></span> <span class='ocrx_word' id='word_1_215' title='bbox 708 1991 780 2043; x_wconf 84' lang='lat' dir='ltr'><strong>Edd.</strong></span> <span class='ocrx_word' id='word_1_216' title='bbox 799 1989 833 2043; x_wconf 87' lang='lat' dir='ltr'><strong>A.</strong></span> <span class='ocrx_word' id='word_1_217' title='bbox 852 1991 883 2042; x_wconf 86' lang='lat' dir='ltr'><strong>B.</strong></span> <span class='ocrx_word' id='word_1_218' title='bbox 903 1988 932 2045; x_wconf 87' lang='lat' dir='ltr'><strong>S.</strong></span> <span class='ocrx_word' id='word_1_219' title='bbox 952 1991 986 2044; x_wconf 84' lang='lat' dir='ltr'><strong>E.</strong></span> <span class='ocrx_word' id='word_1_220' title='bbox 1006 1993 1076 2044; x_wconf 89' lang='lat' dir='ltr'><strong>Ven.</strong></span> <span class='ocrx_word' id='word_1_221' title='bbox 1097 2002 1185 2045; x_wconf 83' lang='lat' dir='ltr'><strong>nostr.</strong></span> <span class='ocrx_word' id='word_1_222' title='bbox 1196 1996 1279 2048; x_wconf 88' lang='lat' dir='ltr'><strong>Jnnt.</strong></span> <span class='ocrx_word' id='word_1_223' title='bbox 1388 2005 1392 2012; x_wconf 92' lang='grc'><em>·</em></span> 
     </span>
    </p>
   </div>
   <div class='ocr_carea' id='block_1_12' title="bbox 125 2057 1280 2346">
    <p class='ocr_par' dir='ltr' id='par_1_13' title="bbox 125 2057 1280 2346">
     <span class='ocr_line' id='line_1_23' title="bbox 125 2057 1279 2133; baseline -0.003 -14"><span class='ocrx_word' id='word_1_224' title='bbox 125 2060 190 2133; x_wconf 67' lang='lat' dir='ltr'><strong>Aac·</strong></span> <span class='ocrx_word' id='word_1_225' title='bbox 211 2067 235 2119; x_wconf 88' lang='lat'><strong>1.</strong></span> <span class='ocrx_word' id='word_1_226' title='bbox 248 2066 280 2118; x_wconf 81' lang='grc'><strong>’2.</strong></span> <span class='ocrx_word' id='word_1_227' title='bbox 301 2064 378 2133; x_wconf 88' lang='lat' dir='ltr'><strong>quod</strong></span> <span class='ocrx_word' id='word_1_228' title='bbox 395 2060 533 2115; x_wconf 89' lang='lat' dir='ltr'><strong>videlicet</strong></span> <span class='ocrx_word' id='word_1_229' title='bbox 551 2060 647 2114; x_wconf 88' lang='lat' dir='ltr'><strong>addito</strong></span> <span class='ocrx_word' id='word_1_230' title='bbox 665 2060 719 2113; x_wconf 89' lang='lat' dir='ltr'><strong>illo</strong></span> <span class='ocrx_word' id='word_1_231' title='bbox 738 2078 800 2114; x_wconf 75' lang='lat' dir='ltr'><strong>uena</strong></span> <span class='ocrx_word' id='word_1_232' title='bbox 817 2057 998 2115; x_wconf 80' lang='lat' dir='ltr'><strong>redundabat.</strong></span> <span class='ocrx_word' id='word_1_233' title='bbox 1027 2061 1165 2115; x_wconf 86' lang='lat' dir='ltr'><strong>Additum</strong></span> <span class='ocrx_word' id='word_1_234' title='bbox 1182 2072 1279 2116; x_wconf 89' lang='lat' dir='ltr'><strong>autem</strong></span> 
     </span>
     <span class='ocr_line' id='line_1_24' title="bbox 126 2131 1279 2205; baseline -0.001 -18"><span class='ocrx_word' id='word_1_235' title='bbox 126 2139 170 2187; x_wconf 76' lang='lat' dir='ltr'><strong>eet</strong></span> <span class='ocrx_word' id='word_1_236' title='bbox 186 2150 247 2188; x_wconf 85' lang='lat' dir='ltr'><strong>cum</strong></span> <span class='ocrx_word' id='word_1_237' title='bbox 263 2134 297 2187; x_wconf 87' lang='lat' dir='ltr'><strong>ab</strong></span> <span class='ocrx_word' id='word_1_238' title='bbox 315 2133 351 2186; x_wconf 86' lang='lat' dir='ltr'><strong>iis</strong></span> <span class='ocrx_word' id='word_1_239' title='bbox 370 2131 590 2198; x_wconf 80' lang='lat' dir='ltr'><strong>correctoribus,</strong></span> <span class='ocrx_word' id='word_1_240' title='bbox 609 2131 736 2200; x_wconf 88' lang='lat' dir='ltr'><strong>quinon</strong></span> <span class='ocrx_word' id='word_1_241' title='bbox 754 2140 968 2203; x_wconf 82' lang='lat' dir='ltr'><strong>concoquerent</strong></span> <span class='ocrx_word' id='word_1_242' title='bbox 991 2149 1113 2202; x_wconf 86' lang='lat' dir='ltr'><strong>sequens</strong></span> <span class='ocrx_word' id='word_1_243' title='bbox 1137 2135 1170 2188; x_wconf 79' lang='lat' dir='ltr'><strong>e&#39;a</strong></span> <span class='ocrx_word' id='word_1_244' title='bbox 1188 2151 1279 2205; x_wconf 83' lang='lat' dir='ltr'><strong>quum,</strong></span> 
     </span>
     <span class='ocr_line' id='line_1_25' title="bbox 126 2201 1280 2328; baseline 0.001 -71"><span class='ocrx_word' id='word_1_245' title='bbox 126 2213 277 2275; x_wconf 84' lang='lat' dir='ltr'><strong>postquam</strong></span> <span class='ocrx_word' id='word_1_246' title='bbox 294 2203 459 2328; x_wconf 82' lang='lat' dir='ltr'><strong>praecessit·</strong></span> <span class='ocrx_word' id='word_1_247' title='bbox 473 2202 572 2256; x_wconf 76' lang='lat' dir='ltr'><strong>Oileus</strong></span> <span class='ocrx_word' id='word_1_248' title='bbox 597 2202 655 2269; x_wconf 73' lang='lat' dir='ltr'><strong>itte,</strong></span> <span class='ocrx_word' id='word_1_249' title='bbox 680 2219 852 2273; x_wconf 86' lang='lat' dir='ltr'><strong>quamquam</strong></span> <span class='ocrx_word' id='word_1_250' title='bbox 881 2220 914 2256; x_wconf 90' lang='lat' dir='ltr'><strong>eo</strong></span> <span class='ocrx_word' id='word_1_251' title='bbox 941 2201 1108 2256; x_wconf 83' lang='lat' dir='ltr'><strong>subiectum</strong></span> <span class='ocrx_word' id='word_1_252' title='bbox 1126 2206 1280 2281; x_wconf 79' lang='lat' dir='ltr'><strong>elegantis-</strong></span> 
     </span>
     <span class='ocr_line' id='line_1_26' title="bbox 126 2271 1280 2346; baseline 0.002 -19"><span class='ocrx_word' id='word_1_253' title='bbox 126 2276 199 2328; x_wconf 88' lang='lat' dir='ltr'><strong>sime</strong></span> <span class='ocrx_word' id='word_1_254' title='bbox 215 2283 280 2346; x_wconf 87' lang='lat' dir='ltr'><strong>post</strong></span> <span class='ocrx_word' id='word_1_255' title='bbox 310 2291 346 2328; x_wconf 94' lang='lat' dir='ltr'><strong>on</strong></span> <span class='ocrx_word' id='word_1_256' title='bbox 367 2275 459 2328; x_wconf 88' lang='lat' dir='ltr'><strong>iorem</strong></span> <span class='ocrx_word' id='word_1_257' title='bbox 483 2274 655 2326; x_wconf 84' lang='lat' dir='ltr'><strong>sententiam</strong></span> <span class='ocrx_word' id='word_1_258' title='bbox 674 2271 859 2328; x_wconf 83' lang='lat' dir='ltr'><strong>interiectam</strong></span> <span class='ocrx_word' id='word_1_259' title='bbox 884 2274 1039 2345; x_wconf 88' lang='lat' dir='ltr'><strong>repetitur.</strong></span> <span class='ocrx_word' id='word_1_260' title='bbox 1071 2276 1134 2327; x_wconf 85' lang='lat' dir='ltr'><strong>Vid.</strong></span> <span class='ocrx_word' id='word_1_261' title='bbox 1154 2276 1189 2329; x_wconf 89' lang='lat' dir='ltr'><strong>A.</strong></span> <span class='ocrx_word' id='word_1_262' title='bbox 1209 2279 1280 2329; x_wconf 85' lang='lat' dir='ltr'><strong>Mat-</strong></span> 
     </span>
    </p>
   </div>
   <div class='ocr_carea' id='block_1_13' title="bbox 125 2342 1307 2415">
    <p class='ocr_par' dir='ltr' id='par_1_14' title="bbox 125 2342 1307 2415">
     <span class='ocr_line' id='line_1_27' title="bbox 125 2342 1307 2415; baseline 0.001 -17"><span class='ocrx_word' id='word_1_263' title='bbox 125 2344 205 2398; x_wconf 85' lang='lat' dir='ltr'><strong>thiae</strong></span> <span class='ocrx_word' id='word_1_264' title='bbox 231 2343 266 2397; x_wconf 81' lang='lat' dir='ltr'><strong>in¹</strong></span> <span class='ocrx_word' id='word_1_265' title='bbox 286 2345 337 2398; x_wconf 71' lang='grc' dir='ltr'><strong>ΕΑ</strong></span> <span class='ocrx_word' id='word_1_266' title='bbox 380 2345 443 2398; x_wconf 87' lang='lat' dir='ltr'><strong>olfii</strong></span> <span class='ocrx_word' id='word_1_267' title='bbox 465 2343 609 2404; x_wconf 81' lang='lat' dir='ltr'><strong>Analectt.</strong></span> <span class='ocrx_word' id='word_1_268' title='bbox 637 2342 707 2396; x_wconf 82' lang='lat' dir='ltr'><strong>Litt.</strong></span> <span class='ocrx_word' id='word_1_269' title='bbox 728 2343 770 2401; x_wconf 77' lang='grc' dir='ltr'><strong>ΙΙ.</strong></span> <span class='ocrx_word' id='word_1_270' title='bbox 801 2362 830 2413; x_wconf 92' lang='lat' dir='ltr'><strong>p.</strong></span> <span class='ocrx_word' id='word_1_271' title='bbox 860 2347 901 2400; x_wconf 88' lang='lat'><strong>16.</strong></span> <span class='ocrx_word' id='word_1_272' title='bbox 949 2344 1085 2398; x_wconf 86' lang='lat' dir='ltr'><strong>Ceterum</strong></span> <span class='ocrx_word' id='word_1_273' title='bbox 1114 2347 1307 2415; x_wconf 54' lang='lat' dir='ltr'><strong>Telamonis,</strong></span> 
     </span>
    </p>
   </div>
   <div class='ocr_carea' id='block_1_14' title="bbox 123 2413 1279 2914">
    <p class='ocr_par' dir='ltr' id='par_1_15' title="bbox 125 2413 1278 2690">
     <span class='ocr_line' id='line_1_28' title="bbox 126 2413 1278 2487; baseline 0.001 -18"><span class='ocrx_word' id='word_1_274' title='bbox 126 2415 260 2486; x_wconf 84' lang='lat' dir='ltr'><strong>exemplo</strong></span> <span class='ocrx_word' id='word_1_275' title='bbox 284 2433 370 2486; x_wconf 84' lang='lat' dir='ltr'><strong>supra</strong></span> <span class='ocrx_word' id='word_1_276' title='bbox 395 2414 482 2469; x_wconf 85' lang='lat' dir='ltr'><strong>etiam</strong></span> <span class='ocrx_word' id='word_1_277' title='bbox 504 2431 561 2487; x_wconf 82' lang='lat' dir='ltr'><strong>non</strong></span> <span class='ocrx_word' id='word_1_278' title='bbox 586 2413 674 2468; x_wconf 91' lang='lat' dir='ltr'><strong>semel</strong></span> <span class='ocrx_word' id='word_1_279' title='bbox 697 2432 762 2465; x_wconf 84' lang='lat' dir='ltr'><strong>usus</strong></span> <span class='ocrx_word' id='word_1_280' title='bbox 786 2423 829 2468; x_wconf 89' lang='lat' dir='ltr'><strong>cst</strong></span> <span class='ocrx_word' id='word_1_281' title='bbox 847 2414 964 2468; x_wconf 83' lang='lat' dir='ltr'><strong>Cicero:</strong></span> <span class='ocrx_word' id='word_1_282' title='bbox 992 2415 1058 2468; x_wconf 90' lang='lat' dir='ltr'><strong>vide</strong></span> <span class='ocrx_word' id='word_1_283' title='bbox 1085 2416 1157 2470; x_wconf 87' lang='lat' dir='ltr'><strong>licet</strong></span> <span class='ocrx_word' id='word_1_284' title='bbox 1175 2420 1212 2472; x_wconf 89' lang='lat'><strong>11.</strong></span> <span class='ocrx_word' id='word_1_285' title='bbox 1230 2421 1278 2474; x_wconf 83' lang='grc'><strong>24.</strong></span> 
     </span>
     <span class='ocr_line' id='line_1_29' title="bbox 126 2485 1278 2558; baseline 0.004 -20"><span class='ocrx_word' id='word_1_286' title='bbox 126 2489 171 2542; x_wconf 80' lang='lat'><strong>58.</strong></span> <span class='ocrx_word' id='word_1_287' title='bbox 191 2504 252 2558; x_wconf 89' lang='lat' dir='ltr'><strong>cap.</strong></span> <span class='ocrx_word' id='word_1_288' title='bbox 273 2487 316 2552; x_wconf 81' lang='lat'><strong>18,</strong></span> <span class='ocrx_word' id='word_1_289' title='bbox 334 2491 377 2545; x_wconf 80' lang='grc'><strong>39.</strong></span> <span class='ocrx_word' id='word_1_290' title='bbox 398 2502 458 2555; x_wconf 86' lang='lat' dir='ltr'><strong>cup.</strong></span> <span class='ocrx_word' id='word_1_291' title='bbox 480 2487 524 2549; x_wconf 82' lang='lat'><strong>13,</strong></span> <span class='ocrx_word' id='word_1_292' title='bbox 541 2486 585 2542; x_wconf 83' lang='grc'><strong>28.</strong></span> <span class='ocrx_word' id='word_1_293' title='bbox 623 2486 677 2536; x_wconf 84' lang='lat' dir='ltr'><strong>Pro</strong></span> <span class='ocrx_word' id='word_1_294' title='bbox 695 2490 776 2538; x_wconf 80' lang='lat' dir='ltr'><strong>antea</strong></span> <span class='ocrx_word' id='word_1_295' title='bbox 795 2491 922 2538; x_wconf 81' lang='lat' dir='ltr'><strong>estante</strong></span> <span class='ocrx_word' id='word_1_296' title='bbox 945 2485 977 2537; x_wconf 89' lang='lat' dir='ltr'><strong>in</strong></span> <span class='ocrx_word' id='word_1_297' title='bbox 994 2485 1066 2538; x_wconf 85' lang='lat' dir='ltr'><strong>Edd.</strong></span> <span class='ocrx_word' id='word_1_298' title='bbox 1095 2489 1123 2539; x_wconf 80' lang='grc' dir='ltr'><strong>Ρ.</strong></span> <span class='ocrx_word' id='word_1_299' title='bbox 1143 2487 1176 2539; x_wconf 89' lang='lat' dir='ltr'><strong>A.</strong></span> <span class='ocrx_word' id='word_1_300' title='bbox 1196 2490 1227 2541; x_wconf 87' lang='lat' dir='ltr'><strong>B.</strong></span> <span class='ocrx_word' id='word_1_301' title='bbox 1249 2489 1278 2547; x_wconf 88' lang='lat' dir='ltr'><strong>S.</strong></span> 
     </span>
     <span class='ocr_line' id='line_1_30' title="bbox 125 2554 1278 2628; baseline 0.003 -17"><span class='ocrx_word' id='word_1_302' title='bbox 125 2558 161 2611; x_wconf 86' lang='lat' dir='ltr'><strong>E.</strong></span> <span class='ocrx_word' id='word_1_303' title='bbox 186 2557 218 2610; x_wconf 83' lang='lat' dir='ltr'><strong>G.</strong></span> <span class='ocrx_word' id='word_1_304' title='bbox 247 2559 327 2611; x_wconf 87' lang='lat' dir='ltr'><strong>Junt.</strong></span> <span class='ocrx_word' id='word_1_305' title='bbox 359 2559 430 2610; x_wconf 82' lang='lat' dir='ltr'><strong>Ven.</strong></span> <span class='ocrx_word' id='word_1_306' title='bbox 461 2554 558 2608; x_wconf 71' lang='lat' dir='ltr'><strong>nostr.</strong></span> <span class='ocrx_word' id='word_1_307' title='bbox 581 2555 645 2608; x_wconf 90' lang='lat' dir='ltr'><strong>Asc.</strong></span> <span class='ocrx_word' id='word_1_308' title='bbox 673 2559 697 2609; x_wconf 91' lang='lat'><strong>1.</strong></span> <span class='ocrx_word' id='word_1_309' title='bbox 726 2557 751 2610; x_wconf 85' lang='grc'><strong>2.</strong></span> <span class='ocrx_word' id='word_1_310' title='bbox 788 2556 870 2610; x_wconf 86' lang='lat' dir='ltr'><strong>Unus</strong></span> <span class='ocrx_word' id='word_1_311' title='bbox 897 2556 949 2610; x_wconf 76' lang='lat' dir='ltr'><strong>Ox.</strong></span> <span class='ocrx_word' id='word_1_312' title='bbox 983 2555 1070 2610; x_wconf 86' lang='lat' dir='ltr'><strong>habet</strong></span> <span class='ocrx_word' id='word_1_313' title='bbox 1103 2557 1278 2628; x_wconf 78' lang='lat' dir='ltr'><strong>Telamone,</strong></span> 
     </span>
     <span class='ocr_line' id='line_1_31' title="bbox 125 2625 871 2690; baseline -0.004 -9"><span class='ocrx_word' id='word_1_314' title='bbox 125 2631 203 2683; x_wconf 87' lang='lat' dir='ltr'><strong>lllon.</strong></span> <span class='ocrx_word' id='word_1_315' title='bbox 222 2629 248 2684; x_wconf 88' lang='grc'><strong>2.</strong></span> <span class='ocrx_word' id='word_1_316' title='bbox 268 2628 447 2690; x_wconf 76' lang='lat' dir='ltr'><strong>consulatue</strong></span> <span class='ocrx_word' id='word_1_317' title='bbox 466 2629 547 2680; x_wconf 79' lang='lat' dir='ltr'><strong>earet.</strong></span> <span class='ocrx_word' id='word_1_318' title='bbox 586 2625 648 2680; x_wconf 83' lang='lat' dir='ltr'><strong>Mr.</strong></span> <span class='ocrx_word' id='word_1_319' title='bbox 870 2630 871 2633; x_wconf 76' lang='grc'>’</span> 
     </span>
    </p>

    <p class='ocr_par' dir='ltr' id='par_1_16' title="bbox 123 2695 1279 2914">
     <span class='ocr_line' id='line_1_32' title="bbox 127 2695 1278 2784; baseline 0.004 -34"><span class='ocrx_word' id='word_1_320' title='bbox 127 2695 129 2700; x_wconf 77' lang='grc'>’</span> <span class='ocrx_word' id='word_1_321' title='bbox 195 2697 223 2763; x_wconf 73' lang='lat' dir='ltr'><strong>ia</strong></span> <span class='ocrx_word' id='word_1_322' title='bbox 247 2715 308 2752; x_wconf 89' lang='lat' dir='ltr'><strong>cum</strong></span> <span class='ocrx_word' id='word_1_323' title='bbox 331 2700 458 2754; x_wconf 52' lang='lat' dir='ltr'><strong>numeret</strong></span> <span class='ocrx_word' id='word_1_324' title='bbox 482 2699 517 2750; x_wconf 80' lang='lat' dir='ltr'><strong>de</strong></span> <span class='ocrx_word' id='word_1_325' title='bbox 540 2697 622 2764; x_wconf 84' lang='lat' dir='ltr'><strong>auo]</strong></span> <span class='ocrx_word' id='word_1_326' title='bbox 658 2697 764 2762; x_wconf 84' lang='lat' dir='ltr'><strong>„Quod</strong></span> <span class='ocrx_word' id='word_1_327' title='bbox 789 2713 857 2752; x_wconf 76' lang='lat' dir='ltr'><strong>eatur</strong></span> <span class='ocrx_word' id='word_1_328' title='bbox 883 2702 962 2751; x_wconf 76' lang='lat' dir='ltr'><strong>esset.</strong></span> <span class='ocrx_word' id='word_1_329' title='bbox 984 2729 1017 2742; x_wconf 91' lang='lat'>-</span> <span class='ocrx_word' id='word_1_330' title='bbox 1055 2696 1129 2754; x_wconf 79' lang='lat' dir='ltr'><strong>Cave</strong></span> <span class='ocrx_word' id='word_1_331' title='bbox 1155 2697 1278 2784; x_wconf 75' lang='lat' dir='ltr'><strong>proinde</strong></span> 
     </span>
     <span class='ocr_line' id='line_1_33' title="bbox 124 2768 1279 2840; baseline 0.004 -18"><span class='ocrx_word' id='word_1_332' title='bbox 124 2769 221 2823; x_wconf 83' lang='lat' dir='ltr'><strong>audias</strong></span> <span class='ocrx_word' id='word_1_333' title='bbox 238 2770 307 2823; x_wconf 87' lang='lat' dir='ltr'><strong>Pall.</strong></span> <span class='ocrx_word' id='word_1_334' title='bbox 326 2788 371 2840; x_wconf 88' lang='lat' dir='ltr'><strong>pr.</strong></span> <span class='ocrx_word' id='word_1_335' title='bbox 392 2768 484 2840; x_wconf 89' lang='lat' dir='ltr'><strong>quint.</strong></span> <span class='ocrx_word' id='word_1_336' title='bbox 505 2768 589 2821; x_wconf 85' lang='lat' dir='ltr'><strong>Fabr.</strong></span> <span class='ocrx_word' id='word_1_337' title='bbox 607 2769 669 2833; x_wconf 80' lang='lat' dir='ltr'><strong>filio</strong></span> <span class='ocrx_word' id='word_1_338' title='bbox 687 2768 862 2822; x_wconf 87' lang='lat' dir='ltr'><strong>mutantes.“</strong></span> <span class='ocrx_word' id='word_1_339' title='bbox 880 2768 963 2823; x_wconf 73' lang='lat' dir='ltr'><strong>Gella.</strong></span> <span class='ocrx_word' id='word_1_340' title='bbox 1001 2769 1091 2836; x_wconf 87' lang='lat' dir='ltr'><strong>„Duo</strong></span> <span class='ocrx_word' id='word_1_341' title='bbox 1118 2771 1216 2839; x_wconf 80' lang='lat' dir='ltr'><strong>Lerdd.</strong></span> <span class='ocrx_word' id='word_1_342' title='bbox 1234 2773 1279 2836; x_wconf 51' lang='lat' dir='ltr'><strong>,de</strong></span> 
     </span>
     <span class='ocr_line' id='line_1_34' title="bbox 123 2839 1279 2914; baseline 0.002 -20"><span class='ocrx_word' id='word_1_343' title='bbox 123 2843 197 2908; x_wconf 69' lang='lat' dir='ltr'><strong>filios</strong></span> <span class='ocrx_word' id='word_1_344' title='bbox 219 2840 269 2894; x_wconf 87' lang='lat' dir='ltr'><strong>sed</strong></span> <span class='ocrx_word' id='word_1_345' title='bbox 291 2840 363 2894; x_wconf 87' lang='lat' dir='ltr'><strong>haec</strong></span> <span class='ocrx_word' id='word_1_346' title='bbox 389 2849 432 2893; x_wconf 87' lang='lat' dir='ltr'><strong>est</strong></span> <span class='ocrx_word' id='word_1_347' title='bbox 453 2840 547 2914; x_wconf 81' lang='lat' dir='ltr'><strong>glossa</strong></span> <span class='ocrx_word' id='word_1_348' title='bbox 568 2839 722 2892; x_wconf 88' lang='lat' dir='ltr'><strong>verborum</strong></span> <span class='ocrx_word' id='word_1_349' title='bbox 748 2840 783 2892; x_wconf 84' lang='lat' dir='ltr'><strong>de</strong></span> <span class='ocrx_word' id='word_1_350' title='bbox 806 2855 873 2893; x_wconf 68' lang='lat' dir='ltr'><strong>auor</strong></span> <span class='ocrx_word' id='word_1_351' title='bbox 903 2841 1039 2894; x_wconf 84' lang='lat' dir='ltr'><strong>Ceterum</strong></span> <span class='ocrx_word' id='word_1_352' title='bbox 1056 2841 1124 2894; x_wconf 86' lang='lat' dir='ltr'><strong>satis</strong></span> <span class='ocrx_word' id='word_1_353' title='bbox 1148 2843 1212 2896; x_wconf 88' lang='lat' dir='ltr'><strong>veri</strong></span> <span class='ocrx_word' id='word_1_354' title='bbox 1236 2852 1279 2896; x_wconf 88' lang='lat' dir='ltr'><strong>est</strong></span> 
     </span>
    </p>
   </div>
   <div class='ocr_carea' id='block_1_15' title="bbox 123 2905 1304 2987">
    <p class='ocr_par' dir='ltr' id='par_1_17' title="bbox 123 2905 1304 2987">
     <span class='ocr_line' id='line_1_35' title="bbox 123 2905 1304 2987; baseline 0.004 -23"><span class='ocrx_word' id='word_1_355' title='bbox 123 2911 230 2964; x_wconf 71' lang='lat' dir='ltr'><strong>similis</strong></span> <span class='ocrx_word' id='word_1_356' title='bbox 249 2911 415 2987; x_wconf 62' lang='lat' dir='ltr'><strong>coniectura</strong></span> <span class='ocrx_word' id='word_1_357' title='bbox 431 2910 541 2962; x_wconf 84' lang='lat' dir='ltr'><strong>Davisii</strong></span> <span class='ocrx_word' id='word_1_358' title='bbox 560 2907 658 2979; x_wconf 88' lang='lat' dir='ltr'><strong>[quam</strong></span> <span class='ocrx_word' id='word_1_359' title='bbox 676 2911 788 2980; x_wconf 83' lang='lat' dir='ltr'><strong>recepit</strong></span> <span class='ocrx_word' id='word_1_360' title='bbox 805 2910 838 2961; x_wconf 87' lang='lat' dir='ltr'><strong>in</strong></span> <span class='ocrx_word' id='word_1_361' title='bbox 854 2909 907 2963; x_wconf 81' lang='lat' dir='ltr'><strong>Ed.</strong></span> <span class='ocrx_word' id='word_1_362' title='bbox 927 2911 967 2978; x_wconf 82' lang='grc'><strong>2.]</strong></span> <span class='ocrx_word' id='word_1_363' title='bbox 994 2905 1030 2966; x_wconf 75' lang='lat' dir='ltr'><strong>de</strong></span> <span class='ocrx_word' id='word_1_364' title='bbox 1047 2913 1133 2966; x_wconf 78' lang='lat' dir='ltr'><strong>eui.“</strong></span> <span class='ocrx_word' id='word_1_365' title='bbox 1167 2912 1259 2968; x_wconf 71' lang='lat' dir='ltr'><strong>Boub-</strong></span> <span class='ocrx_word' id='word_1_366' title='bbox 1302 2973 1304 2983; x_wconf 37' lang='lat'><strong>¹</strong></span> 
     </span>
    </p>
   </div>
   <div class='ocr_carea' id='block_1_16' title="bbox 122 3004 1279 3782">
    <p class='ocr_par' dir='ltr' id='par_1_18' title="bbox 122 3004 1279 3354">
     <span class='ocr_line' id='line_1_36' title="bbox 194 3004 1274 3081; baseline -0.001 -21"><span class='ocrx_word' id='word_1_367' title='bbox 194 3007 331 3061; x_wconf 61' lang='lat' dir='ltr'><strong>nituisset</strong></span> <span class='ocrx_word' id='word_1_368' title='bbox 349 3007 383 3061; x_wconf 81' lang='lat' dir='ltr'><strong>de</strong></span> <span class='ocrx_word' id='word_1_369' title='bbox 400 3007 462 3074; x_wconf 89' lang='lat' dir='ltr'><strong>suo]</strong></span> <span class='ocrx_word' id='word_1_370' title='bbox 498 3008 576 3081; x_wconf 76' lang='lat' dir='ltr'><strong>Lego</strong></span> <span class='ocrx_word' id='word_1_371' title='bbox 596 3008 631 3059; x_wconf 84' lang='lat' dir='ltr'><strong>de</strong></span> <span class='ocrx_word' id='word_1_372' title='bbox 648 3006 702 3070; x_wconf 85' lang='lat' dir='ltr'><strong>eui,</strong></span> <span class='ocrx_word' id='word_1_373' title='bbox 721 3013 815 3058; x_wconf 78' lang='lat' dir='ltr'><strong>rnorte</strong></span> <span class='ocrx_word' id='word_1_374' title='bbox 832 3004 981 3058; x_wconf 88' lang='lat' dir='ltr'><strong>videlicet.</strong></span> <span class='ocrx_word' id='word_1_375' title='bbox 1020 3004 1072 3058; x_wconf 86' lang='lat' dir='ltr'><strong>Sic</strong></span> <span class='ocrx_word' id='word_1_376' title='bbox 1088 3006 1166 3058; x_wconf 77' lang='lat' dir='ltr'><strong>infra</strong></span> <span class='ocrx_word' id='word_1_377' title='bbox 1185 3024 1209 3059; x_wconf 92' lang='lat' dir='ltr'><strong>c.</strong></span> <span class='ocrx_word' id='word_1_378' title='bbox 1229 3007 1274 3063; x_wconf 74' lang='grc'><strong>23.</strong></span> 
     </span>
     <span class='ocr_line' id='line_1_37' title="bbox 123 3075 1277 3144; baseline 0.001 -15"><span class='ocrx_word' id='word_1_379' title='bbox 123 3076 234 3144; x_wconf 81' lang='lat' dir='ltr'><strong>Altera,</strong></span> <span class='ocrx_word' id='word_1_380' title='bbox 261 3083 287 3128; x_wconf 85' lang='lat' dir='ltr'><strong>et</strong></span> <span class='ocrx_word' id='word_1_381' title='bbox 312 3078 347 3129; x_wconf 84' lang='lat' dir='ltr'><strong>de</strong></span> <span class='ocrx_word' id='word_1_382' title='bbox 370 3077 508 3130; x_wconf 74' lang='lat' dir='ltr'><strong>communi</strong></span> <span class='ocrx_word' id='word_1_383' title='bbox 532 3076 695 3129; x_wconf 84' lang='lat' dir='ltr'><strong>conditione</strong></span> <span class='ocrx_word' id='word_1_384' title='bbox 718 3076 802 3140; x_wconf 75' lang='lat' dir='ltr'><strong>ottae,</strong></span> <span class='ocrx_word' id='word_1_385' title='bbox 836 3081 863 3128; x_wconf 85' lang='lat' dir='ltr'><strong>et</strong></span> <span class='ocrx_word' id='word_1_386' title='bbox 885 3075 1010 3143; x_wconf 80' lang='lat' dir='ltr'><strong>proprie,</strong></span> <span class='ocrx_word' id='word_1_387' title='bbox 1036 3077 1063 3129; x_wconf 81' lang='lat' dir='ltr'><strong>u·</strong></span> <span class='ocrx_word' id='word_1_388' title='bbox 1085 3076 1154 3144; x_wconf 82' lang='lat' dir='ltr'><strong>quid</strong></span> <span class='ocrx_word' id='word_1_389' title='bbox 1178 3077 1217 3130; x_wconf 80' lang='lat' dir='ltr'><strong>eit</strong></span> <span class='ocrx_word' id='word_1_390' title='bbox 1242 3079 1277 3131; x_wconf 88' lang='lat' dir='ltr'><strong>de</strong></span> 
     </span>
     <span class='ocr_line' id='line_1_38' title="bbox 124 3144 1279 3218; baseline -0.001 -18"><span class='ocrx_word' id='word_1_391' title='bbox 124 3147 224 3218; x_wconf 87' lang='lat' dir='ltr'><strong>ipsius,</strong></span> <span class='ocrx_word' id='word_1_392' title='bbox 249 3146 297 3217; x_wconf 82' lang='lat' dir='ltr'><strong>qut&#39;</strong></span> <span class='ocrx_word' id='word_1_393' title='bbox 322 3153 453 3213; x_wconf 83' lang='lat' dir='ltr'><strong>moereat,</strong></span> <span class='ocrx_word' id='word_1_394' title='bbox 480 3144 686 3217; x_wconf 75' lang='lat' dir='ltr'><strong>disputandum,</strong></span> <span class='ocrx_word' id='word_1_395' title='bbox 724 3145 779 3199; x_wconf 86' lang='lat' dir='ltr'><strong>Sic·</strong></span> <span class='ocrx_word' id='word_1_396' title='bbox 797 3153 826 3198; x_wconf 91' lang='lat' dir='ltr'><strong>et</strong></span> <span class='ocrx_word' id='word_1_397' title='bbox 843 3146 913 3197; x_wconf 90' lang='lat' dir='ltr'><strong>alibi</strong></span> <span class='ocrx_word' id='word_1_398' title='bbox 936 3147 1051 3215; x_wconf 78' lang='lat' dir='ltr'><strong>passim.</strong></span> <span class='ocrx_word' id='word_1_399' title='bbox 1089 3148 1212 3199; x_wconf 85' lang='lat' dir='ltr'><strong>Haesere</strong></span> <span class='ocrx_word' id='word_1_400' title='bbox 1236 3155 1279 3200; x_wconf 87' lang='lat' dir='ltr'><strong>ta·</strong></span> 
     </span>
     <span class='ocr_line' id='line_1_39' title="bbox 123 3215 1276 3287; baseline -0.003 -15"><span class='ocrx_word' id='word_1_401' title='bbox 123 3237 193 3272; x_wconf 92' lang='lat' dir='ltr'><strong>men</strong></span> <span class='ocrx_word' id='word_1_402' title='bbox 210 3219 350 3272; x_wconf 84' lang='lat' dir='ltr'><strong>Librarii:</strong></span> <span class='ocrx_word' id='word_1_403' title='bbox 370 3236 436 3270; x_wconf 89' lang='lat' dir='ltr'><strong>nam</strong></span> <span class='ocrx_word' id='word_1_404' title='bbox 453 3217 570 3271; x_wconf 76' lang='lat' dir='ltr'><strong>Eliens:</strong></span> <span class='ocrx_word' id='word_1_405' title='bbox 581 3234 626 3287; x_wconf 88' lang='lat' dir='ltr'><strong>pr.</strong></span> <span class='ocrx_word' id='word_1_406' title='bbox 645 3215 760 3268; x_wconf 88' lang='lat' dir='ltr'><strong>Balliol.</strong></span> <span class='ocrx_word' id='word_1_407' title='bbox 781 3215 897 3268; x_wconf 72' lang='lat' dir='ltr'><strong>et&#39;Bak.</strong></span> <span class='ocrx_word' id='word_1_408' title='bbox 917 3216 986 3269; x_wconf 89' lang='lat' dir='ltr'><strong>dant</strong></span> <span class='ocrx_word' id='word_1_409' title='bbox 1003 3217 1038 3269; x_wconf 79' lang='lat' dir='ltr'><strong>de</strong></span> <span class='ocrx_word' id='word_1_410' title='bbox 1054 3215 1127 3282; x_wconf 77' lang='lat' dir='ltr'><strong>filio.</strong></span> <span class='ocrx_word' id='word_1_411' title='bbox 1144 3240 1146 3244; x_wconf 95' lang='lat'>·</span> <span class='ocrx_word' id='word_1_412' title='bbox 1164 3217 1276 3270; x_wconf 80' lang='lat' dir='ltr'><strong>Elieus.</strong></span> 
     </span>
     <span class='ocr_line' id='line_1_40' title="bbox 122 3284 832 3354; baseline -0.001 -12"><span class='ocrx_word' id='word_1_413' title='bbox 122 3299 221 3344; x_wconf 81' lang='lat' dir='ltr'><strong>autem</strong></span> <span class='ocrx_word' id='word_1_414' title='bbox 239 3307 295 3345; x_wconf 87' lang='lat' dir='ltr'><strong>seo.</strong></span> <span class='ocrx_word' id='word_1_415' title='bbox 315 3290 350 3342; x_wconf 82' lang='lat' dir='ltr'><strong>de</strong></span> <span class='ocrx_word' id='word_1_416' title='bbox 368 3305 419 3342; x_wconf 82' lang='lat' dir='ltr'><strong>eun</strong></span> <span class='ocrx_word' id='word_1_417' title='bbox 436 3284 507 3354; x_wconf 69' lang='lat' dir='ltr'><strong>fillo.</strong></span> <span class='ocrx_word' id='word_1_418' title='bbox 545 3289 581 3342; x_wconf 85' lang='lat' dir='ltr'><strong>D.</strong></span> <span class='ocrx_word' id='word_1_419' title='bbox 829 3327 832 3332; x_wconf 87' lang='lat'>-</span> 
     </span>
    </p>

    <p class='ocr_par' dir='ltr' id='par_1_19' title="bbox 122 3357 1278 3782">
     <span class='ocr_line' id='line_1_41' title="bbox 194 3357 1277 3426; baseline -0.003 -12"><span class='ocrx_word' id='word_1_420' title='bbox 194 3377 254 3414; x_wconf 87' lang='lat' dir='ltr'><strong>cum</strong></span> <span class='ocrx_word' id='word_1_421' title='bbox 280 3360 406 3413; x_wconf 77' lang='lat' dir='ltr'><strong>audieret</strong></span> <span class='ocrx_word' id='word_1_422' title='bbox 430 3362 465 3414; x_wconf 82' lang='lat' dir='ltr'><strong>de</strong></span> <span class='ocrx_word' id='word_1_423' title='bbox 488 3359 550 3426; x_wconf 82' lang='lat' dir='ltr'><strong>auo]</strong></span> <span class='ocrx_word' id='word_1_424' title='bbox 587 3359 678 3421; x_wconf 83' lang='lat' dir='ltr'><strong>„lmo</strong></span> <span class='ocrx_word' id='word_1_425' title='bbox 701 3358 734 3412; x_wconf 82' lang='lat' dir='ltr'><strong>de</strong></span> <span class='ocrx_word' id='word_1_426' title='bbox 751 3372 817 3410; x_wconf 81' lang='lat' dir='ltr'><strong>auu</strong></span> <span class='ocrx_word' id='word_1_427' title='bbox 840 3373 879 3408; x_wconf 81' lang='lat' dir='ltr'><strong>ac.</strong></span> <span class='ocrx_word' id='word_1_428' title='bbox 905 3363 1018 3412; x_wconf 77' lang='lat' dir='ltr'><strong>morter</strong></span> <span class='ocrx_word' id='word_1_429' title='bbox 1044 3364 1094 3410; x_wconf 90' lang='lat' dir='ltr'><strong>aut</strong></span> <span class='ocrx_word' id='word_1_430' title='bbox 1108 3357 1277 3411; x_wconf 83' lang='lat' dir='ltr'><strong>addendum</strong></span> 
     </span>
     <span class='ocr_line' id='line_1_42' title="bbox 123 3427 1278 3498; baseline -0.001 -15"><span class='ocrx_word' id='word_1_431' title='bbox 123 3431 184 3498; x_wconf 75' lang='lat' dir='ltr'><strong>filie</strong></span> <span class='ocrx_word' id='word_1_432' title='bbox 205 3449 241 3486; x_wconf 81' lang='lat' dir='ltr'><strong>ex</strong></span> <span class='ocrx_word' id='word_1_433' title='bbox 264 3433 317 3485; x_wconf 86' lang='lat' dir='ltr'><strong>Ed.</strong></span> <span class='ocrx_word' id='word_1_434' title='bbox 345 3433 426 3485; x_wconf 86' lang='lat' dir='ltr'><strong>Juut.</strong></span> <span class='ocrx_word' id='word_1_435' title='bbox 456 3438 485 3484; x_wconf 92' lang='lat' dir='ltr'><strong>et</strong></span> <span class='ocrx_word' id='word_1_436' title='bbox 503 3430 562 3484; x_wconf 84' lang='lat' dir='ltr'><strong>MS.</strong></span> <span class='ocrx_word' id='word_1_437' title='bbox 589 3430 711 3493; x_wconf 80' lang='lat' dir='ltr'><strong>Eliensi,</strong></span> <span class='ocrx_word' id='word_1_438' title='bbox 737 3427 813 3482; x_wconf 88' lang='lat' dir='ltr'><strong>illud</strong></span> <span class='ocrx_word' id='word_1_439' title='bbox 838 3428 974 3482; x_wconf 87' lang='lat' dir='ltr'><strong>melius.“</strong></span> <span class='ocrx_word' id='word_1_440' title='bbox 996 3427 1065 3497; x_wconf 81' lang='lat' dir='ltr'><strong>Erre,</strong></span> <span class='ocrx_word' id='word_1_441' title='bbox 1102 3428 1278 3485; x_wconf 87' lang='lat' dir='ltr'><strong>Dormitavit</strong></span> 
     </span>
     <span class='ocr_line' id='line_1_43' title="bbox 122 3497 1277 3573; baseline 0 -19"><span class='ocrx_word' id='word_1_442' title='bbox 122 3503 207 3569; x_wconf 76' lang='lat' dir='ltr'><strong>Ern,</strong></span> <span class='ocrx_word' id='word_1_443' title='bbox 226 3504 332 3556; x_wconf 79' lang='lat' dir='ltr'><strong>rnerito</strong></span> <span class='ocrx_word' id='word_1_444' title='bbox 354 3501 545 3573; x_wconf 81' lang='lat' dir='ltr'><strong>reprehensus</strong></span> <span class='ocrx_word' id='word_1_445' title='bbox 563 3501 620 3554; x_wconf 89' lang='lat' dir='ltr'><strong>iam</strong></span> <span class='ocrx_word' id='word_1_446' title='bbox 642 3519 659 3554; x_wconf 88' lang='lat' dir='ltr'><strong>a</strong></span> <span class='ocrx_word' id='word_1_447' title='bbox 676 3500 822 3554; x_wconf 75' lang='lat' dir='ltr'><strong>Nisseuior</strong></span> <span class='ocrx_word' id='word_1_448' title='bbox 855 3500 947 3565; x_wconf 85' lang='lat' dir='ltr'><strong>Quare</strong></span> <span class='ocrx_word' id='word_1_449' title='bbox 965 3500 1067 3552; x_wconf 88' lang='lat' dir='ltr'><strong>mirari</strong></span> <span class='ocrx_word' id='word_1_450' title='bbox 1094 3497 1168 3554; x_wconf 86' lang='lat' dir='ltr'><strong>licet</strong></span> <span class='ocrx_word' id='word_1_451' title='bbox 1186 3500 1277 3554; x_wconf 85' lang='lat' dir='ltr'><strong>Scbli·</strong></span> 
     </span>
     <span class='ocr_line' id='line_1_44' title="bbox 123 3564 1278 3646; baseline -0.003 -18"><span class='ocrx_word' id='word_1_452' title='bbox 123 3575 216 3628; x_wconf 82' lang='lat' dir='ltr'><strong>tzium</strong></span> <span class='ocrx_word' id='word_1_453' title='bbox 242 3574 331 3627; x_wconf 91' lang='lat' dir='ltr'><strong>tacite</strong></span> <span class='ocrx_word' id='word_1_454' title='bbox 357 3564 505 3644; x_wconf 74' lang='lat' dir='ltr'><strong>recepisse</strong></span> <span class='ocrx_word' id='word_1_455' title='bbox 522 3572 599 3626; x_wconf 87' lang='lat' dir='ltr'><strong>illud</strong></span> <span class='ocrx_word' id='word_1_456' title='bbox 623 3587 686 3638; x_wconf 78' lang='lat' dir='ltr'><strong>rua,</strong></span> <span class='ocrx_word' id='word_1_457' title='bbox 717 3571 808 3646; x_wconf 77' lang='lat' dir='ltr'><strong>magis</strong></span> <span class='ocrx_word' id='word_1_458' title='bbox 835 3571 922 3623; x_wconf 85' lang='lat' dir='ltr'><strong>etiam</strong></span> <span class='ocrx_word' id='word_1_459' title='bbox 949 3569 1026 3622; x_wconf 88' lang='lat' dir='ltr'><strong>idem</strong></span> <span class='ocrx_word' id='word_1_460' title='bbox 1049 3571 1160 3623; x_wconf 85' lang='lat' dir='ltr'><strong>factum</strong></span> <span class='ocrx_word' id='word_1_461' title='bbox 1184 3589 1278 3625; x_wconf 75' lang='lat' dir='ltr'><strong>essee</strong></span> 
     </span>
     <span class='ocr_line' id='line_1_45' title="bbox 122 3640 1277 3716; baseline 0 -22"><span class='ocrx_word' id='word_1_462' title='bbox 122 3643 242 3696; x_wconf 91' lang='lat' dir='ltr'><strong>Nobbio.</strong></span> <span class='ocrx_word' id='word_1_463' title='bbox 263 3644 311 3697; x_wconf 88' lang='lat' dir='ltr'><strong>Or.</strong></span> <span class='ocrx_word' id='word_1_464' title='bbox 330 3644 442 3716; x_wconf 86' lang='lat' dir='ltr'><strong>recepit</strong></span> <span class='ocrx_word' id='word_1_465' title='bbox 459 3643 570 3696; x_wconf 86' lang='lat' dir='ltr'><strong>Davisii</strong></span> <span class='ocrx_word' id='word_1_466' title='bbox 589 3644 785 3697; x_wconf 86' lang='lat' dir='ltr'><strong>coniecturam</strong></span> <span class='ocrx_word' id='word_1_467' title='bbox 804 3643 838 3696; x_wconf 81' lang='lat' dir='ltr'><strong>de</strong></span> <span class='ocrx_word' id='word_1_468' title='bbox 861 3643 936 3706; x_wconf 71' lang='lat' dir='ltr'><strong>eui,</strong></span> <span class='ocrx_word' id='word_1_469' title='bbox 965 3657 1050 3710; x_wconf 87' lang='lat' dir='ltr'><strong>quam</strong></span> <span class='ocrx_word' id='word_1_470' title='bbox 1075 3641 1136 3711; x_wconf 84' lang='lat' dir='ltr'><strong>ipse</strong></span> <span class='ocrx_word' id='word_1_471' title='bbox 1153 3641 1223 3695; x_wconf 88' lang='lat' dir='ltr'><strong>Dav.</strong></span> <span class='ocrx_word' id='word_1_472' title='bbox 1244 3640 1277 3694; x_wconf 90' lang='lat' dir='ltr'><strong>in</strong></span> 
     </span>
     <span class='ocr_line' id='line_1_46' title="bbox 122 3711 1277 3782; baseline 0 -16"><span class='ocrx_word' id='word_1_473' title='bbox 122 3713 176 3766; x_wconf 88' lang='lat' dir='ltr'><strong>Ed.</strong></span> <span class='ocrx_word' id='word_1_474' title='bbox 197 3717 223 3768; x_wconf 82' lang='lat'><strong>3.</strong></span> <span class='ocrx_word' id='word_1_475' title='bbox 242 3730 399 3767; x_wconf 88' lang='lat' dir='ltr'><strong>nonausus</strong></span> <span class='ocrx_word' id='word_1_476' title='bbox 418 3715 510 3767; x_wconf 83' lang='lat' dir='ltr'><strong>estin</strong></span> <span class='ocrx_word' id='word_1_477' title='bbox 533 3715 690 3769; x_wconf 87' lang='lat' dir='ltr'><strong>verborum</strong></span> <span class='ocrx_word' id='word_1_478' title='bbox 712 3713 818 3767; x_wconf 85' lang='lat' dir='ltr'><strong>seriem</strong></span> <span class='ocrx_word' id='word_1_479' title='bbox 838 3711 970 3782; x_wconf 87' lang='lat' dir='ltr'><strong>recipere</strong></span> <span class='ocrx_word' id='word_1_480' title='bbox 978 3729 988 3763; x_wconf 78' lang='lat' dir='ltr'><strong>r·</strong></span> <span class='ocrx_word' id='word_1_481' title='bbox 1012 3721 1186 3782; x_wconf 86' lang='lat' dir='ltr'><strong>receperunt</strong></span> <span class='ocrx_word' id='word_1_482' title='bbox 1204 3713 1277 3766; x_wconf 88' lang='lat' dir='ltr'><strong>item</strong></span> 
     </span>
    </p>
   </div>
   <div class='ocr_carea' id='block_1_17' title="bbox 123 3781 1386 3859">
    <p class='ocr_par' dir='ltr' id='par_1_20' title="bbox 123 3781 1386 3859">
     <span class='ocr_line' id='line_1_47' title="bbox 123 3781 1386 3859; baseline 0.002 -23"><span class='ocrx_word' id='word_1_483' title='bbox 123 3782 226 3840; x_wconf 85' lang='lat' dir='ltr'><strong>FAW.</strong></span> <span class='ocrx_word' id='word_1_484' title='bbox 247 3790 276 3838; x_wconf 88' lang='lat' dir='ltr'><strong>et</strong></span> <span class='ocrx_word' id='word_1_485' title='bbox 293 3784 365 3837; x_wconf 76' lang='lat' dir='ltr'><strong>Tm.</strong></span> <span class='ocrx_word' id='word_1_486' title='bbox 398 3786 461 3859; x_wconf 77' lang='lat' dir='ltr'><strong>Ego</strong></span> <span class='ocrx_word' id='word_1_487' title='bbox 487 3785 566 3839; x_wconf 88' lang='lat' dir='ltr'><strong>idem</strong></span> <span class='ocrx_word' id='word_1_488' title='bbox 592 3785 667 3838; x_wconf 84' lang='lat' dir='ltr'><strong>mibi</strong></span> <span class='ocrx_word' id='word_1_489' title='bbox 693 3783 785 3839; x_wconf 84' lang='lat' dir='ltr'><strong>licere</strong></span> <span class='ocrx_word' id='word_1_490' title='bbox 815 3799 874 3836; x_wconf 90' lang='lat' dir='ltr'><strong>non</strong></span> <span class='ocrx_word' id='word_1_491' title='bbox 891 3781 1068 3850; x_wconf 75' lang='lat' dir='ltr'><strong>¹existimavi,</strong></span> <span class='ocrx_word' id='word_1_492' title='bbox 1096 3799 1163 3836; x_wconf 90' lang='lat' dir='ltr'><strong>cum</strong></span> <span class='ocrx_word' id='word_1_493' title='bbox 1181 3785 1277 3855; x_wconf 85' lang='lat' dir='ltr'><strong>neque</strong></span> <span class='ocrx_word' id='word_1_494' title='bbox 1384 3788 1386 3794; x_wconf 76' lang='grc'>’</span> 
     </span>
    </p>
   </div>
   <div class='ocr_carea' id='block_1_18' title="bbox 122 3853 1276 4494">
    <p class='ocr_par' dir='ltr' id='par_1_21' title="bbox 122 3853 1276 4494">
     <span class='ocr_line' id='line_1_48' title="bbox 123 3853 1275 3928; baseline 0.003 -23"><span class='ocrx_word' id='word_1_495' title='bbox 123 3855 202 3906; x_wconf 86' lang='lat' dir='ltr'><strong>nllus</strong></span> <span class='ocrx_word' id='word_1_496' title='bbox 220 3855 354 3907; x_wconf 83' lang='lat' dir='ltr'><strong>assentiat</strong></span> <span class='ocrx_word' id='word_1_497' title='bbox 371 3855 455 3922; x_wconf 89' lang='lat' dir='ltr'><strong>liber,</strong></span> <span class='ocrx_word' id='word_1_498' title='bbox 475 3865 504 3908; x_wconf 90' lang='lat' dir='ltr'><strong>et</strong></span> <span class='ocrx_word' id='word_1_499' title='bbox 521 3857 581 3928; x_wconf 84' lang='lat' dir='ltr'><strong>ipsa</strong></span> <span class='ocrx_word' id='word_1_500' title='bbox 599 3855 743 3911; x_wconf 83' lang='lat' dir='ltr'><strong>librorum</strong></span> <span class='ocrx_word' id='word_1_501' title='bbox 761 3855 938 3926; x_wconf 88' lang='lat' dir='ltr'><strong>optimorum</strong></span> <span class='ocrx_word' id='word_1_502' title='bbox 956 3853 1044 3907; x_wconf 88' lang='lat' dir='ltr'><strong>lectio</strong></span> <span class='ocrx_word' id='word_1_503' title='bbox 1069 3853 1208 3908; x_wconf 86' lang='lat' dir='ltr'><strong>eiusmodi</strong></span> <span class='ocrx_word' id='word_1_504' title='bbox 1226 3856 1275 3923; x_wconf 84' lang='lat' dir='ltr'><strong>sit,</strong></span> 
     </span>
     <span class='ocr_line' id='line_1_49' title="bbox 123 3917 1276 3996; baseline 0 -18"><span class='ocrx_word' id='word_1_505' title='bbox 123 3934 158 3978; x_wconf 90' lang='lat' dir='ltr'><strong>nt</strong></span> <span class='ocrx_word' id='word_1_506' title='bbox 176 3942 356 3996; x_wconf 87' lang='lat' dir='ltr'><strong>nequaquam</strong></span> <span class='ocrx_word' id='word_1_507' title='bbox 372 3926 530 3978; x_wconf 87' lang='lat' dir='ltr'><strong>necessaria</strong></span> <span class='ocrx_word' id='word_1_508' title='bbox 545 3928 678 3981; x_wconf 82' lang='lat' dir='ltr'><strong>videatur</strong></span> <span class='ocrx_word' id='word_1_509' title='bbox 696 3927 847 3980; x_wconf 87' lang='lat' dir='ltr'><strong>correctio.</strong></span> <span class='ocrx_word' id='word_1_510' title='bbox 876 3917 1021 3995; x_wconf 83' lang='lat' dir='ltr'><strong>Loquitur</strong></span> <span class='ocrx_word' id='word_1_511' title='bbox 1038 3925 1136 3994; x_wconf 87' lang='lat' dir='ltr'><strong>paullo</strong></span> <span class='ocrx_word' id='word_1_512' title='bbox 1154 3925 1276 3980; x_wconf 86' lang='lat' dir='ltr'><strong>liberius</strong></span> 
     </span>
     <span class='ocr_line' id='line_1_50' title="bbox 125 3994 1276 4068; baseline 0.002 -19"><span class='ocrx_word' id='word_1_513' title='bbox 125 4006 212 4066; x_wconf 88' lang='lat' dir='ltr'><strong>atque</strong></span> <span class='ocrx_word' id='word_1_514' title='bbox 237 3997 271 4050; x_wconf 88' lang='lat' dir='ltr'><strong>ad</strong></span> <span class='ocrx_word' id='word_1_515' title='bbox 295 4013 408 4050; x_wconf 89' lang='lat' dir='ltr'><strong>sensum</strong></span> <span class='ocrx_word' id='word_1_516' title='bbox 435 3995 515 4059; x_wconf 76' lang='grc' dir='ltr'>(κατὰ</span> <span class='ocrx_word' id='word_1_517' title='bbox 537 3998 672 4064; x_wconf 75' lang='grc' dir='ltr'>σύνεσιν),</span> <span class='ocrx_word' id='word_1_518' title='bbox 696 3997 777 4068; x_wconf 87' lang='lat' dir='ltr'><strong>quasi</strong></span> <span class='ocrx_word' id='word_1_519' title='bbox 800 3997 883 4050; x_wconf 88' lang='lat' dir='ltr'><strong>modo</strong></span> <span class='ocrx_word' id='word_1_520' title='bbox 910 3997 1028 4048; x_wconf 82' lang='lat' dir='ltr'><strong>dixisset</strong></span> <span class='ocrx_word' id='word_1_521' title='bbox 1053 3994 1152 4049; x_wconf 79' lang='lat' dir='ltr'><strong>Oileue</strong></span> <span class='ocrx_word' id='word_1_522' title='bbox 1170 3996 1276 4067; x_wconf 65' lang='lat' dir='ltr'><strong>-sput‘</strong></span> 
     </span>
     <span class='ocr_line' id='line_1_51' title="bbox 126 4065 1273 4143; baseline -0.001 -21"><span class='ocrx_word' id='word_1_523' title='bbox 126 4067 302 4122; x_wconf 81' lang='lat' dir='ltr'><strong>Telamonem</strong></span> <span class='ocrx_word' id='word_1_524' title='bbox 319 4071 403 4120; x_wconf 83' lang='lat' dir='ltr'><strong>antea</strong></span> <span class='ocrx_word' id='word_1_525' title='bbox 422 4067 455 4119; x_wconf 86' lang='lat' dir='ltr'><strong>de</strong></span> <span class='ocrx_word' id='word_1_526' title='bbox 472 4065 558 4132; x_wconf 74' lang='lat' dir='ltr'><strong>titii</strong></span> <span class='ocrx_word' id='word_1_527' title='bbox 580 4067 698 4132; x_wconf 84' lang='lat' dir='ltr'><strong>(Aiacis)</strong></span> <span class='ocrx_word' id='word_1_528' title='bbox 720 4075 809 4122; x_wconf 83' lang='lat' dir='ltr'><strong>morte</strong></span> <span class='ocrx_word' id='word_1_529' title='bbox 833 4068 991 4121; x_wconf 82' lang='lat' dir='ltr'><strong>consolatus</strong></span> <span class='ocrx_word' id='word_1_530' title='bbox 1014 4071 1085 4119; x_wconf 79' lang='lat' dir='ltr'><strong>earet</strong></span> <span class='ocrx_word' id='word_1_531' title='bbox 1107 4067 1273 4143; x_wconf 79' lang='lat' dir='ltr'><strong>pergitque,</strong></span> 
     </span>
     <span class='ocr_line' id='line_1_52' title="bbox 123 4136 1273 4210; baseline -0.001 -18"><span class='ocrx_word' id='word_1_532' title='bbox 123 4138 150 4192; x_wconf 68' lang='grc' dir='ltr'><strong>ὅσ</strong></span> <span class='ocrx_word' id='word_1_533' title='bbox 167 4158 247 4210; x_wconf 84' lang='lat' dir='ltr'><strong>quum</strong></span> <span class='ocrx_word' id='word_1_534' title='bbox 265 4140 388 4193; x_wconf 72' lang='lat' dir='ltr'><strong>audisset</strong></span> <span class='ocrx_word' id='word_1_535' title='bbox 406 4137 440 4191; x_wconf 79' lang='lat' dir='ltr'><strong>de</strong></span> <span class='ocrx_word' id='word_1_536' title='bbox 456 4154 504 4191; x_wconf 85' lang='lat' dir='ltr'><strong>euu</strong></span> <span class='ocrx_word' id='word_1_537' title='bbox 522 4137 605 4202; x_wconf 78' lang='lat' dir='ltr'><strong>(ulio,</strong></span> <span class='ocrx_word' id='word_1_538' title='bbox 624 4140 672 4191; x_wconf 88' lang='lat' dir='ltr'><strong>cui</strong></span> <span class='ocrx_word' id='word_1_539' title='bbox 690 4139 761 4191; x_wconf 86' lang='lat' dir='ltr'><strong>item</strong></span> <span class='ocrx_word' id='word_1_540' title='bbox 779 4155 884 4191; x_wconf 87' lang='lat' dir='ltr'><strong>nomen</strong></span> <span class='ocrx_word' id='word_1_541' title='bbox 902 4145 965 4190; x_wconf 86' lang='lat' dir='ltr'><strong>erat</strong></span> <span class='ocrx_word' id='word_1_542' title='bbox 988 4136 1081 4202; x_wconf 87' lang='lat' dir='ltr'><strong>Aiaci)</strong></span> <span class='ocrx_word' id='word_1_543' title='bbox 1111 4137 1200 4204; x_wconf 87' lang='lat' dir='ltr'><strong>[idem</strong></span> <span class='ocrx_word' id='word_1_544' title='bbox 1218 4139 1273 4191; x_wconf 93' lang='lat' dir='ltr'><strong>sibi</strong></span> 
     </span>
     <span class='ocr_line' id='line_1_53' title="bbox 122 4207 1274 4292; baseline -0.003 -29"><span class='ocrx_word' id='word_1_545' title='bbox 122 4211 253 4263; x_wconf 88' lang='lat' dir='ltr'><strong>nuntiari</strong></span> <span class='ocrx_word' id='word_1_546' title='bbox 282 4211 331 4262; x_wconf 89' lang='lat' dir='ltr'><strong>vel</strong></span> <span class='ocrx_word' id='word_1_547' title='bbox 360 4207 553 4274; x_wconf 88' lang='lat' dir='ltr'><strong>nuntiatum],</strong></span> <span class='ocrx_word' id='word_1_548' title='bbox 589 4209 701 4273; x_wconf 76' lang='lat' dir='ltr'><strong>fructur</strong></span> <span class='ocrx_word' id='word_1_549' title='bbox 718 4215 760 4262; x_wconf 84' lang='lat' dir='ltr'><strong>eet</strong></span> <span class='ocrx_word' id='word_1_550' title='bbox 788 4207 952 4273; x_wconf 85' lang='lat' dir='ltr'><strong>[maerore].</strong></span> <span class='ocrx_word' id='word_1_551' title='bbox 989 4208 1085 4272; x_wconf 85' lang='lat' dir='ltr'><strong>Quid?</strong></span> <span class='ocrx_word' id='word_1_552' title='bbox 1115 4211 1192 4279; x_wconf 91' lang='lat' dir='ltr'><strong>quod</strong></span> <span class='ocrx_word' id='word_1_553' title='bbox 1218 4210 1274 4292; x_wconf 90' lang='lat' dir='ltr'><strong>ipsi</strong></span> 
     </span>
     <span class='ocr_line' id='line_1_54' title="bbox 123 4278 1275 4347; baseline -0.004 -12"><span class='ocrx_word' id='word_1_554' title='bbox 123 4282 232 4335; x_wconf 85' lang='lat' dir='ltr'><strong>Orellio</strong></span> <span class='ocrx_word' id='word_1_555' title='bbox 250 4282 285 4334; x_wconf 88' lang='lat' dir='ltr'><strong>ad</strong></span> <span class='ocrx_word' id='word_1_556' title='bbox 302 4279 459 4336; x_wconf 82' lang='lat' dir='ltr'><strong>FAWolfli</strong></span> <span class='ocrx_word' id='word_1_557' title='bbox 477 4278 586 4332; x_wconf 79' lang='lat' dir='ltr'><strong>scholas</strong></span> <span class='ocrx_word' id='word_1_558' title='bbox 603 4279 712 4331; x_wconf 89' lang='lat' dir='ltr'><strong>Davisii</strong></span> <span class='ocrx_word' id='word_1_559' title='bbox 731 4280 895 4332; x_wconf 86' lang='lat' dir='ltr'><strong>coniectura</strong></span> <span class='ocrx_word' id='word_1_560' title='bbox 912 4279 1010 4347; x_wconf 88' lang='lat' dir='ltr'><strong>paullo</strong></span> <span class='ocrx_word' id='word_1_561' title='bbox 1034 4280 1196 4333; x_wconf 84' lang='lat' dir='ltr'><strong>contortior</strong></span> <span class='ocrx_word' id='word_1_562' title='bbox 1213 4297 1275 4331; x_wconf 79' lang='lat' dir='ltr'><strong>visa</strong></span> 
     </span>
     <span class='ocr_line' id='line_1_55' title="bbox 123 4349 1274 4418; baseline -0.004 -12"><span class='ocrx_word' id='word_1_563' title='bbox 123 4362 175 4418; x_wconf 81' lang='lat' dir='ltr'><strong>est,</strong></span> <span class='ocrx_word' id='word_1_564' title='bbox 194 4355 242 4406; x_wconf 87' lang='lat' dir='ltr'><strong>cui</strong></span> <span class='ocrx_word' id='word_1_565' title='bbox 259 4352 442 4405; x_wconf 85' lang='lat' dir='ltr'><strong>substitutam</strong></span> <span class='ocrx_word' id='word_1_566' title='bbox 460 4349 583 4403; x_wconf 87' lang='lat' dir='ltr'><strong>malebat</strong></span> <span class='ocrx_word' id='word_1_567' title='bbox 601 4350 756 4403; x_wconf 87' lang='lat' dir='ltr'><strong>lectionem</strong></span> <span class='ocrx_word' id='word_1_568' title='bbox 775 4349 885 4403; x_wconf 85' lang='lat' dir='ltr'><strong>Codicis</strong></span> <span class='ocrx_word' id='word_1_569' title='bbox 903 4350 987 4403; x_wconf 80' lang='lat' dir='ltr'><strong>Vind.</strong></span> <span class='ocrx_word' id='word_1_570' title='bbox 1007 4354 1030 4405; x_wconf 91' lang='lat'><strong>1.</strong></span> <span class='ocrx_word' id='word_1_571' title='bbox 1052 4351 1085 4402; x_wconf 85' lang='lat' dir='ltr'><strong>de</strong></span> <span class='ocrx_word' id='word_1_572' title='bbox 1102 4351 1171 4416; x_wconf 85' lang='lat' dir='ltr'><strong>filio,</strong></span> <span class='ocrx_word' id='word_1_573' title='bbox 1198 4349 1274 4401; x_wconf 85' lang='lat' dir='ltr'><strong>unde</strong></span> 
     </span>
     <span class='ocr_line' id='line_1_56' title="bbox 122 4416 1273 4494; baseline -0.006 -16"><span class='ocrx_word' id='word_1_574' title='bbox 122 4439 222 4478; x_wconf 83' lang='lat' dir='ltr'><strong>errore</strong></span> <span class='ocrx_word' id='word_1_575' title='bbox 246 4424 342 4478; x_wconf 84' lang='lat' dir='ltr'><strong>nascio</strong></span> <span class='ocrx_word' id='word_1_576' title='bbox 365 4439 423 4494; x_wconf 87' lang='lat' dir='ltr'><strong>quo</strong></span> <span class='ocrx_word' id='word_1_577' title='bbox 449 4422 481 4474; x_wconf 88' lang='lat' dir='ltr'><strong>in</strong></span> <span class='ocrx_word' id='word_1_578' title='bbox 503 4420 621 4491; x_wconf 85' lang='lat' dir='ltr'><strong>optimis</strong></span> <span class='ocrx_word' id='word_1_579' title='bbox 642 4420 724 4475; x_wconf 86' lang='lat' dir='ltr'><strong>libris</strong></span> <span class='ocrx_word' id='word_1_580' title='bbox 748 4422 858 4474; x_wconf 77' lang='lat' dir='ltr'><strong>iactum</strong></span> <span class='ocrx_word' id='word_1_581' title='bbox 887 4416 932 4474; x_wconf 64' lang='lat' dir='ltr'><strong>sit*</strong></span> <span class='ocrx_word' id='word_1_582' title='bbox 951 4423 986 4474; x_wconf 81' lang='lat' dir='ltr'><strong>de</strong></span> <span class='ocrx_word' id='word_1_583' title='bbox 1009 4437 1066 4474; x_wconf 86' lang='lat' dir='ltr'><strong>auo.</strong></span> <span class='ocrx_word' id='word_1_584' title='bbox 1107 4419 1182 4472; x_wconf 55' lang='lat' dir='ltr'><strong>&lt;tlibi</strong></span> <span class='ocrx_word' id='word_1_585' title='bbox 1204 4434 1273 4473; x_wconf 85' lang='lat' dir='ltr'><strong>vero</strong></span> 
     </span>
    </p>
   </div>
   <div class='ocr_carea' id='block_1_19' title="bbox 144 4520 1027 4612">
    <p class='ocr_par' dir='ltr' id='par_1_22' title="bbox 144 4520 1027 4612">
     <span class='ocr_line' id='line_1_57' title="bbox 144 4520 1027 4612; baseline 0 -14"><span class='ocrx_word' id='word_1_586' title='bbox 144 4520 223 4604; x_wconf 76' lang='lat' dir='ltr'><strong>cteero</strong></span> <span class='ocrx_word' id='word_1_587' title='bbox 239 4553 304 4598; x_wconf 72' lang='lat' dir='ltr'><strong>ruere.</strong></span> <span class='ocrx_word' id='word_1_588' title='bbox 315 4553 388 4612; x_wconf 63' lang='lat' dir='ltr'><strong>‘orsu</strong></span> <span class='ocrx_word' id='word_1_589' title='bbox 402 4554 437 4600; x_wconf 80' lang='lat' dir='ltr'><strong>ed.</strong></span> <span class='ocrx_word' id='word_1_590' title='bbox 452 4553 536 4600; x_wconf 67' lang='lat' dir='ltr'><strong>Moser.</strong></span> <span class='ocrx_word' id='word_1_591' title='bbox 558 4551 582 4596; x_wconf 73' lang='lat' dir='ltr'><strong>r.</strong></span> <span class='ocrx_word' id='word_1_592' title='bbox 596 4551 633 4598; x_wconf 87' lang='lat'><strong>11.</strong></span> <span class='ocrx_word' id='word_1_593' title='bbox 986 4527 1027 4592; x_wconf 68' lang='lat'><strong>14</strong></span> 
     </span>
    </p>
   </div>
   <div class='ocr_carea' id='block_1_20' title="bbox 0 0 1426 5070">
    <p class='ocr_par' dir='ltr' id='par_1_23' title="bbox 0 0 1426 5070">
     <span class='ocr_line' id='line_1_58' title="bbox 0 0 1426 5070; baseline 0 2"><span class='ocrx_word' id='word_1_594' title='bbox 0 0 1426 5070; x_wconf 95' lang='lat' dir='ltr'><strong> </strong></span> 
     </span>
    </p>
   </div>
  </div>
 </body>
</html>
