2842 5070
556 263 842 394 unaarum.
1000 350 1003 355 -
1118 309 1279 378 ruu

125 503 202 547 nem
229 483 378 544 insaniae
407 499 475 542 non
502 479 619 543 habeta
650 513 693 526 -
714 478 811 542 cuius
837 475 984 559 impulsu
1013 474 1145 542 exsistit
1175 475 1278 538 etiam

127 568 219 628 inter
240 569 363 628 fratres
384 564 452 626 talo
473 565 640 648 iurgium:
696 646 698 651 Ι
1104 574 1106 578 ’

124 750 208 806 deal.
232 751 301 804 Dar.
326 751 358 802 in
381 749 435 805 Ed.
465 753 489 804 1.
524 748 650 806 servavit
674 747 802 809 eandem,
833 763 919 816 quam
944 745 1047 809 Gebh.,
1079 745 1278 815 scriptionem,

125 823 355 876 Camerarianam
372 837 443 873 vero
461 819 656 872 coniecturam
683 817 823 888 quindiu
847 835 876 871 se
894 834 952 871 non
971 817 1139 891 intelligere
1157 813 1276 870 fatetur.
1347 842 1351 855 ·

124 893 245 947 Palatini
265 893 386 962 quidem·
399 891 488 961 primi
506 889 662 943 lectionem
679 904 738 941 non
755 889 955 950 inconcinnam
969 888 1116 957 appellata
1130 889 1207 954 ‚,sed,
1227 887 1278 951 ait,

109 978 193 1016 xcum
211 963 365 1036 singularis
380 963 421 1013 'sit
439 961 521 1013 illius
539 960 612 1014 usti
630 960 729 1025 lectio,
748 961 866 1012 fortasse
884 959 964 1011 locus
981 959 1024 1010 sic
1043 958 1277 1031 distinguendum
1358 965 1361 969 '

124 1034 175 1086 Ira
192 1049 256 1087 vcro
275 1034 365 1102 quae?
390 1030 522 1099 quamdiu
536 1032 686 1101 ‚perturbat
703 1029 837 1096 animum,
860 1029 1058 1083 dubitationem
1076 1029 1207 1082 insaniae
1225 1045 1279 1082 aaa

124 1101 214 1157 babet.
258 1103 343 1158 Certe
372 1103 437 1154 talis
465 1103 662 1171 interpunctio
687 1101 781 1152 sensui
812 1101 901 1170 probe
931 1099 1098 1153 convenit.“
1140 1136 1159 1164 ‚,
1168 1100 1278 1153 Accede

124 1175 249 1229 Bentleii
267 1174 425 1226 sententiae
445 1172 631 1246 corrigentis:
651 1171 699 1223 ira
721 1187 797 1233 aero,
817 1185 901 1240 quae
919 1172 966 1224 diu
982 1171 1125 1238 perturbat
1145 1172 1277 1225 animum.

125 1272 158 1288 ν-
177 1247 211 1297 In
220 1256 299 1313 seq‘q.
312 1243 501 1313 praetulerim
511 1244 599 1295 etiam
617 1241 728 1295 exstitit
744 1241 865 1294 lectioni
878 1242 1006 1296 existit.“
1024 1239 1115 1294 Βοιώ.
1136 1241 1279 1307 [Fortasse
1369 1276 1371 1280 -

124 1330 211 1385 quae
229 1315 280 1368 diu
298 1315 356 1365 fuit
373 1315 469 1383 prima
486 1314 611 1366 Bentleii
630 1313 813 1376 coniectura:
844 1313 876 1363 in
894 1313 1123 1378 annotationibus
1148 1322 1227 1366 certe
1245 1313 1280 1366 ad

125 1387 235 1439 calcem
253 1385 357 1437 horum
376 1384 517 1436 librorum
538 1385 603 1435 vult
631 1383 812 1450 quamdiu:
835 1384 912 1452 quod
934 1384 1045 1456 recepit
1062 1382 1145 1449 Ern]
1173 1384 1281 1437 Contra

125 1458 238 1513 Nissen.
259 1454 349 1519 ‚,Cur,
368 1455 474 1523 inquit,
494 1469 556 1506 cum
573 1454 645 1507 diu?
675 1453 721 1505 An
742 1453 837 1504 brevis
865 1454 909 1506 ira
925 1470 984 1506 non
1001 1454 1071 1506 item
1090 1454 1200 1506 insania
1218 1458 1280 1506 cst?

82 1535 85 1541 '
126 1525 246 1579 Scilicet
263 1526 335 1577 haec
352 1526 480 1577 Bentleii
498 1525 643 1577 correctio
662 1531 714 1588 cst,
739 1541 806 1576 cum
823 1525 911 1598 vulgo
932 1533 1003 1576 esset
1020 1539 1104 1593 quam
1122 1523 1182 1590 diu,
1201 1525 1280 1593 quod

126 1599 194 1652 satis
213 1614 311 1650 sanum
329 1595 455 1648 videtur.
492 1595 603 1665 Quippe
622 1595 705 1658 ratio,
725 1610 813 1662 quare
831 1594 875 1647 ira
893 1594 1002 1648 insania
1020 1595 1069 1660 ait,
1087 1611 1144 1647 non
1158 1596 1189 1646 in
1206 1603 1281 1647 tem·

124 1668 204 1741 poris
221 1666 412 1742 longitudine,
431 1667 480 1719 sed
499 1667 530 1718 in
548 1665 638 1731 animi
656 1664 872 1734 perturbatione
889 1665 984 1735 posita
1001 1674 1054 1722 est.
1088 1666 1182 1718 Iratus
1201 1667 1281 1729 enim

121 1740 191 1808 ¹quis
209 1756 277 1790 cum
295 1737 407 1789 ratione
425 1754 483 1790 asse
501 1739 612 1806 potest?
636 1735 692 1788 Sed
709 1736 796 1805 plena
805 1737 964 1811 ,vulgatum
987 1736 1029 1788 sic
1047 1744 1103 1789 est:
1131 1737 1184 1788 Ira
1202 1753 1282 1800 aero,

125 1825 194 1877 quaa
212 1808 342 1876 quamdiu
360 1815 414 1859 cet.
435 1808 570 1875 ubilquae
583 1805 749 1861 anacoluthi
762 1815 914 1876 praetextu
925 1807 1041 1860 defendi
1058 1815 1162 1876 potest,
1181 1805 1282 1876 quam-

125 1897 213 1950 quam
232 1896 264 1931 eo
283 1878 406 1931 inclinat
423 1879 543 1944 animus,
561 1886 595 1930 ut
613 1895 628 1930 c
647 1891 753 1946 quaque
770 1877 931 1930 derivatum
947 1876 1081 1948 putem.“
1116 1879 1188 1943 „Ira
1204 1894 1281 1941 vera,

125 1966 207 2018 quam
234 1949 294 2002 diu.
335 1952 443 2002 Vocem
467 1965 537 2019 quae
560 1955 625 2019 post
651 1965 727 2012 vero,
758 1965 830 2016 quae
858 1965 971 2000 sensum
998 1947 1105 2012 turbat,
1138 1956 1168 2000 et
1194 1950 1282 2017 quam

125 2021 261 2120 ignorap‘t
279 2009 400 2143 Ρὶιὲὲιριζ.
421 2027 450 2072 et
468 2037 484 2073 e
502 2021 591 2093 regiis
611 2019 754 2089 optimus,
769 2035 836 2071 cum
853 2018 981 2072 Manutio
1001 2027 1030 2072 et
1044 2017 1186 2077 ,Lambino
1204 2019 1296 2073 dela-v

124 2109 229 2146 vimus.
266 2133 269 2163 ,
353 2107 404 2143 em.

194 2181 247 2231 Ira
264 2195 341 2244 aero,
361 2174 508 2245 quamdiu]
544 2178 638 2252 Vulgo
657 2193 727 2244 quae
744 2174 886 2246 quamdiu.
923 2177 979 2232 Sed
1002 2178 1127 2264 primam
1147 2177 1281 2242 voculam

123 2251 334 2320 praetermittit
358 2250 414 2302 Pal.
434 2266 479 2318 pr.
500 2255 530 2301 et
550 2249 621 2308 {eam
639 2249 790 2302 delendam
818 2267 877 2302 esse
899 2252 1046 2302 Manucrus
1070 2267 1103 2302 ac
1126 2249 1281 2303 Lambinus

94 2370 97 2378 A
124 2329 203 2374 recte
224 2327 399 2443 statuppunt.
444 2319 497 2372 Sin
523 2327 619 2372 antem
642 2321 735 2386 malis,
767 2337 834 2373 cum
857 2321 1022 2374 doctissimo
1046 2319 1176 2374 Bentleio
1201 2322 1280 2395 legas

124 2408 185 2444 cum
210 2393 266 2444 diu.
334 2429 340 2441 .
1270 2413 1273 2419 ·

194 2461 246 2513 lra
264 2477 339 2526 vero,
360 2477 460 2530 quae,
479 2459 610 2527 quamdiu
626 2462 776 2529 perturbat
797 2461 939 2531 animum]
964 2460 1186 2528 „Anacoluthon
1205 2459 1282 2517 est.“

124 2531 267 2599 FAWolf.
288 2532 319 2584 in
338 2531 451 2584 scholis.
489 2531 640 2596 „Fortasse
659 2530 790 2584 consulto
808 2533 903 2601 plura,
925 2538 1015 2605 quam'
1030 2534 1062 2583 in
1074 2535 1179 2586 ceteris
1196 2532 1280 2586 libris

111 2604 199 2669 ,dialo
238 2621 303 2654 rum
322 2605 417 2655 forma
434 2603 614 2672 conscriptis,
642 2602 674 2653 in
692 2602 861 2654 Tusculanis
879 2603 933 2656 sibi
957 2604 1081 2656 indulsit
1095 2604 1207 2666 Cicero,
1230 2601 1299 2669 ne?

72 2679 85 2686 '
126 2691 182 2742 que
201 2675 231 2726 id
248 2675 298 2726 vel
315 2672 493 2725 festinationi
511 2673 559 2726 vel
583 2673 780 2746 negligentiae
802 2674 1034 2738 adscribendum
1060 2681 1094 2725 ut
1113 2674 1281 2744 exemplum

123 2746 262 2797 videlicet
280 2744 431 2798 exhiberet
450 2743 594 2797 scrmonis
608 2752 637 2796 et
651 2745 792 2813 colloquii
810 2762 826 2796 a
842 2745 907 2798 viro
926 2746 971 2799 rei
988 2745 1120 2816 publicae
1134 2744 1280 2814 ¹primario

124 2832 190 2868 cum
201 2816 389 2883 adolescente
407 2814 509 2868 habiti.
539 2815 605 2867 Alia
623 2823 703 2867 certe
715 2823 756 2868 ast
774 2816 857 2880 ratio,
877 2833 934 2885 qua
952 2817 983 2868 in
1000 2816 1084 2869 libris
1102 2816 1136 2868 de
1150 2818 1280 2881 Oratore,

71 2884 75 2890 ’
124 2886 159 2938 de
177 2885 360 2956 Republica,
387 2886 419 2937 in
438 2882 544 2938 Catone
572 2893 601 2936 et
618 2887 717 2938 laelio
744 2886 789 2937 rei
816 2886 948 2956 publicae
975 2887 1122 2958 principes
1147 2886 1227 2939 inter
1250 2902 1281 2938 se

124 2956 361 3009 confabulantur:
395 2956 451 3007 alia
474 2956 547 3007 item
574 2964 616 3007 est
642 2955 717 3009 dialo
738 2972 821 3009 orum
848 2974 915 3008 cum
938 2958 1046 3021 Attico,
1080 2975 1147 3010 cum
1174 2958 1281 3022 Quinto
1317 3019 1321 3023 ,

123 3028 216 3079 fratre
234 3045 262 3078 v.
283 3043 307 3078 c.
328 3028 359 3078 in
377 3026 460 3078 libris
478 3025 513 3078 do
532 3025 686 3099 Legibus.“
706 2973 756 3079 (ir.
793 3026 864 3099 „Ira
881 3044 957 3092 aare,
976 3026 1078 3098 quac,
1098 3030 1229 3097 quamdiu
1246 3019 1281 3070 -ἒ

123 3098 305 3167 Respondent
323 3097 411 3150 verba
430 3094 473 3160 [in
490 3097 551 3151 fine
567 3097 751 3171 paragraphi]
772 3097 847 3153 Quid
865 3104 907 3150 eat
921 3098 1003 3163 euim,
1023 3103 1077 3168 quo'
1091 3115 1147 3151 aaa
1161 3113 1282 3166 progra-

124 3167 223 3220 diatur
242 3169 336 3220 eodem
354 3170 408 3232 dra,
429 3184 479 3235 quo
497 3170 589 3234 furor,
609 3168 640 3218 in
658 3169 761 3236 quibus
778 3167 829 3220 hic
847 3184 943 3221 sensus
960 3169 1045 3224 latete
1071 3169 1115 3221 ira
1132 3171 1203 3222 fines
1222 3166 1291 3230 minx

82 3244 85 3247 '
123 3237 241 3293 habet.“
265 3237 329 3290 om
354 3239 389 3290 ad
414 3237 474 3289 (lic.
499 3238 533 3291 de
559 3238 644 3290 Binn.
673 3256 702 3307 p.
721 3240 783 3295 395.
820 3238 893 3305 Mihi
918 3255 989 3292 vero
1008 3241 1079 3292 item
1102 3238 1281 3292 restituenda

123 3310 186 3360 visa
215 3317 258 3361 est
280 3308 368 3361 lectio
393 3308 536 3360 librorum
563 3309 744 3378 optimorum.
782 3309 827 3362 lta
854 3309 932 3361 enim
954 3310 1023 3431 Bep.
1050 3309 1124 3362 Gud.
1144 3314 1169 3364 l.
1193 3311 1279 3364 Rern
1320 3321 1323 3326 '

123 3379 212 3433 Rehd.
234 3381 307 3432 Gud.
327 3378 425 3432 Duisb.
450 3379 534 3431 vind.
559 3384 583 3433 1.
603 3381 628 3433 2.
654 3382 733 3431 Mon.
755 3382 779 3432 1.
800 3381 825 3433 2.
854 3381 971 3433 Codices
990 3381 1122 3445 banutii,
1145 3381 1281 3448 plerique

125 3450 279 3516 Gebhard,
305 3451 377 3504 Edd.
397 3451 426 3502 P.
445 3451 478 3501 V.
505 3450 573 3504 Bab.
595 3448 694 3520 Steph.
720 3451 817 3511 Herw,
839 3451 930 3503 Gebh.
952 3452 1042 3504 Gran.
1066 3451 1211 3507 FAWolf.
1232 3451 1279 3502 0r.

124 3520 160 3572 ln
179 3520 252 3573 Gud.
273 3524 298 3576 2.
320 3532 362 3574 est
379 3522 425 3573 Ila
443 3520 499 3586 [sic
516 3522 603 3574 etiam
624 3521 704 3577 Ven„
717 3529 806 3573 nostr.
827 3521 909 3572 Junt.
929 3520 992 3574 Asc.
1015 3526 1038 3575 l.
1059 3524 1085 3576 2.
1112 3537 1175 3574 uero
1198 3537 1282 3589 quae-

124 3607 193 3657 quae
211 3607 291 3658 quam
310 3595 368 3656 dtu,
389 3593 420 3644 in
439 3592 512 3665 Aug.
532 3593 584 3645 Ira
597 3608 668 3645 uero
687 3607 844 3660 quaeque
862 3592 928 3655 diu3
951 3593 982 3643 in
1000 3593 1071 3645 Edd.
1091 3592 1125 3643 A.
1144 3591 1224 3644 B.S.
1244 3592 1280 3644 Ε.

124 3662 154 3715 O.
175 3664 212 3713 Μ.
237 3661 317 3713 Junt.
346 3662 410 3714 Aac.
437 3667 462 3716 l.
481 3665 507 3718 2.
531 3665 602 3719 Ven.
628 3671 716 3714 nostr.
743 3661 810 3714 Ald.
839 3663 921 3716 Boul.
950 3664 1014 3715 Car.
1043 3662 1143 3732 Steph.
1170 3662 1287 3719 Sturam·

123 3732 204 3802 Sylb.
223 3733 302 3786 Brut.
330 3743 397 3785 aero
425 3747 589 3801 quamquam
615 3733 682 3800 dim
710 3734 751 3785 ita
774 3732 862 3785 etiam
880 3734 966 3786 Lcod.
987 3733 1035 3786 sed
1053 3734 1085 3784 in
1103 3750 1148 3787 ma
1187 3749 1281 3786 uero

124 3802 289 3869 quamdiu,
320 3811 355 3854 ut
381 3803 471 3855 edidit
488 3804 585 3860 Lainb.
611 3821 646 3856 ex
664 3803 787 3856 Manutii
810 3805 986 3868 coniectura,
1010 3805 1143 3874 itemque
1187 3822 1230 3855 av.
1251 3812 1282 3856 at

124 3874 209 3937 hall,
234 3888 298 3926 uera
317 3889 414 3939 quum
439 3873 489 3926 diu
508 3874 659 3926 ediderunt
678 3891 713 3927 ex
730 3875 856 3928 Bentleii
881 3875 1025 3928 sententia
1043 3876 1127 3941 Ern,
1157 3883 1191 3926 ut
1209 3874 1281 3940 dixi,

123 3952 188 3995 tum
210 3943 272 4013 Bip.
291 3943 413 4007 manna.
444 3942 527 3996 Schz.
552 3945 644 3996 Nobb.
669 3945 741 3996 Tbn.
779 3946 846 3997 Non
874 3962 926 4019 ego
949 3947 1070 4011 issum,
1097 3946 1149 4015 qui
1167 3952 1282 4015 captam
1370 3984 1374 3988 -

123 4014 264 4066 lectiones
286 4014 334 4066 vel
359 4014 495 4066 difficiles
523 4015 573 4066 vel
590 4014 701 4083 aliquid
724 4014 860 4068 licentiae
880 4015 1031 4068 habentest
1059 4032 1113 4068 nec
1139 4032 1220 4081 vero,
1246 4024 1282 4068 ut

122 4083 235 4152 aliquid
239 4083 434 4206 Maliensionis
465 4082 602 4150 tollatur,
638 4084 676 4139 id.
699 4084 775 4137 mihi
803 4102 894 4152 sumo,
923 4094 958 4139 ut
985 4085 1157 4140 Ciceronem
1189 4086 1293 4153 camin,

145 4171 200 4206 am.
275 4170 300 4205 r.
835 4180 841 4194 ν

125 4173 145 4230 g
197 4223 399 4277 dubitationem
416 4222 544 4278 insaniae
562 4241 617 4278 nou
633 4222 723 4291 dubet]
758 4226 777 4276 i.
798 4241 822 4277 e.
842 4242 927 4278 nemo
946 4227 1057 4279 dubitat
1075 4226 1202 4280 insanam
1222 4243 1282 4285 esse

125 4296 208 4348 iram.
237 4296 290 4348 Est
307 4311 376 4347 vero
394 4293 445 4346 hic
463 4312 531 4348 usus
543 4295 625 4348 verbi
642 4294 761 4349 labendi
769 4295 903 4349 Oiceroni
914 4299 981 4350 satis
999 4297 1161 4360 familiaris,
1182 4313 1282 4364 quam-

73 4388 80 4393 ·
127 4364 456 4434 quamunumquodque
473 4364 647 4437 exemplum,
666 4382 733 4418 cum
751 4383 766 4417 a
785 4374 881 4419 nostro
895 4373 953 4418 'usu
970 4375 1030 4418 tam
1048 4367 1134 4442 lange
1147 4365 1281 4428 discedat,

126 4433 212 4496 habet
233 4434 361 4508 aliquam
393 4435 490 4509 primo
507 4437 652 4508 2adapectu
679 4434 875 4491 offensionem.
912 4437 956 4491 lta
981 4437 1039 4492 oia
1065 4436 1100 4491 de
1114 4437 1214 4512 lugg-
1239 4435 1278 4490 ll
