2842 5070
459 354 462 361 ζ
546 270 680 360 aleae
704 294 767 376 w,
795 297 846 366 aa.
1223 294 1287 359 aaa
1313 345 1331 380 ¹.

129 463 218 526 cart
231 472 267 526 et
287 460 510 543 impendentis
534 462 627 524 mali:
660 470 705 541 et,
737 463 767 523 si
793 479 868 543 spes
890 469 941 523 est
961 479 1017 524 exs
1042 458 1163 521 ectatio
1193 458 1285 537 boni,

129 547 513 627 mali-exspectationem
534 564 606 606 esse
627 562 760 607 necesse
781 548 833 608 est
852 551 989 609 metum.
1010 599 1012 602 ,
1054 552 1068 604 t
1088 542 1196 628 igitur
1217 560 1287 602 me·
1375 559 1384 576 *

129 637 194 707 tus,
217 631 265 690 sic
285 631 434 709 reliquae
454 627 725 709 perturbationes
746 633 826 687 sunt
846 628 882 686 in
903 626 1014 689 malo·
1038 625 1126 710 Ergo
1147 631 1187 686 ut
1208 641 1287 684 con·

129 712 250 772 stantia
271 712 441 788 scientiae,
463 710 511 772 sic
531 710 743 790 perturbatio
768 710 896 770 erroris
919 720 977 772 est.
1005 706 1070 770 Qui
1091 713 1202 767 autem
1224 709 1370 765 na·a·²²⁷·

119 801 207 853 ‘tura
240 791 400 854 dicuntur
432 789 598 868 iracundi,
634 789 959 868 aut-misericordes,
993 797 1052 849 aut
1072 787 1209 865 invidis
1225 796 1285 850 aut
1313 783 1337 816 ἃ·

128 877 195 935 tale
218 873 311 955 qnid3
345 876 393 935 eis
425 882 503 935 sant
524 875 699 934 constituti
729 875 822 954 quasi
848 873 936 934 mala
958 869 1151 933 valetudine
1172 871 1286 948 animi,

128 957 288 1018 sanabiles
311 965 437 1017 tamen:
460 965 499 1018 ut
519 955 673 1017 Socrates
695 955 832 1019 dicitnr.
881 957 989 1018 Quum
1021 953 1129 1014 multa
1150 954 1185 1013 in
1207 971 1286 1014 con·

198 1138 223 1193 a·
245 1145 311 1193 aaut
333 1137 378 1191 c'ta
402 1137 565 1208 constituti]
601 1140 664 1205 „ln
688 1139 815 1213 vulgatis
843 1139 973 1192 omnibus
1001 1138 1133 1191 mendose
1160 1138 1285 1222 legiturt

125 1209 156 1264 a·
174 1215 238 1263 sant
257 1208 395 1263 eiusmodi
412 1211 562 1266 constituti.
598 1209 732 1262 Lambini
750 1210 910 1262 emendatio
930 1218 972 1265 est
990 1211 1021 1261 in
1039 1227 1126 1261 manu
1144 1208 1286 1279 scripto.“

127 1283 191 1337 Frc.
211 1281 294 1334 Febr.
346 1321 350 1337 .

197 1358 247 1404 aut
267 1353 323 1404 tale
341 1349 450 1419 aliquid
476 1348 530 1414 [ita
548 1351 639 1416 Gebh.
665 1351 698 1403 in
723 1351 859 1403 lemmate
883 1367 965 1416 ann.;
994 1350 1026 1401 in
1044 1351 1186 1404 contextis
1201 1348 1285 1418 ¹qas'd]

125 1420 151 1477 it
173 1429 239 1488 <eant
263 1421 417 1486 constituti,
446 1420 542 1488 quasi]
579 1422 624 1474 lta
647 1430 690 1473 est
718 1421 749 1472 in
767 1422 854 1474 Palat.
884 1421 1017 1485 secundo,
1044 1421 1143 1488 tertio,
1171 1428 1285 1491 quarto,

127 1493 239 1562 quinto,
259 1492 387 1544 Vatican.
408 1490 464 1543 nisi
484 1491 559 1558 quod
577 1509 630 1561 pro
648 1491 683 1555 it,
703 1493 745 1545 ei.-
771 1493 847 1544 unde
866 1490 1020 1542 Lambinus
1039 1499 1150 1544 tamem
1179 1491 1205 1544 οἳ
1222 1498 1287 1545 aaut

125 1564 169 1616 a'ta
187 1562 340 1615 constituti.
377 1562 470 1636 Vulgo
489 1559 515 1611 a·
532 1568 598 1615 sant
617 1561 754 1615 eiusmodi
771 1560 882 1614 coast.“
902 1558 984 1613 Geta.
1023 1562 1106 1627 „Ed
1136 1571 1205 1614 meas
1226 1570 1285 1615 vet.
1333 1591 1338 1600 -

96 1682 101 1693 ,
126 1635 169 1687 eie
194 1639 258 1687 aunt
281 1630 436 1686 constituti.
482 1629 562 1695 Quod
587 1634 685 1685 firmat
710 1633 859 1708 egregiam
885 1631 1012 1684 Bentleii
1045 1632 1242 1686 coniecturam
1270 1650 1298 1686 a·

126 1705 241 1760 Davisio
260 1702 438 1774 receptam.“
474 1700 572 1755 Βοιώ..
657 1759 660 1768 ¹

195 1776 246 1829 Eis
264 1781 328 1827 saal
346 1771 491 1827 constituti
509 1804 543 1816 -
563 1780 593 1826 at
610 1772 735 1826 Socratis
754 1772 868 1840 dicitnr]
888 1773 936 1826 Sic
956 1781 1116 1843 opportune
1135 1773 1180 1828 cl.
1199 1774 1285 1827 Bent-

124 1847 212 1900 leius:
241 1863 307 1900 nam
325 1846 442 1919 Codices
465 1842 571 1897 habent
590 1846 625 1898 ci
642 1850 705 1897 sant
730 1845 879 1899 constituti
898 1875 929 1888 -
955 1850 985 1897 at
1009 1843 1187 1898 Socrates
1214 1844 1287 1900 aict-

125 1923 180 1972 tar.
218 1917 255 1970 D.
406 1927 408 1930 ⁴
723 1942 728 1947 v

196 1987 222 2040 s'i
238 1995 300 2041 sant
318 1985 465 2041 constituti
490 1984 572 2054 quasi
595 1986 672 2038 mala
690 1986 848 2040 valetudine
873 1984 973 2052 animi]
1012 1986 1090 2052 „Est
1119 1983 1285 2041 duriuscule

125 2058 321 2129 dictampno:
351 2066 416 2113 sant
432 2060 507 2118 male
524 2056 670 2110 constituti
687 2061 767 2124 qaaea'
784 2058 943 2110 valetudine
962 2057 1058 2111 animi.
1095 2057 1136 2109 Et
1160 2055 1202 2107 sic
1225 2057 1285 2109 for-

125 2138 197 2182 tasse
214 2130 243 2182 le
266 2129 378 2183 endum.
405 2131 440 2184 V.
460 2128 541 2181 Clav.
569 2129 602 2180 in
620 2128 817 2182 constitutas.“
842 2128 914 2180 Era.
950 2127 1036 2192 Bene,
1065 2127 1141 2197 quod
1163 2126 1294 2202 collegit

125 2200 237 2253 iocosa
277 2200 365 2252 huius
389 2198 469 2252 vocis
488 2205 663 2250 structuram
685 2199 825 2252 facientes
848 2199 918 2253 Ern.
947 2199 979 2250 in
1002 2197 1097 2253 Clare.
1136 2195 1193 2250 Sed
1217 2214 1286 2251 con-

126 2271 238 2323 iectura
256 2271 317 2324 eius
336 2288 394 2324 non
412 2269 588 2338 recipienda,
607 2286 644 2321 ne
684 2269 807 2321 robanda
826 2270 951 2338 quidem,
977 2286 1035 2321 non
1058 2268 1093 2322 ob
1112 2269 1285 2321 sententiam

127 2340 172 2405 (ea
190 2342 269 2393 enim
285 2341 359 2394 bona
378 2349 405 2392 et
423 2340 519 2405 vera),
543 2338 593 2391 sed
610 2339 646 2391 ob
663 2287 823 2393 dicentiam.
859 2340 924 2415 Ego
949 2341 1084 2413 acquievi
1108 2339 1139 2390 in
1156 2338 1284 2392 Bentleii

125 2410 334 2476 emendatione,
359 2410 477 2480 probata
501 2426 559 2462 non
577 2409 691 2462 Davisio
710 2410 813 2475 solum,
838 2411 887 2463 sed
905 2411 992 2464 etiam
1009 2410 1174 2477 Bouhierio‚
1196 2410 1285 2465 Wol-

125 2483 174 2546 fio,
194 2481 343 2547 Schiitziq
363 2480 518 2534 Ochsnero.
554 2480 593 2532 Et
619 2479 706 2534 habet
728 2483 770 2534 eie
797 2497 855 2533 non
882 2489 996 2534 tantum
1013 2482 1067 2534 Ed.
1095 2490 1155 2534 vet.
1181 2479 1283 2547 Bouh.,
1349 2525 1351 2528 ,

127 2553 282 2605 sedetiam
307 2570 381 2602 unus
400 2551 449 2603 Ox.
467 2550 565 2602 Duisb.
584 2552 659 2605 Mon.
681 2557 705 2607 1.
724 2546 809 2604 Bern.
833 2551 895 2616 (bic
914 2553 946 2604 in
964 2569 1026 2603 mar
1049 2589 1065 2616 .‚
1091 2552 1122 2603 in
1146 2559 1284 2605 contextu

124 2623 168 2687 s'a')
188 2625 291 2693 Neque
309 2621 512 2704 contradicunt
531 2620 618 2677 Codd.
638 2622 669 2674 in
688 2622 789 2707 quibus
809 2631 852 2674 est
869 2623 896 2674 ei
914 2622 994 2707 (Reg.
1015 2571 1089 2678 gud.
1104 2628 1128 2680 1.
1142 2625 1167 2677 ².
1182 2622 1282 2706 Illarb.)

104 2710 150 2748 -u
175 2695 270 2760 (Bern.
290 2711 307 2744 a
325 2698 350 2748 1.
371 2711 409 2746 m.
436 2692 548 2764 aliquot
574 2692 657 2760 (lxx.)
681 2691 724 2747 lm
751 2693 819 2757 (uno
847 2693 926 2758 Ox.)‚
952 2711 977 2744 si
1005 2701 1114 2816 cofirtes
1135 2701 1284 2762 scriptum

123 2765 213 2818 fuisse
231 2764 352 2820 mSvrer.
388 2764 495 2816 Vocem
515 2765 556 2817 eis
572 2763 683 2816 omittit
701 2782 774 2816 unus
794 2765 855 2828 Ox„
875 2762 1015 2818 eiusmodi
1061 2764 1144 2816 abent
1171 2763 1283 2833 aliquot

126 2834 196 2887 Oxx.
215 2835 305 2887 Rchd.
325 2835 399 2888 Gud:
420 2834 573 2899 (nimirum
591 2843 655 2905 post
674 2834 700 2888 ἡ·
717 2841 781 2888 sant
800 2834 1030 2898 additament.
1049 2843 1120 2888 vett.
1142 2835 1283 2904 (exceptis

123 2907 219 2958 bamb.
242 2915 270 2957 et
287 2906 354 2962 Fre.
374 2905 456 2957 Fabr.
478 2922 544 2956 cum
562 2904 629 2957 Cod.
648 2904 722 2972 col.)
742 2923 810 2957 cum
826 2905 901 2957 Lall.
930 2908 995 2958 Post
1012 2904 1055 2958 eis
1073 2905 1189 2958 additur
1205 2905 1283 2960 modi
1332 2909 1336 2917 '

123 2977 155 3027 in
174 2977 240 3031 eod.
268 2978 343 3028 Mon.
363 2980 400 3040 .1;
430 2975 550 3027 Ernesti
571 2975 738 3042 lectionem,
762 2992 817 3028 nec
840 2991 909 3028 vero
934 2976 1139 3041 coniecturam,
1173 2974 1298 3028 habent*

122 3047 196 3102 Edd.
216 3046 305 3101 Nobb.
324 3046 397 3097 Tbn.
418 3054 447 3097 et
464 3045 577 3115 pridem
596 3047 681 3100 Grut.
702 3055 732 3099 et
750 3046 839 3099 Gron.
877 3047 913 3098 ln
930 3047 1002 3099 Edd.
1027 3047 1142 3117 Bipont.
1162 3046 1279 3098 Mannh.
1349 3065 1354 3069 ·

124 3127 167 3171 est
190 3119 280 3171 lectio
304 3115 497 3171 Lambiniana.
531 3116 598 3169 eoa.
613 3117 713 3170 aehd.
740 3133 793 3186 pro
818 3116 961 3169 constituti
984 3117 1070 3169 habet
1093 3117 1233 3169 consecuti
1251 3124 1281 3170 et

124 3187 233 3242 animus
255 3203 308 3258 pro
333 3187 430 3240 animi.
457 3184 556 3239 Recte*
569 3196 687 3257 monent
705 3187 800 3240 Kiihn.
826 3196 854 3239 et
874 3186 975 3240 Ochsn.
1001 3186 1141 3240 eiusmodi
1157 3204 1211 3256 pro
1229 3187 1280 3256 stc,
1318 3203 1321 3207 ·

124 3261 175 3326 ila,
194 3258 245 3312 boc
262 3258 343 3311 modo
361 3258 488 3310 absolute
507 3256 566 3309 dici
584 3275 641 3311 non
659 3275 752 3329 posse,
772 3265 801 3310 et
818 3257 878 3309 dici
896 3258 1013 3327 quidem
1037 3257 1172 3311 eiusmodi
1188 3255 1279 3326 bomo,

123 3349 178 3384 nec
195 3346 266 3384 vero
285 3326 423 3383 eiusmodi
441 3327 618 3385 constitutas.
655 3331 814 3382 Locutione
833 3329 961 3382 valetudo
986 3329 1076 3382 animi
1094 3328 1195 3381 Cicero
1213 3346 1281 3385 usus

123 3410 166 3454 est
185 3402 271 3455 etiam
289 3402 336 3454 Or.
356 3400 432 3455 Phil.
451 3398 571 3474 leei.
595 3400 667 3452 Tres
686 3403 739 3455 Ox.
759 3399 899 3452 omittunt
918 3401 1005 3470 quasi.
1043 3399 1103 3456 Mr.

194 3489 335 3544 sanabiles
353 3479 473 3554 latiens]
510 3488 624 3553 „Palat
649 3500 704 3546 sea
730 3497 797 3544 tert.
818 3497 912 3557 quart.
938 3489 1067 3542 vatican.
1092 3489 1220 3543 sanabile
1240 3496 1281 3544 eat

123 3562 243 3614 tamen.“
270 3558 351 3614 Gabis.
388 3562 441 3613 Est
464 3557 552 3611 etiam
575 3560 702 3614 sanabile
727 3567 766 3613 eet
786 3560 817 3611 in
841 3559 926 3613 codd.
952 3561 993 3613 Re
1015 3599 1021 3611 .
1042 3559 1130 3613 Marb.
1149 3560 1186 3624 (a)
1205 3560 1279 3614 Gud.

124 3637 147 3687 1ι
166 3634 192 3686 2.
214 3640 337 3752 quappor
355 3632 441 3696 Oixq
459 3648 533 3682 unus
551 3629 638 3684 habet
656 3632 793 3685 sanabilia
810 3635 912 3698 tamen,
930 3578 1020 3684 uehi.
1038 3630 1201 3691 ,sanabilis
1226 3637 1282 3685 cet

122 3710 219 3756 tamen.
293 3710 317 3756 r:
1041 3737 1047 3743 -
1085 3726 1086 3729 ¹

192 3779 224 3825 at
243 3771 409 3825 Socrates
429 3770 545 3839 dicitur]
581 3774 706 3828 Restitui
723 3775 867 3842 Socrates,
888 3790 960 3843 quae
979 3781 1021 3826 est
1039 3773 1126 3826 lectio
1142 3772 1281 3827 Codicum

122 3847 185 3897 fere
204 3842 342 3896 omnium.
381 3843 493 3895 Habent
517 3861 579 3896 eam
601 3846 673 3919 Reg.
693 3846 768 3899 Gud.
788 3852 813 3903 l.
833 3849 860 3899 2.
879 3845 953 3918 Aug.
977 3845 1065 3898 Marb.
1089 3844 1163 3900 Gud.
1189 3845 1280 3899 Rehd.

121 3915 219 3968 Duisb.
244 3916 318 3966 alon.
340 3918 364 3968 1.
385 3915 412 3968 2.
438 3914 522 3965 Bern.
549 3915 677 3984 quinque
703 3916 772 3970 Oxx:
799 3916 865 3972 God.
894 3923 964 3971 vett.
993 3917 1055 3969 fere
1082 3931 1188 3980 ornnes,
1213 3933 1281 3969 cum

124 3986 215 4040 Gebh.
236 3986 306 4041 Ern.
326 3984 415 4037 Nobb.
437 3993 475 4049 et,
494 3984 603 4037 invitus
622 3987 740 4055 quidem
767 3987 892 4053 (volebat
918 3987 996 4039 enim
1014 3987 1162 4039 Davisium
1187 3987 1280 4058 sequi)

124 4058 288 4112 Schiitzius.
326 4055 408 4109 Solae
431 4056 503 4111 Edd.
523 4057 554 4107 L.
574 4056 647 4109 Lall.
674 4058 747 4110 otiv.
774 4060 881 4113 habent
905 4057 938 4110 de
955 4058 1090 4112 Socrate.-
1116 4075 1184 4116 nam
1203 4060 1280 4127 quod
1364 4083 1366 4090 ·

124 4132 165 4182 ita
181 4130 287 4182 habere
305 4127 443 4179 videntur
460 4127 571 4194 aliquot
589 4127 657 4179 Oxx.
679 4129 829 4188 idlrerum
852 4146 910 4182 non
929 4146 987 4182 essa
1013 4129 1155 4183 existimo.
1191 4130 1279 4185 Wol-

123 4203 177 4253 fius
197 4201 272 4275 legit
291 4197 432 4262 socratis,
452 4207 481 4250 et
499 4199 530 4249 in
548 4197 654 4250 scholis
667 4199 797 4276 intelligi
815 4202 893 4255 vult:
914 4200 1021 4254 animae
1033 4204 1106 4255 mala
1122 4199 1279 4255 valetudine

123 4273 297 4326 constitutas.
334 4270 425 4322 Bene:
445 4268 469 4321 si
488 4268 618 4323 Socratis
636 4279 709 4325 esset
728 4271 759 4323 in
777 4271 894 4342 optimis
912 4271 1010 4325 libris:
1036 4287 1209 4343 quamquam
1226 4271 1282 4325 Saev

123 4345 199 4397 crati
217 4343 373 4397 Genitirus
392 4340 596 4394 Ciceronianus
620 4350 671 4410 est,
698 4352 832 4396 monente
850 4342 943 4397 Kiihn.
980 4346 1066 4397 Nunc
1091 4343 1176 4395 habes
1195 4346 1279 4412 syne-
1340 4341 1347 4350 ”

123 4414 184 4466 sin:
210 4422 241 4469 at
264 4415 397 4469 Socrates
421 4412 528 4466 dicitur
552 4414 657 4484 posuit,
686 4418 829 4490 cogitans:
866 4416 973 4486 qualem
1001 4416 1120 4470 animam
1147 4414 1279 4470 sanates·
