2842 5070
558 301 687 369 LIBER
707 301 768 384 tv,
795 307 852 377 24.
1211 307 1279 373 13⁹6

125 469 335 552 maximeque
369 465 596 547 iracundiam
634 469 702 532 iam
728 466 936 534 uidebuntur
972 467 1277 535 monstratione

125 553 226 616 Nunc
246 563 359 620 autem
380 552 428 612 ita
456 549 637 639 disserunt,
665 553 713 612 sic
735 550 915 632 sedicem,
946 569 1061 617 omnes
1087 552 1207 617 stultos
1228 554 1279 614 in-

125 638 247 719 sanire,
267 644 309 697 ut
327 635 413 696 male
436 636 528 697 olere
549 653 647 699 omne
669 653 819 697 coenum.
840 669 882 682 —
922 632 967 698 At
988 655 1217 719 nonasemper.
1233 667 1279 714 ⁴-

127 718 324 792 Oommove3
347 717 481 779 senties.
515 714 588 778 -sic
608 714 791 779 iracundus
820 736 887 779 non
917 736 1048 801 semper
1070 722 1186 791 iratus
1213 725 1278 781 est:

126 802 270 876 lecesse3
292 803 359 861 iam
379 798 509 862 videbis
531 802 706 862 furentem.
750 798 858 863 Quid?
881 802 946 860 ista
967 800 1122 862 bellatrix
1143 803 1278 861 iracun-

126 883 193 962 dia,
215 875 317 966 quum
337 880 470 944 domum
492 880 606 960 rediit,
635 882 742 963 qualis
766 891 816 944 est
837 901 912 943 cum
933 902 1051 960 uxore,
1087 903 1163 944 cum
1192 878 1280 944 libe-

126 967 185 1042 ris,
207 968 282 1028 cum
302 962 444 1026 familiai
476 984 518 1024 an
538 973 610 1026 tum
637 983 765 1047 quoque
787 973 836 1027 est
857 963 969 1027 utilis?
1010 966 1070 1028 Est
1089 965 1278 1052 igiturali'-

127 1047 220 1130 quid,
241 1046 330 1131 quod
352 1047 548 1128 perturbata
569 1049 661 1109 niens
682 1047 802 1109 melius
818 1049 922 1128 possit
944 1050 1066 1123 iacere,
1087 1067 1186 1130 quam
1200 1067 1279 1110 con·
1346 1061 1348 1066 ·
1378 1092 1404 1127 ,-

126 1128 233 1191 stans?
255 1133 307 1190 An
330 1122 503 1213 quisquam
524 1137 634 1211 potest
654 1130 1003 1211 sineperturbatione
1024 1132 1145 1192 mentis
1158 1128 1277 1193 irasci!

126 1213 213 1276 Bene
244 1213 353 1298 igitur
383 1212 504 1283 nostri,
536 1231 637 1294 quum
668 1214 781 1273 omnia
802 1221 912 1274 essent
941 1214 978 1272 in
1009 1213 1150 1276 maridas
1180 1214 1276 1296 vitis,

193 1405 225 1454 at
241 1401 315 1454 male
340 1400 416 1453 olere
439 1414 517 1452 omae
540 1414 662 1453 coenam.
682 1431 715 1445 -
737 1398 901 1466 commun
931 1398 1059 1467 senties]
1093 1399 1140 1455 Ad
1162 1409 1279 1457 senten·

85 1462 88 1472 ’
123 1472 197 1524 tiam
216 1474 331 1526 confert
348 1470 503 1524 Beroaldus
520 1469 674 1544 Angustia.
693 1468 728 1523 de
747 1469 812 1523 uiv.
828 1470 882 1522 Dei
901 1471 932 1525 lt
951 1470 1023 1524 Pari
1039 1477 1127 1525 mota
1145 1475 1278 1541 exagite-
1328 1533 1332 1540 ,

125 1549 184 1596 tam
202 1542 345 1597 exhalat
367 1539 545 1595 horribiliter
568 1556 727 1606 coenum,
752 1546 778 1592 et
802 1541 928 1594 suaviter
943 1541 1073 1610 ,fragrat
1099 1549 1276 1610 unguentum.

124 1612 169 1666 Ad
187 1633 215 1667 v.
236 1629 347 1667 coensem
364 1612 423 1664 vid.
442 1610 626 1678 Doederlein.
646 1613 706 1663 Lat.
727 1609 835 1680 Synon.
861 1630 889 1668 u.
908 1611 1040 1682 Etymol.
1060 1612 1097 1666 11.
1123 1631 1153 1683 p.
1172 1616 1215 1668 37.
1242 1644 1276 1659 -
1299 1640 1302 1643 ·

125 1686 249 1759 Legitur
267 1686 299 1737 in
318 1683 387 1736 Ood.
404 1684 477 1756 Aug.
499 1697 593 1735 cenum
612 1698 706 1746 omne3
724 1682 755 1734 in
773 1682 848 1746 Gud.
870 1687 894 1737 l.
914 1698 1038 1737 caenum.
1058 1681 1115 1738 Sed
1132 1702 1160 1738 r.
1172 1685 1278 1740 Grate-

125 1755 203 1808 iend.
224 1754 304 1808 Orth.
333 1756 395 1805 Lat.
414 1752 436 1818 ᾗ.
459 1755 524 1818 1323
548 1752 623 1807 Gud.
642 1756 668 1808 2.
694 1753 805 1806 omittit
829 1753 915 1807 olere.
947 1754 1032 1808 Vind.
1052 1759 1080 1811 1.
1102 1753 1201 1809 habet:
1234 1753 1276 1809 At

126 1843 179 1880 noa
197 1830 309 1892 semper.
325 1840 533 1877 commouere
550 1821 715 1877 sentiens.
753 1823 834 1877 Idem
852 1825 944 1878 estin
961 1827 1036 1878 Mon.
1058 1830 1082 1881 l.
1102 1827 1151 1880 sed
1167 1835 1276 1898 puncto

124 1906 189 1966 post
215 1909 322 1965 semper
345 1896 448 1966 posito.
483 1897 580 1947 Monet
603 1894 732 1950 Wolfius
757 1893 803 1946 uti
827 1894 997 1952 Ciceronem
1026 1896 1166 1951 sentiendi
1187 1897 1276 1951 verbo

126 1969 214 2022 etiam
230 1984 284 2037 pro
304 1983 347 2032 eo,
373 1966 451 2034 quod
474 1965 539 2018 aliis
562 1964 671 2017 dieitur
690 1967 828 2031 olfaceres
855 1982 912 2036 quo
938 1967 1026 2019 verbo
1052 1966 1122 2037 ipse·
1141 1966 1274 2038 abstinet.
1318 2006 1320 2011 -

109 2041 179 2093 -Pro
197 2037 302 2091 senties
318 2036 404 2090 habet
423 2037 510 2089 etiam
526 2034 646 2096 sentiam
663 2052 736 2088 unus
755 2037 817 2101 Ox„
836 2037 910 2090 alius
927 2053 1031 2090 censes.
1069 2040 1135 2090 Mox
1152 2040 1226 2093 Mon.
1249 2042 1275 2098 l.
1294 2035 1303 2054 ‘

126 2127 181 2164 non
198 2123 305 2176 semper
323 2115 373 2173 eet,
400 2108 503 2161 omisso
522 2105 624 2176 iratas,
652 2107 684 2158 in
707 2105 787 2178 seqq.
813 2107 900 2165 habet
918 2108 1028 2162 domam
1045 2109 1179 2175 reddiit,
1202 2127 1276 2163 unius

126 2182 175 2251 Ox.
196 2180 298 2234 redire.
323 2178 412 2233 Rebd.
437 2177 528 2248 qualis
552 2194 625 2230 cam
645 2192 757 2231 arere
780 2184 841 2230 est.
883 2180 938 2231 Pro
986 2179 1173 2234 erturbata
1198 2196 1276 2235 meae

126 2260 170 2306 est
187 2250 401 2306 conturbata
419 2266 494 2302 nanas
513 2247 545 2301 in
562 2246 721 2302 Edd‘ante
741 2249 848 2314 Gebh.;
868 2249 900 2302 in
910 2247 949 2303 Oo
970 2250 997 2314 d.
1016 2266 1076 2305 non
1093 2251 1175 2316 item,
1193 2268 1277 2325 prae·

125 2333 172 2376 ter
189 2323 278 2376 Rehd.
298 2330 327 2375 et
345 2324 420 2376 Mon.
443 2326 465 2374 Ι.
493 2321 529 2372 ln
545 2337 603 2372 uno
622 2319 673 2374 Ox.
693 2319 772 2373 deest
789 2319 906 2388 melias;
928 2320 1069 2375 in'tteht
1095 2322 1207 2396 legitur
1229 2324 1276 2390 fa·

125 2409 187 2447 cere
201 2395 300 2462 possit.
337 2391 381 2444 Ad
399 2391 645 2446 structursmAn
663 2389 809 2460 qaisquam
827 2399 893 2457 etc,
919 2409 990 2462 quae
1012 2390 1074 2445 'vim
1098 2391 1276 2447 rhetoricam
1302 2416 1305 2421 ·
1392 2413 1395 2421 ·

126 2464 243 2529 exserit,
264 2481 320 2533 qua
336 2478 442 2534 urgere
460 2459 583 2517 solemus
600 2460 737 2534 rogando,
755 2461 814 2514 vid.
833 2462 939 2514 Handii
956 2462 1114 2516 Tursellin.
1134 2465 1156 2518 1.
1176 2467 1275 2534 p346.

127 2566 159 2579 -
179 2535 278 2593 Paullo
295 2541 360 2604 post
379 2532 447 2586 cod.
467 2531 551 2584 Vind.
572 2535 596 2587 1.
619 2530 704 2584 habet
725 2529 787 2585 sine
810 2532 1047 2588 conturbatione.
1084 2533 1184 2608 Pergit
1201 2554 1276 2591 unus

125 2607 175 2660 Ox.
194 2606 296 2659 mentis
313 2605 415 2673 irasci:
436 2602 497 2672 qai
514 2600 616 2670 igitar.
646 2600 736 2656 Rehd.
764 2600 880 2656 exhibet
906 2618 991 2672 quam
1015 2611 1133 2674 essent
1149 2605 1275 2662 omnia.

122 2679 204 2732 Unus
223 2679 272 2731 Ox.
294 2674 514 2744 omittit‘qaam.
551 2673 611 2727 Mr.
1358 2677 1360 2680 ’

193 2747 346 2801 iracundos
364 2745 439 2800 solos
457 2745 638 2803 morbosos
664 2741 897 2812 nominaverat]
934 2745 1043 2810 „Fabn
1062 2745 1191 2799 Vatican.
1216 2763 1276 2802 mo-

124 2835 229 2873 rasos.-
248 2835 331 2888 quae,
349 2826 384 2868 ut
400 2825 481 2889 puto,
500 2816 627 2890 genuina
645 2824 688 2870 est
705 2816 802 2869 lectio.
821 2817 880 2870 Pal.
900 2825 995 2887 quart.
1014 2817 1172 2875 mortuos.“
1191 2817 1274 2879 Gesta.
1355 2854 1360 2861 -

122 2892 209 2944 Vides
228 2888 413 2945 Gebhardum
430 2903 520 2958 prope
538 2887 641 2939 afuisse
659 2905 675 2938 a
690 2903 759 2941 vero
779 2887 961 2958 reperiendo.
997 2889 1058 2944 Mr.

196 2961 268 3024 Cart
290 2958 384 3012 omnia
411 2954 555 3011 essentia
579 2957 705 3011 moribus
729 2957 801 3023 uitia
821 2986 853 2998 -
872 2959 1024 3013 iracundos
1049 2958 1125 3014 solos
1147 2977 1275 3020 morosos
1327 2956 1354 3032 'x

123 3029 342 3096 nominaverant]
379 3029 484 3110 Vulgo,
504 3043 565 3080 cam
583 3029 679 3088 omnia
696 3036 787 3082 essent
804 3030 835 3083 in
852 3031 961 3084 morbis
979 3031 1053 3084 vitia
1072 3062 1105 3074 -
1123 3032 1276 3089 iracundos
1361 3063 1365 3068 .

123 3104 199 3155 solos
217 3101 361 3175 morbosos
379 3104 597 3154 nominaverant.
634 3097 689 3153 Sed
706 3099 763 3152 hoc
788 3101 874 3169 plane
899 3102 1020 3167 falsum3
1048 3119 1107 3157 non
1125 3104 1203 3156 euim
1220 3100 1275 3157 soli

123 3171 256 3227 iracundi
273 3171 394 3225 morbosi
411 3167 627 3235 dicuntur,‘sed
643 3170 738 3224 morbo
757 3171 850 3240 aliquo
867 3170 977 3238 infecti,
995 3173 1072 3242 quod
1089 3173 1202 3227 docebit
1218 3172 1274 3226 Fe-

124 3253 192 3298 stus.
228 3243 301 3296 Vide
319 3242 365 3295 sis·
375 3249 405 3295 et
422 3240 570 3314 tigellium
589 3239 626 3292 N.
645 3238 679 3291 A.
699 3242 747 3306 w,
767 3244 792 3296 2.
813 3241 960 3295 Pithoean.
984 3242 1067 3297 Febr.
1087 3243 1202 3300 Oantab.
1220 3246 1275 3298 Va·

122 3317 175 3370 tic.
194 3323 224 3370 st
242 3332 258 3368 a
275 3314 370 3385 prima
387 3331 474 3365 manu
492 3314 619 3371 Petrens.
637 3309 791 3366 iracundos
809 3312 884 3366 solos
901 3317 1029 3367 morosos
1042 3315 1271 3370 nominaverunt:
1337 3366 1342 3371 .

124 3387 202 3457 quod
219 3387 338 3439 omnino
353 3402 463 3438 verum.
501 3380 608 3438 Seneca
626 3381 727 3436 delra
742 3383 795 3439 lib.
814 3382 837 3435 1.
857 3402 917 3455 cap.
936 3387 963 3441 4.
982 3386 1062 3440 Inter
1079 3381 1128 3440 dos
1147 3385 1273 3450 (irarum
1298 3414 1306 3424 ·

123 3458 188 3526 dos)
206 3474 351 3512 morosum
367 3471 457 3524 ponas
469 3453 544 3522 licet,
564 3454 716 3509 delicatum
733 3454 902 3519 iracundiae
917 3469 1014 3524 gerrae.
1049 3454 1114 3523 Sed,
1132 3458 1188 3514 boc
1198 3452 1272 3525 dato,

107 3545 188 3594 xcnr,
211 3542 274 3581 cum
299 3529 392 3582 omnia
418 3533 506 3581 essent
529 3528 560 3578 in
582 3526 690 3578 morbis
717 3526 799 3591 vitia,
819 3558 853 3569 -
877 3527 1031 3581 iracundos
1051 3531 1126 3582 solos
1147 3545 1273 3583 morosos

123 3597 356 3665 nominaverant?
391 3603 438 3652 An
454 3599 569 3668 putavit
586 3598 699 3664 Cicero,
716 3614 854 3652 morosam
872 3596 1001 3652 a'morbo
1018 3599 1172 3653 deductum
1197 3603 1272 3653 esse!

123 3669 190 3722 Non
209 3670 319 3740 opinor.
338 3670 408 3743 Reg.
427 3669 460 3723 in
477 3671 592 3724 morbus
607 3667 690 3730 pitia.
710 3668 832 3727 Omnino
850 3671 1075 3736 rescribendum,
1092 3672 1138 3724 uti
1155 3670 1272 3736 quidem

123 3739 274 3805 edidimus,
301 3756 363 3792 eum
389 3740 483 3792 omnia
509 3745 603 3795 essent
628 3739 659 3794 in
684 3740 847 3794 moribus*
863 3740 936 3795 uitia
961 3769 995 3780 -
1017 3741 1169 3797 iracundos
1196 3745 1291 3797 satos·

91 3851 94 3855 -
122 3825 283 3865 morosos
299 3809 519 3864 nominaverant.
556 3812 582 3864 A
599 3813 721 3866 moribus
740 3812 819 3865 enim
841 3811 952 3867 dicitur
975 3828 1109 3867 moronus.
1145 3814 1272 3867 Donatus

124 3883 156 3935 in
173 3882 306 3935 Terentii
324 3882 430 3951 Hecyr.
449 3881 514 3936 Act.
534 3884 588 3936 IV:
602 3880 648 3935 Sc.
667 3885 705 3950 11,
724 3886 751 3939 2.
778 3879 870 3936 Mores
885 3887 1000 3953 proprie
1018 3901 1113 3938 senum
1131 3883 1273 3951 dicuntum
1302 3896 1304 3900 ·

123 3953 193 4007 uude
223 3959 353 4006 senectus
378 3968 499 4017 morosa,
526 3960 552 4005 st
576 3955 685 4007 morosi
709 3953 842 4008 homines
867 3958 988 4024 qui-sai
1012 3957 1156 4011 cuiusdam
1182 3960 1272 4011 moris
1331 3963 1332 3967 ’

123 4029 197 4078 sant.
235 4023 362 4077 Nonius:
381 4025 492 4075 Morosa
509 4029 550 4075 est
567 4027 719 4079 contrariis
733 4024 927 4096 perversisque
946 4027 1080 4080 mombar.
1116 4029 1157 4081 Ut
1175 4037 1271 4080 autem

122 4104 222 4150 noster
239 4097 269 4150 ia
286 4094 485 4146 moribus-esee
502 4092 690 4167 uitiapdixiu
714 4095 757 4146 sic
775 4095 952 4217 Asrkpustinus
971 4097 1003 4154 O.
1022 4098 1058 4151 D.
1075 4117 1103 4149 v.
1123 4101 1165 4154 19.
1201 4099 1272 4152 Saat

123 4168 205 4231 enim,
234 4165 341 4235 inquit,
364 4168 453 4219 malta
476 4165 507 4216 in
531 4164 659 4217 moribus
686 4165 765 4218 bona.
837 4162 977 4225 mbrosius
1004 4166 1039 4220 de
1065 4167 1149 4222 Offic.
1176 4167 1271 4224 lib.1.
1360 4210 1364 4217 .

123 4256 152 4292 n.
168 4240 221 4294 .14.
259 4236 358 4292 Sermo
377 4267 410 4279 -
428 4236 528 4288 vitiam
553 4233 666 4305 aliquod
692 4250 750 4288 esse
777 4236 809 4287 in
832 4238 960 4291 moribus
978 4236 1094 4310 aperiat
1114 4245 1140 4294 et
1154 4239 1270 4308 prodat.
1305 4231 1307 4237 ’

101 4309 194 4364 >Vide
212 4317 241 4362 et
259 4326 287 4361 n.
307 4311 351 4366 89.
389 4306 464 4359 Hinc
482 4306 568 4371 illud,
809 4350 815 4356 .
1330 4337 1333 4344 »

279 4379 361 4434 ,Νανη
377 4383 504 4431 monstra
519 4377 592 4446 fato,
610 4377 737 4433 moribus
755 4379 862 4437 scelera
878 4377 1005 4453 imputes.

123 4450 176 4504 Est
194 4448 317 4525 Senepae
335 4452 367 4506 in
384 4448 503 4522 Hippoi.
528 4467 569 4505 vs.
590 4451 650 4507 144.
686 4449 727 4526 Ι).Ι
973 4464 975 4468 ’
