2842 5070
216 322 278 387 466
421 315 651 382 CICERONIS
673 314 924 382 TUSCULAN.
947 317 1178 384 DISPU'I'A'I'.

216 483 363 548 cisccudi
385 480 510 546 libido?
530 490 590 544 aut
611 500 806 566 quemquam
828 485 1028 564 poeniteret,
1051 483 1141 566 quod
1157 485 1295 549 fecisset
1318 507 1378 569 per

216 567 318 629 iraml
340 576 379 629 ut
399 565 627 631 Alexandrum
648 585 763 652 regem
783 568 948 644 videmus,
965 568 1038 647 ‚qui
1059 587 1161 650 quum
1182 568 1376 632 interemis-

215 659 267 712 set
288 649 425 725 Clitum,
448 650 647 710 familiarem
665 669 773 725 suum,
794 650 853 710 uix
868 668 887 710 a
901 669 937 712 se
952 650 1261 711 mannssbstinuitz
1282 660 1376 714 tanta

215 735 266 794 vis
278 734 344 795 fuit
357 730 558 813 poenitendi.
581 731 709 794 Quibus
721 733 876 817 cognitis,
899 733 972 812 quis
990 734 1112 813 estqui
1129 731 1275 811 dubitet,
1297 736 1375 816 quin

213 920 274 972 ulla
292 921 410 973 omnino
429 918 591 972 exstiterit:
615 916 693 985 quod
711 924 753 968 est
771 912 918 970 ἀδύνατον.
956 918 1031 971 Nam
1055 917 1131 987 quod
1157 932 1218 971 non
1244 928 1299 985 est,
1327 930 1374 974 aut

212 1009 271 1045 non
288 993 355 1054 fuit,
375 1006 433 1044 esse
450 989 580 1042 desinere
598 987 659 1041 diei
677 1003 734 1040 nou
752 997 856 1058 potest.
888 990 965 1041 llaec
983 989 1036 1058 qui
1055 1005 1113 1042 non
1135 990 1226 1055 videt,
1244 1006 1276 1043 es
1295 992 1373 1044 nihil

212 1059 312 1115 videre
333 1065 460 1114 fatentur
486 1075 601 1113 necesse
626 1058 702 1112 est.“
728 1057 824 1112 Lemb.
865 1059 970 1112 Brutus
997 1076 1050 1112 cur
1075 1059 1132 1113 ullu
1150 1061 1373 1130 improbandum

213 1133 260 1197 sit,
288 1150 317 1185 se
341 1150 399 1186 nen
422 1130 591 1205 intelligere
613 1131 739 1182 letetur:
770 1147 891 1200 eamque
917 1130 1075 1183 lectionem
1098 1132 1129 1182 in
1157 1131 1226 1188 eod.
1257 1134 1371 1204 Grypb.

213 1220 271 1255 esse
295 1206 396 1256 refert.
433 1201 602 1255 Gebhardus
626 1217 740 1269 quoque
766 1201 910 1270 potiorem
937 1201 1012 1271 apud
1037 1219 1065 1254 se
1095 1218 1153 1253 esse.
1179 1203 1221 1254 ait
1239 1206 1371 1257 omnium

213 1273 352 1327 codicum
370 1289 549 1337 consensum,
568 1287 653 1341 quam
672 1271 827 1341 magnilica
844 1271 977 1323 Lambini
995 1271 1087 1326 verba.
1117 1270 1372 1329 Exhibere‘sutem

211 1346 268 1397 velia
287 1346 414 1415 quinque
433 1343 583 1407 Palatinos,
609 1341 701 1394 Vatic.
720 1341 855 1425 Victorii⁴
865 1342 1030 1426 editionem.
1067 1344 1208 1395 Ernestus
1227 1348 1373 1399 autemst

210 1413 1049 1557 tit?s3513}²§.eleuteriitubitet.ill
1061 1415 1161 1537 deli
1176 1415 1270 1540 iil·
1283 1417 1372 1555 itt

150 1596 156 1603 .
209 1557 295 1611 Leod.
317 1567 345 1611 et
363 1558 478 1620 hebent,
501 1556 526 1607 si
549 1555 619 1607 lides
639 1554 799 1619 collationi,
826 1553 896 1606 Oxx.
925 1562 994 1619 tres,
1016 1556 1146 1624 itemque
1163 1556 1252 1610 cnud.
1273 1559 1370 1612 Duisb.

210 1629 284 1681 Gud.
304 1629 376 1702 Aug.
414 1627 449 1678 In
470 1642 528 1678 uno
547 1625 597 1678 Ox.
626 1634 669 1676 est
692 1625 864 1678 ulciscenda
889 1625 986 1679 libido.
1024 1627 1058 1677 In
1086 1643 1165 1696 seqq.
1192 1628 1268 1682 Gud.
1289 1633 1313 1685 2.
1341 1638 1372 1683 et

209 1699 283 1751 Gud.
307 1705 330 1754 l.
358 1699 430 1768 qued
459 1697 624 1763 defecisset,
655 1713 728 1746 unus
752 1696 802 1748 Ox.
832 1696 904 1764 qued
931 1695 1125 1760 deficere&
1162 1697 1238 1750 illud
1263 1700 1372 1753 habent

209 1767 585 1823 etiamOcdd.1Palat.sec.
612 1773 680 1818 tert.
701 1766 784 1818 Febr.
823 1768 877 1818 Pro
895 1768 1090 1820 Alexandrum
1107 1767 1160 1819 Ed.
1181 1769 1253 1822 Ven.
1280 1774 1369 1825 ubstr.

208 1839 327 1892 exhibet
343 1839 517 1893 Alexander.
554 1839 615 1891 Mr.

278 1933 336 1981 Aut
359 1929 447 1994 finem
471 1925 595 1990 baberet,
621 1925 784 1994 priusquam
810 1931 882 1978 esset
905 1925 978 1991 ulta,
1005 1926 1159 1980 ulciscendi
1182 1927 1284 1996 libido]
1322 1930 1371 1984 Sic

206 1999 285 2052 hunc
303 2001 402 2051 locum
419 1999 567 2070 praeclare
585 1997 717 2049 restituit
735 1999 763 2049 P.
784 1997 941 2061 lllanucius,
960 2000 1048 2067 quem
1067 2000 1173 2051 inscito
1192 2008 1307 2052 secutus
1327 2009 1370 2054 est

206 2071 240 2122 D.
260 2070 422 2122 Lambinus.
461 2068 556 2142 Vulgo
571 2068 641 2132 ullu,
666 2084 719 2119 nec
744 2066 832 2119 alitor
850 2068 945 2119 lllsstis
976 2084 1102 2138 quorum
1120 2070 1198 2140 apud
1224 2088 1256 2123 se
1274 2071 1369 2141 potie-

207 2159 270 2194 rem
289 2159 347 2194 esse
366 2156 536 2193 consensum
552 2147 678 2191 testatur
697 2137 874 2201 Gebhardus‚
898 2155 984 2208 quern
1012 2140 1180 2212 magnificas
1208 2142 1368 2195 edictiones

207 2212 348 2264 Lambini.
387 2211 426 2263 At
443 2210 529 2262 horno
548 2217 654 2274 noster,
672 2208 763 2261 malae
782 2224 881 2260 causae
898 2209 1037 2278 pessimus
1057 2219 1100 2262 est
1116 2220 1273 2280 petnunns3
1299 2228 1368 2264 nam

205 2284 292 2352 plane
315 2283 443 2351 ineptam
467 2296 529 2332 esse
553 2279 688 2332 Codicum
715 2278 890 2347 scripturam
915 2279 1012 2332 statim
1036 2280 1146 2334 videbit
1171 2283 1205 2347 is,
1235 2283 1286 2336 cui
1307 2300 1368 2335 non

207 2354 326 2406 omnino
345 2353 423 2403 deest
441 2349 631 2402 ratiocinandi
650 2349 780 2401 facultas.
819 2349 877 2413 ira,
907 2349 1063 2404 definiente
1082 2351 1233 2417 Cicerone,
1259 2362 1303 2405 est
1321 2355 1368 2406 ul-

206 2423 333 2476 ciscendi
358 2422 454 2473 libido.
498 2421 530 2474 Si
555 2421 649 2496 igitur
676 2420 723 2472 ire
746 2421 828 2484 finem
852 2418 979 2486 baberet,
1007 2423 1174 2491 priusquam
1204 2429 1278 2477 esset
1305 2425 1369 2476 ulla

205 2493 361 2546 ulciscendi
378 2491 488 2553 tiliam
506 2491 595 2544 linem
613 2491 732 2543 heberet
745 2491 797 2553 ira,
816 2491 984 2564 priusquam
992 2501 1080 2558 esset3
1099 2492 1219 2558 horest,
1239 2494 1367 2548 existere

206 2565 360 2629 desineret,
377 2564 546 2634 priusquam
564 2562 718 2625 existeret3
747 2561 824 2628 quod
846 2562 932 2684 pqane
951 2571 1102 2638 repugnat.
1140 2563 1238 2637 igitur
1263 2565 1367 2618 sinon

206 2652 315 2700 caecus,
333 2634 388 2686 hac
406 2643 502 2685 tamen
521 2632 551 2684 in
570 2650 601 2686 rs
621 2632 785 2683 luscitiosus
803 2632 831 2684 J.
882 2632 1017 2698 .Brutus‚
1036 2635 1088 2703 qui
1107 2650 1159 2687 cur
1176 2635 1367 2704 improbanda

205 2708 297 2760 fuerit
315 2706 367 2757 illa
385 2704 473 2757 lectio
491 2720 550 2756 non
569 2702 759 2776 intelligebat.
797 2701 834 2754 D.

275 2793 472 2859 Alexandrum
496 2807 592 2859 regem
615 2789 753 2856 videmus]
791 2790 857 2844 God.
883 2791 961 2852 Gud.
983 2788 1107 2845 uidemus
1133 2809 1235 2860 regem.
1272 2794 1317 2847 Ad
1334 2814 1362 2849 v.

204 2866 334 2930 uidemus,
353 2877 411 2932 qun
430 2863 531 2914 Cicero
550 2861 646 2914 utitur
664 2862 698 2914 de
717 2863 800 2915 rebus
819 2879 854 2914 cx
872 2863 1047 2932 scriptorum
1065 2863 1240 2918 testimoniis
1265 2868 1366 2940 cogni-

204 2934 252 3002 tis,
270 2935 329 2988 vid.
350 2934 443 2986 Beier.
463 2933 498 2985 ad
515 2930 575 2986 Cic.
595 2933 672 2985 Lael.
693 2937 736 2996 16,
756 2936 799 2988 56.
823 2950 852 3016 p.
872 2934 915 2988 89.
942 2933 984 2985 ed.
1005 2932 1070 2998 mai.
1108 2935 1152 2988 Ad
1179 2952 1244 2988 rem
1263 2935 1365 2990 Game-

204 3007 313 3059 rerius:
333 3004 495 3072 ,‚Historia,
514 3002 564 3068 ait,
583 3003 695 3055 nemini
713 3005 805 3055 femus
823 3012 923 3078 ignota
942 3011 994 3070 est,
1014 3013 1044 3058 et
1061 3004 1135 3075 apud
1144 3004 1244 3075 plures
1260 3014 1363 3060 exstat.

203 3079 465 3147 Maximeputatur
489 3074 669 3138 exacerbasse
688 3073 883 3126 Alexandrum
908 3073 1003 3126 clitus
1029 3075 1288 3130 corninunicatione
1317 3095 1365 3130 re·

203 3167 270 3200 rum
292 3146 450 3200 Alexandri
474 3162 542 3198 cum
568 3145 647 3210 aliis,
678 3145 807 3197 versibus
834 3148 1065 3199 commemoratis
1095 3164 1132 3202 ex
1160 3147 1365 3202 Andromacha

202 3219 353 3288 Euripidis
372 3217 436 3283 [673
454 3214 546 3286 sqq.]:
960 3233 965 3239 ·

370 3293 475 3356 οἴμοι,
494 3282 561 3338 καθ’
581 3281 688 3338 Ἑλλάδ’
707 3281 746 3346 οἷς
762 3290 849 3346 κακοῖς
867 3289 1019 3353 renitetur!

365 3361 436 3414 ὅταν
453 3360 574 3430 τροπαῖοι
592 3359 735 3428 πολεμίων
753 3357 837 3425 στήσῃ
856 3359 982 3426 depende,
1035 3407 1037 3414 ,
1064 3375 1083 3409 ’.

367 3427 400 3484 ου’
420 3428 475 3483 τῶν
492 3429 656 3481 πονούντων
673 3425 792 3496 τοῦργον
814 3428 947 3496 ἡγοῦνται
965 3426 1039 3494 τόδε,

179 3523 185 3528 ·
257 3562 259 3566 ¹
366 3503 429 3554 ἀλλ’
448 3498 466 3552 ὁ
485 3498 637 3582 nspetqyde
654 3495 704 3566 τὴν
720 3494 835 3565 δόκησιν
851 3501 976 3570 ὄρνυται,

367 3571 408 3636 ὃς,
433 3563 472 3630 εἷς
487 3567 550 3637 μετ’
567 3565 659 3621 ditur
676 3575 784 3639 μυρὰον
800 3564 910 3623 πάλλων
925 3569 1008 3656 dopo,

247 3653 251 3660 “
365 3639 453 3696 οὐδὲν
469 3640 554 3694 πλέον
572 3639 648 3709 dpeic
666 3637 739 3703 ἑνὸς,
756 3641 817 3710 ἔχει
834 3645 918 3711 fllelte
941 3641 1059 3710 ieyorf‘-

201 3713 245 3767 Ad
268 3731 331 3767 rem
354 3732 382 3765 v.
409 3711 699 3781 interpretescurtii
718 3711 797 3764 Vlll.
818 3717 841 3766 1.
862 3716 898 3767 20
914 3729 977 3783 sqq.
1005 3722 1034 3765 et
1050 3713 1086 3766 sd
1103 3712 1140 3778 sl.
1160 3713 1232 3766 libri
1250 3730 1315 3785 cap.
1333 3719 1361 3772 2.

200 3812 233 3828 -s
253 3789 293 3840 Ut
310 3786 340 3837 h.
360 3784 381 3835 l.
407 3783 479 3835 dicit
502 3782 551 3832 ris
570 3796 587 3832 ο
606 3796 637 3831 se
654 3792 753 3832 manus
777 3780 935 3848 uls-stimet,=
950 3785 992 3836 its
1015 3784 1062 3841 Or.
1088 3783 1120 3835 in
1143 3782 1238 3838 Vetin.
1257 3789 1286 3852 4,
1308 3791 1360 3842 10:

198 3862 229 3910 ut
247 3872 347 3910 monus
364 3870 383 3906 a
402 3860 428 3905 te
447 3851 570 3904 domines
587 3851 634 3902 vie
651 3851 798 3905 obstinere
813 3853 935 3921 possint.
974 3851 1034 3908 Mr.

215 3975 217 3979 -
271 3945 401 4019 quissent,
420 3940 467 4011 qui
485 3937 605 4004 dubitet]
643 3934 676 3990 ln
695 3953 787 4016 enar}
806 3938 878 3997 Etid.
899 3940 1013 3995 Lambb.
1035 3941 1122 3998 Geth.
1141 3942 1228 3997 Verb.
1247 3943 1363 3998 dicitur

198 4030 256 4069 esse
276 4017 308 4066 in
327 4012 450 4080 quodam
468 4010 528 4066 cod.
554 4019 612 4062 vet.
640 4010 758 4077 rudae,
780 4012 884 4066 additis
908 4013 953 4079 (in
978 4013 1083 4066 duatus
1100 4015 1173 4068 End.
1189 4014 1361 4084 prioribus)

196 4085 305 4153 verbim
334 4099 393 4136 non
416 4083 520 4152 placet.
549 4081 588 4133 Et
616 4090 705 4134 recte.
742 4080 796 4136 Est
820 4084 900 4137 enim
927 4083 1119 4168 interrogetis
1148 4085 1299 4152 eiusmodi,
1326 4092 1362 4138 ut

196 4163 321 4222 ponatur
338 4169 392 4224 pro
410 4153 579 4226 negatione:
600 4165 678 4206 nemo
696 4160 748 4218 est,
765 4153 814 4224 qm·
832 4155 944 4208 dubitet.
981 4158 1051 4208 Pons
1077 4165 1174 4208 sutem
1192 4172 1274 4226 posse
1294 4158 1362 4226 qui-

197 4220 262 4280 dem
271 4243 338 4278 cum
349 4224 510 4276 indicativo
519 4224 679 4276 locutiones
690 4231 755 4278 sunt
766 4227 822 4294 qui,
839 4231 929 4292 eraut,
948 4229 997 4294 qui
1004 4250 1039 4265 *-
1050 4242 1104 4279 nec
1112 4242 1182 4279 vero
1192 4229 1361 4300 negativas:

163 4363 165 4367 Α
195 4303 331 4363 messui,
351 4295 398 4366 qui
414 4327 457 4360 -‚
478 4310 532 4347 non
550 4301 598 4359 ess,
618 4295 668 4363 qui
682 4326 725 4361 -,
745 4297 802 4347 iam
819 4297 888 4349 alibi
905 4296 1016 4350 anobis
1032 4299 1192 4366 expositum
1205 4307 1258 4350 est.
1287 4299 1361 4353 God.

194 4371 270 4422 ilion.
280 4374 304 4424 1.
320 4365 430 4421 omittit
447 4382 553 4435 quoqne
570 4373 635 4434 post
648 4362 709 4432 tte3
725 4383 796 4419 ¹mm
807 4367 884 4420 Gud.
895 4367 982 4421 babet
996 4368 1235 4438 tctsscpirmds'lt‘s
1253 4369 1305 4423 sit.
1325 4371 1362 4423 iu

195 4457 273 4510 seqq.
284 4439 416 4492 Davisius
428 4437 463 4490 ad
478 4455 505 4490 v.
518 4436 590 4492 Quis
603 4437 676 4490 enim
689 4437 826 4491 dubitent
835 4437 900 4508 [pro
913 4452 972 4508 que
982 4436 1015 4491 in
1025 4437 1097 4494 Gud.
1115 4437 1361 4507 audebimusne]
