2842 5070
204 301 267 368 iss
403 291 1157 365 o1cmomsrosconm.n1sromr.
1192 309 1218 379 g
1262 346 1280 382 .,

204 461 259 530 re's
281 465 457 528 innostra
476 450 643 545 potestate
664 432 819 538 est‚)'cui
839 480 906 521 non
927 457 1099 542 ponendae
1120 477 1221 520 curae
1242 466 1277 520 et
1303 478 1359 522 ae·

203 545 385 634 gritudinis
406 564 505 606 cause
527 541 728 605 serviamusl
762 541 944 604 Constabat
964 562 1031 619 eos,
1054 543 1110 622 qui
1124 539 1359 604 concidentem

202 629 400 692 vulneribus
423 626 499 689 Gn·
511 626 706 709 Pompeium
725 623 899 702 vidissent,
922 636 1024 705 quum
1044 625 1080 683 in
1095 625 1153 684 illo
1168 625 1243 704 ipso
1261 642 1359 685 acer·

209 753 476 766 ,μ--ι-ῡι-υ-ιι-

269 814 421 868 Ponendae
444 821 583 867 curaret
613 809 809 881 aegritudinis
834 809 937 878 caasa]
973 810 1077 885 Vulgo,
1103 809 1250 877 ponendae
1270 809 1358 863 carae

205 885 397 954 aegritudinis
414 897 513 948 canem
530 900 584 936 nec
603 884 690 936 aliter
705 880 840 952 plerique
856 883 945 935 lllssti.
957 936 960 943 ,
972 882 1049 934 Hinc
1067 883 1238 945 factumst
1256 883 1358 932 Manu·
1402 942 1405 948 ,

181 998 185 1016 Ἀ
202 959 264 1009 cius
281 966 312 1009 et
328 955 490 1008 Lambinus*
506 956 598 1007 altera
621 968 691 1006 vace
716 954 811 1006 deleta
834 952 1037 1022 rescripserint
1060 953 1204 1019 ponendae
1214 980 1216 984 ·
1227 954 1358 1018 aegritu·

173 1031 175 1035 ’
202 1026 282 1081 dinis
309 1041 402 1079 caasa.
445 1025 501 1079 Sed
524 1024 695 1090 medicinam
722 1025 814 1076 multo
847 1023 991 1077 leniorem
1013 1023 1220 1093 praestiterunt
1245 1023 1355 1074 Eliens.
1412 1047 1415 1050 ⁴

202 1113 257 1150 sec.
286 1107 314 1150 et
333 1096 431 1151 colon.
460 1111 530 1164 quos
556 1096 675 1147 omnino
700 1093 855 1162 sequendos
882 1094 1023 1146 duximus.
1060 1092 1091 1146 Si
1106 1109 1178 1151 ¹vero
1195 1091 1357 1161 Epitheton

202 1168 343 1237 quoddam
362 1165 412 1218 sub
429 1182 500 1219 voce
518 1182 604 1221 curae
620 1166 713 1219 latere
731 1163 1080 1232 censees3'rescripseri1n
1103 1163 1250 1230 ponendae
1267 1163 1356 1216 durae

163 1234 165 1240 ’
203 1238 395 1306 aegritudinis
414 1251 508 1289 causa.
544 1234 616 1288 Vide
635 1237 672 1287 sis
699 1236 860 1300 adlini,
880 1238 921 1290 13.
960 1235 995 1287 D.

272 1308 412 1381 ponendqe
430 1320 515 1360 curae
532 1306 732 1374 aegritudinis]
768 1305 901 1371 „Lubens
919 1304 1080 1375 amplector
1096 1303 1206 1357 Davisii
1225 1304 1357 1360 emenda-

120 1387 123 1394 '
202 1378 315 1431 tionem
337 1386 401 1448 post
425 1394 509 1430 carae
532 1378 746 1445 interponentis
770 1383 810 1429 et:
840 1392 873 1428 eo
896 1377 996 1451 magis<
1009 1393 1075 1427 cain
1093 1376 1227 1448 firmetur
1250 1374 1356 1428 duobus
1399 1439 1404 1448 ἲ

203 1448 289 1501 Godd.
310 1444 536 1500 heiodf‘sBoat.
573 1447 631 1513 „lit
650 1446 828 1499 addidi'cum
845 1446 934 1499 Bouh.
955 1463 991 1498 ex
1008 1445 1108 1498 MSS.“
1127 1447 1197 1498 Ern.
1226 1445 1356 1511 „Ronm-

204 1518 257 1571 doe
282 1533 367 1570 curae
385 1523 416 1570 ‘et
441 1512 637 1589 aegritudinis
660 1531 747 1570 causa
774 1517 838 1568 i.·e.
862 1516 993 1585 ponenda
1016 1532 1083 1568 aura
1109 1525 1138 1567 et
1162 1516 1354 1601 aegritudine.

202 1590 312 1641 Verum
335 1589 375 1640 sic
401 1589 549 1640 neminem
572 1585 741 1659 priscorum
759 1587 936 1655 scriptorum
962 1588 1092 1638 locutum
1115 1586 1239 1639 invenio.
1281 1587 1354 1638 Puto

103 1680 106 1688 ¹
202 1658 372 1732 legendum:
398 1653 527 1725 poneadd
546 1654 626 1722 cord,
646 1656 833 1723 aegritudinis
851 1654 947 1710 causti.
985 1657 1059 1708 Nam
1077 1661 1103 1708 et
1122 1657 1200 1709 deest
1217 1655 1296 1709 aliis:
1322 1655 1355 1708 id

203 1745 283 1793 vero,
303 1728 378 1797 quod
396 1745 482 1780 curae
501 1736 552 1792 est,
563 1734 655 1780 'causa
673 1737 714 1781 est
732 1727 953 1810 aegritudinis.“
972 1727 1083 1780 Nissen.
1110 1726 1193 1779 Prius
1209 1727 1355 1800 excogitat

204 1797 493 1868 explicationemN„
522 1815 609 1867 quam
653 1807 819 1850 reinmatma
841 1799 915 1851 ratio
946 1798 978 1850 in
1004 1797 1051 1848 his
1077 1796 1172 1849 verbis
1189 1797 1278 1850 inesse
1297 1813 1357 1848 non

240 1869 345 1922 titurz‘
364 1877 428 1919 tuin
452 1868 485 1921 ea
506 1869 614 1921 reiecta
662 1869 807 1921 iseronem
834 1870 944 1921 acutius
976 1884 1062 1936 quam
1085 1869 1243 1941 elegantius
1270 1867 1356 1936 loqui

224 1947 310 1992 ocete
333 1939 484 1998 Sententia
502 1947 557 1990 est:
583 1938 697 1990 nullum
715 1954 818 1991 revera
835 1948 878 1992 est
895 1947 1017 2007 tempus,
1049 1939 1096 1990 cui
1114 1955 1171 1990 non
1186 1939 1356 2004 serviamus,

203 2017 237 2072 ut
260 2027 357 2062 curam
380 2009 648 2084 aegritudinemque
671 2025 815 2079 ponamus.
854 2009 936 2074 ‚Quid
958 2007 1071 2060 facilius
1097 2009 1194 2079 potuit
1213 2005 1368 2073 excideres

204 2097 290 2150 quam
312 2086 339 2132 et
362 2079 441 2131 inter
463 2095 498 2131 ae
519 2087 548 2131 et
576 2079 638 2131 aei·
656 2079 696 2130 Et
720 2079 929 2132 hebentillud
952 2083 988 2142 et,
1008 2081 1129 2148 praeter
1146 2079 1232 2132 Codd.
1252 2097 1268 2130 a
1285 2079 1355 2130 Dav.

202 2149 341 2214 laudatos,
361 2151 450 2201 etiem
468 2149 541 2202 Gud.
564 2153 589 2203 1.
609 2149 833 2218 antiquissimus,
851 2149 947 2201 Duisb.
967 2149 1051 2200 Vind.
1067 2154 1090 2204 1.
1102 2151 1127 2204 l.
1147 2151 1222 2202 Mon.
1237 2151 1263 2202 2.
1282 2149 1356 2202 Edd.

194 2221 277 2284 =Iiall⁸
305 2220 377 2272 Ern.
405 2236 484 2288 seqq.
521 2219 613 2271 Verba
637 2234 721 2271 merae
746 2226 772 2272 et
800 2219 938 2271 omittunt
961 2219 1032 2271 Edd.
1057 2221 1089 2274 1..
1115 2221 1151 2270 M.
1178 2220 1246 2272 Fre.
1260 2219 1355 2282 fabr.

205 2290 280 2343 Oliv.
319 2288 549 2341 Corae'uncinis
577 2287 695 2340 inclusit
720 2289 842 2344 Hwolf.
884 2289 1002 2359 Reliqui
1031 2289 1171 2342 omittunt
1194 2295 1231 2343 et.
1259 2291 1357 2342 'Unus

206 2361 256 2414 Ox.
275 2359 361 2410 habet
386 2374 452 2410 nan
476 2357 639 2412 serviamus.
677 2360 738 2412 Mr.
1139 2383 1152 2408 μ
1353 2386 1356 2395 ·

276 2428 425 2481 Constabat
443 2444 499 2495 sos,
520 2431 568 2497 qui
585 2428 788 2496 concidentem]
825 2429 1003 2500 „Pompeius
1026 2429 1217 2484 conscendens
1240 2429 1359 2484 navicu·

205 2496 264 2550 lem
282 2499 469 2551 aPtolemaeo
487 2500 669 2564 missam,'ed·
682 2517 801 2554 uxorem
819 2501 971 2570 filiumque
982 2506 1145 2567 conversus,
1164 2499 1359 2571 Sophocleum

206 2567 282 2621 illud
307 2569 521 2640 pronuntiavit:

371 2640 441 2701 ὅςτις
463 2638 495 2692 δὲ
512 2634 581 2709 πρὸς
598 2633 736 2710 τύραννον
755 2636 957 2710 trincesimo·
1271 2684 1274 2691 .
1357 2666 1358 2672 ¹

28 2773 34 2782 ¹
204 2762 211 2771 ,
363 2713 462 2781 κείνου
479 2713 532 2762 ’στὶ
550 2710 659 2779 δοῦλος,
678 2712 728 2764 etv
744 2706 883 2780 ἐλεύθερος
893 2711 973 2779 μόλῃ.
993 2710 1148 2778 [Plutarchi
1160 2710 1285 2783 Pompei.
1299 2711 1357 2779 78.]

113 2789 119 2798 ·
207 2779 305 2850 ibique
324 2780 356 2832 ab
375 2780 491 2833 Achilla
510 2790 539 2833 et
557 2775 697 2851 Septimio
716 2779 947 2835 interficitur.—
967 2810 999 2821 —
1018 2783 1198 2848 Plutarchus,
1216 2784 1359 2849 hircanus,

206 2852 298 2903 ceteri
325 2851 445 2902 tradunt
468 2851 613 2902 ululatum
637 2852 796 2904 inaximum
822 2853 858 2904 ad
886 2855 970 2906 littus
995 2871 1086 2921 usque
1111 2854 1246 2907 emissum
1269 2853 1359 2905 fuisse
1379 2909 1382 2915 ¹

207 2919 371 2985 comitibus,
390 2921 452 2972 viso
470 2922 599 2991 Pompeii
617 2939 696 2974 casu:
716 2923 817 2975 cicero
834 2941 903 2977 vero
919 2940 965 2977 eos
984 2924 1061 2975 nihil
1079 2924 1157 2976 aliud
1174 2931 1237 2975 tum
1256 2924 1358 2998 egisse,

127 2994 133 2999 “
206 2991 264 3041 nisi
281 2998 314 3042 ut
331 2989 456 3066 remiges
473 2991 663 3045 hortarentur
679 2993 713 3045 ad
731 2994 943 3067 remigandum:
964 2995 1078 3048 demum
1096 2995 1146 3047 ubi
1164 2995 1196 3047 in
1212 3003 1278 3047 tuto
1295 2996 1360 3045 fue«

207 3068 278 3112 runt
296 3061 448 3128 lamentari
467 3061 601 3131 coepisse.
639 3063 724 3115 Canit
746 3065 876 3116 Lucanus
895 3064 1001 3131 [Phars.
1021 3064 1083 3130 lX.]
1108 3065 1284 3118 Corneliam
1297 3065 1360 3116 visa

167 3195 170 3200 ι
208 3130 340 3206 coniugis
363 3148 434 3184 nece
453 3131 674 3184 delamentatam
690 3151 749 3187 esse
773 3135 914 3189 flebiliter
932 3143 961 3187 et
978 3128 1164 3204 tacryinosez'
1181 3151 1247 3188 mox
1273 3142 1360 3205 caput

207 3200 296 3254 ferali
322 3202 438 3255 amictu·
459 3202 606 3256 obduxisse
625 3212 654 3256 et
678 3205 710 3256 in
731 3206 862 3257 cavernis
887 3205 998 3280 navigii
1019 3205 1176 3259 tenebrosis
1200 3206 1357 3259 delituisse.

207 3271 283 3325 Dein
306 3277 375 3324 cum
396 3273 594 3342 pervenissent
621 3274 748 3326 additus
765 3274 1031 3337 'Africanum-ubi
1060 3285 1121 3328 erat
1139 3277 1218 3342 Ceto,
1245 3276 1359 3328 luctum
1399 3323 1401 3327 .

131 3412 133 3416 ‚
209 3344 395 3407 esserfactum
414 3343 719 3412 exemplo'carentem,
738 3345 836 3414 ibique
854 3346 986 3398 menibus.
995 3347 1125 3416 Pompeii
1142 3343 1359 3417 parentatum.‘⁴.

208 3412 292 3465 Bere.
329 3413 465 3476 „Habent
483 3413 601 3479 quidem
620 3413 689 3465 libri
708 3429 803 3476 omnes
821 3417 979 3469 constabat:
1004 3417 1052 3470 sed
1073 3417 1147 3470 ratio
1173 3416 1359 3485 videturpa-

208 3483 316 3534 stulare
335 3482 476 3535 canstat.“
499 3481 588 3535 Roob.
625 3483 713 3550 „Non
729 3486 856 3553 postulat
877 3486 934 3538 hoc
952 3487 1035 3538 ratio.
1072 3487 1149 3539 Tum
1167 3489 1244 3541 enim
1262 3503 1359 3540 versa·

208 3559 269 3604 tam
287 3568 348 3605 eam
366 3570 430 3605 rem
448 3554 565 3605 esse'in
589 3568 638 3605 ore
666 3554 795 3606 omnium
818 3556 883 3608 vult
901 3557 1010 3620 Cicero,
1030 3574 1096 3610 cum
1114 3557 1149 3610 de
1166 3565 1261 3610 morte
1278 3560 1359 3610 Pom·
1389 3575 1399 3595 s

126 3673 128 3676 .
208 3623 269 3694 peii
286 3623 405 3676 nuntius
422 3623 625 3698 vulgabatur.“
642 3625 745 3678 FAW.
766 3626 798 3676 in
816 3626 930 3679 scholis.
962 3626 1005 3678 Ad
1021 3627 1170 3682 Bouhierii
1187 3629 1359 3681 sententiam

132 3717 136 3721 ’
208 3695 338 3746 correxit
362 3694 488 3764 scriptor
510 3693 622 3746 (lodiois
636 3694 734 3759 'Rehd
759 3701 875 3749 constat
912 3696 957 3749 Ad
980 3714 1041 3750 rem
1061 3699 1098 3750 cf.
1123 3715 1173 3751 nos
1191 3699 1226 3751 ad
1242 3699 1304 3752 Cic.
1323 3698 1359 3751 de

208 3763 273 3814 niv.
293 3759 330 3815 ll.
350 3766 376 3818 9.
394 3782 424 3833 p.
443 3766 503 3818 327.
525 3781 567 3833 sq.
606 3763 698 3834 Supra
721 3783 749 3818 r.
769 3758 962 3822 concidentem>
976 3768 1017 3818 in'
1030 3768 1120 3822 Rehd‘.
1150 3778 1193 3823 est
1217 3770 1359 3839 scriptum

209 3833 385 3902 occidentem.
421 3834 596 3886 Praenomen
620 3833 746 3903 Pompeii
771 3837 803 3888 in
825 3841 899 3890 Mon.
919 3840 945 3892 2.
970 3839 1062 3891 estc.
1082 3840 1130 3903 11„
1163 3840 1237 3908 quod
1262 3848 1359 3892 ortum

209 3911 252 3956 est
270 3920 306 3956 ex
324 3903 481 3972 scriptione
500 3903 530 3955 C.
550 3902 587 3955 N.
606 3922 693 3973 quam
709 3906 795 3959 habet
814 3909 886 3960 Gud.
906 3911 932 3963 2.
959 3906 1023 3978 (pm
1043 3909 1114 3974 ΟΝ.)
1132 3927 1198 3962 cum
1216 3911 1252 3962 Η.
1274 3910 1304 3962 et
1318 3908 1356 3962 tt.

209 3973 331 4042 quodam
357 3980 490 4043 tempore
508 3974 673 4027 'simillimis
699 3976 829 4030 ductibus
856 3980 967 4031 fuerint
996 3980 1112 4050 scripta.
1137 3981 1201 4043 Vid.
1227 3979 1359 4054 Reringii

209 4042 794 4116 clav.Dtplom.Tabu1.Alphabet.111.
816 4066 851 4101 ex
868 4049 1012 4103 lllabillon
1033 4051 1066 4102 de
1085 4067 1118 4103 re
1136 4050 1255 4121 diplom.
1280 4051 1360 4105 Scri-
1403 4069 1405 4076 ⁴

150 4129 153 4134 “
201 4113 290 4167 bitur
307 4113 460 4184 Gneumin
477 4114 530 4166 Ed.
549 4116 620 4168 Ve'n.
644 4127 732 4175 nostr.
759 4119 791 4171 in
815 4120 900 4173 Codd.
920 4120 1009 4173 Rehd.
1028 4121 1145 4187 Duisb.;
1176 4121 1227 4175 Gn.
1255 4121 1359 4176 in.·Ed.

203 4185 272 4239 Asc.
293 4189 318 4240 l.
339 4193 368 4237 et
385 4185 416 4236 in
434 4186 507 4240 Gud.
529 4190 565 4252 1.,
583 4195 616 4239 ut
634 4190 812 4259 scripsimus,
830 4206 911 4243 more
928 4191 1058 4260 antiquo.
1077 4194 1111 4244 V.
1130 4193 1223 4245 Beier.
1243 4193 1279 4244 ad
1297 4192 1357 4246 oie.

208 4254 549 4326 a00ff.11.1o.57..p.
572 4261 630 4313 112.
669 4261 729 4314 Mr.
1114 4283 1122 4289 ·

258 4373 260 4377 .
278 4325 311 4379 in
329 4325 381 4379 illa
399 4325 462 4393 ipso
481 4327 703 4381 acerbissimo-
714 4327 880 4399 spectaculo]
899 4335 934 4385 In
952 4349 1010 4384 non
1026 4333 1133 4385 habent
1151 4331 1231 4386 oud:
1245 4335 1319 4386 Mon.
1332 4336 1356 4387 1.
1403 4355 1405 4358 ’

208 4397 310 4453 Vindd.
331 4415 403 4451 unus
420 4398 499 4453 held.
525 4399 643 4453 Eicidit
661 4399 702 4469 in,
721 4404 840 4457 fortasse
858 4419 1012 4474 operarum
1030 4420 1138 4470 errore,
1157 4404 1189 4457 in
1204 4404 1257 4458 Ed.
1272 4405 1357 4458 Grut.
