2842 5070
158 338 161 346 -
188 292 250 367 eta
389 290 888 377 e1cuu0N1sq'rUscutsN.
911 295 1145 361 DISPUTAT.

189 493 191 497 >
211 448 238 523 λ’
240 456 324 536 llam,
334 455 532 543 Amorqnem
544 459 685 534 diderat,
706 463 764 542 qni
775 462 851 544 plne
863 459 965 542 po'tlet
980 464 1151 545 potiorque
1165 459 1218 526 e'et
1238 472 1347 544 patre.

124 538 166 602 33
187 576 195 591 «
271 539 337 605 Sed
356 551 470 624 poetes
488 542 785 621 ludere-sinautem
800 565 942 627 quorum
953 547 1071 607 fabulis
1084 549 1120 606 in
1133 546 1199 607 hoc
1211 549 1348 630 flagitio

127 621 170 673 ⁷0·
189 626 320 684 versari
341 626 450 706 ipsum
472 622 623 687 videmus
647 625 769 690 Iovem.
816 625 868 688 Ad
889 630 1066 711 magistros
1087 630 1243 705 virtutis,
1273 629 1347 710 phi-

185 706 561 786 losophosv'cniamus:
594 709 651 789 qui
672 712 821 770 amorem
844 721 966 793 negant
995 712 1105 791 stupri
1133 730 1219 787 esse,
1254 708 1346 774 et'iu

101 857 104 862 .
185 803 229 867 ¹eo
251 789 385 871 litigant
405 808 481 850 cum
503 791 672 871 Epicuro„
692 810 761 869 non
787 791 941 868 multum,
972 799 1010 851 ut
1031 794 1145 873 opinio
1169 812 1245 854 mea
1268 795 1345 871 fert,

184 870 381 934 mentiente.
435 870 516 936 Quis
537 881 587 934 est
613 875 708 933 enims
722 873 786 934 iste
807 893 901 936 arnor
923 872 1115 940 amicitiael.
1138 878 1216 936 cnr
1235 894 1345 956 neque

185 1061 318 1124 posset,
336 1054 420 1108 Vind.
442 1061 466 1112 l.
482 1063 568 1124 patre
587 1063 635 1110 est.
674 1057 749 1122 Sola,
768 1058 944 1124 revidetur,
964 1058 1016 1111 Ed.
1036 1058 1129 1113 Alteri
1141 1060 1231 1114 habet
1248 1055 1344 1130 potior

188 1125 249 1194 qai
266 1133 314 1178 eet.
352 1128 514 1197 Utrumque
532 1146 648 1180 versum
672 1132 711 1180 ut*
722 1128 880 1181 iambicum
906 1130 1122 1198 quaternarium
1143 1133 1265 1203 scripsit
1283 1134 1343 1188 Bil-

110 1215 119 1221 ·
183 1194 350 1269 lerbeckius
369 1216 405 1251 ex
421 1198 572 1261 sententia,
591 1207 623 1250 ut
640 1190 766 1264 videtur,
785 1199 978 1252 Groteiendii.
1014 1201 1076 1254 Me.
1199 1247 1201 1250 ,

184 1278 208 1326 ἢ
258 1267 306 1335 qni
321 1266 387 1336 plne
402 1269 489 1336 pollet
504 1269 654 1339 potiorque
672 1269 725 1337 eet]
757 1268 801 1322 Ad
819 1271 973 1323 verborum
990 1272 1162 1324 sententiam
1172 1275 1252 1328 conf.
1274 1292 1342 1346 qliae

183 1338 282 1410 posuit
299 1338 486 1394 Doederlein:
505 1341 575 1391 Lat.
596 1340 725 1410 Synon.
744 1359 773 1391 u.
791 1340 949 1411 Etymol.
969 1341 1017 1394 lV.
1030 1346 1140 1478 φ.163;
1162 1347 1186 1397 ⁷.
1197 1346 1225 1398 8.
1235 1348 1263 1401 9.
1283 1347 1341 1399 Μτ.

185 1420 187 1424 ’
258 1427 283 1462 c.
303 1411 347 1465 33.
372 1423 488 1478 qnorum
507 1410 613 1476 fatentis
633 1441 666 1454 -
684 1412 775 1479 ipsum
792 1409 917 1464 videmus
934 1411 1030 1464 Jovem
1070 1413 1226 1468 Commode
1246 1413 1343 1469 monet

185 1479 314 1533 Wolfius
333 1483 365 1535 in
383 1483 498 1547 scholis,
516 1481 622 1546 fabulis
638 1482 668 1533 h.
688 1481 707 1534 l.
727 1482 951 1556 intelligendum
976 1500 1035 1535 esse
1053 1483 1162 1551 μύθοις,
1194 1501 1255 1538 nec
1275 1502 1342 1540 vero

184 1552 292 1615 fabalis
310 1553 437 1608 scenicis.
476 1552 555 1619 Quod
573 1553 596 1603 si
617 1561 697 1616 esset,
717 1552 897 1622 scripturum
916 1554 1005 1606 fuisse
1023 1555 1193 1608 Ciceronem
1212 1555 1246 1609 in
1264 1558 1344 1623 fabu-

187 1624 233 1676 n'e.
271 1626 376 1677 Vocem
394 1624 483 1694 ipsam
504 1623 645 1676 omittunt
672 1623 726 1676 duo
745 1622 831 1676 Godd.
852 1623 921 1675 Oxx.
953 1622 1163 1680 Contione.
1187 1623 1342 1693 habetde-

183 1693 246 1747 'oem
258 1693 395 1747 ¹videmus.
416 1695 498 1748 'Mox
516 1692 599 1745 Vind.
621 1697 646 1749 1.
666 1694 810 1747 veniamne
825 1691 1011 1762 philosophos.
1051 1696 1112 1747 Me.

183 1824 213 1886 ‘B
257 1783 312 1888 pipi
320 1770 565 1890 nizoipmGnefang
584 1764 674 1887 stnppi
695 1764 799 1900 ἔφεπ’
818 1765 897 1886 ἐὲἰσά
911 1765 1065 1888 ὃφέὶοίὗιίἑιὲ
1089 1765 1341 1892 clonciliatcreppss

213 1851 319 1887 eren.
372 1853 416 1889 o.
467 1852 688 1891 u.snrn
863 1853 884 1888 e.
972 1874 978 1887 .
1067 1854 1266 1891 ..amorem
1309 1858 1339 1892 ιι-

182 1905 232 1973 pri
249 1922 396 1970 causam
414 1914 519 1975 negent
538 1853 611 1968 essi:
638 1906 751 1958 infelici
779 1905 947 1975 interpretis
966 1905 1129 1971 conamine3
1154 1908 1223 1961 God.
1251 1909 1339 1962 Rehd.

113 2013 117 2019 -
186 1992 308 2030 amorem
325 1983 429 2047 negant
447 1977 571 2046 stupri
578 1993 649 2030 cem
668 1975 740 2040 (sic).
760 1977 834 2028 lton.
854 1979 880 2030 2.
901 1976 1013 2028 omittit
1030 1976 1196 2045 proximum
1216 1986 1252 2032 et.
1274 1980 1339 2038 eod.

185 2045 283 2100 Duisb.
302 2056 332 2101 nt
349 2067 410 2103 mea
428 2054 485 2116 fert
504 2049 607 2119 opinio,
627 2048 805 2122 elegantiore
824 2046 937 2098 scilicet
961 2047 1257 2114 verborurn‘ordine,
1284 2066 1339 2120 quo

182 2110 273 2171 liuius
289 2130 318 2172 et
335 2121 424 2174 Rehd.
445 2119 556 2174 Codicis
574 2120 699 2189 scriptor
708 2117 876 2171 Ciceronem
895 2117 1057 2186 saepissime
1067 2117 1206 2172 ditarunt.
1229 2121 1340 2176 Geta

181 2187 270 2242 habet
289 2189 334 2259 qui
351 2207 475 2245 amorem
492 2192 582 2262 stnpri
599 2194 704 2261 negant
722 2196 748 2242 et
767 2218 816 2253 -,
850 2187 951 2239 omisso
974 2203 1040 2241 esee.
1075 2189 1157 2242 Unus
1177 2190 1229 2244 Ox.
1258 2191 1343 2245 habet

185 2264 367 2328 mentientem,
386 2263 459 2314 alius
477 2261 626 2314 mentienti.
664 2260 724 2313 Mr.
1037 2276 1039 2280 ·

255 2343 390 2402 Amorem
416 2356 523 2417 negant
546 2349 637 2416 etapri
661 2364 729 2413 esee,
757 2354 784 2400 et
801 2345 832 2401 in
850 2363 882 2401 ec
901 2345 1018 2414 litigant
1035 2364 1096 2402 eam
1112 2347 1252 2416 Epicuro]
1289 2351 1344 2405 De-

184 2435 303 2473 crevere
321 2421 421 2486 Stoici,
440 2419 579 2474 Amorem·
617 2410 721 2484 ὴιῖναι
739 2422 895 2484 συνουσίας,
922 2415 989 2472 illei
1008 2421 1107 2488 φιλίας.
1145 2420 1217 2472 Vide
1236 2421 1343 2496 Dioge·

180 2507 251 2555 ¹nem
268 2492 416 2546 Laertium
433 2492 484 2544 lib.
504 2493 568 2546 Vll.
588 2439 616 2556 ii
631 2493 691 2545 139.
719 2491 881 2566 Athenaeus
904 2489 955 2541 lib.
980 2489 1058 2542 xllt.
1084 2507 1150 2564 pag.
1171 2493 1233 2547 661.
1266 2497 1342 2546 Πον-

177 2558 277 2622 τιανὸς
299 2562 331 2616 δὲ
354 2563 473 2631 Ζήνωνα
498 2564 549 2633 ἔφυ
567 2557 616 2616 τὸν
634 2559 727 2613 Κιτιέα
746 2554 954 2628 ὑπολαμβάνειν
977 2560 1025 2614 τόν
1043 2561 1148 2632 Ἔρωτα
1170 2561 1242 2614 θεὸν
1260 2557 1340 2628 εἶναι,

183 2633 328 2686 ΦΙΑΙἉΣ
347 2638 394 2689 καί
418 2636 571 2700 ἐλευθερίας
593 2633 631 2686 ἔτι
649 2629 743 2682 δὲκαὶ
761 2633 892 2700 ὁμονοίας
915 2630 1178 2702 παρασκευαστικόν,
1204 2633 1294 2687 ἄλλου,
1308 2634 1339 2686 d’

182 2703 238 2758 οὐδ
251 2699 307 2765 νός.
343 2708 450 2760 Contra
467 2705 610 2775 Epicurus
629 2718 756 2755 amorem
769 2703 870 2755 definit
888 2696 1025 2754 σύντονον
1043 2697 1133 2772 ὄρεξιν
1149 2699 1338 2773 ἀφροδισίων,

181 2784 218 2827 -ut
235 2724 319 2830 docet
336 2775 500 2830 Alexander
517 2773 748 2846 Aphrodisiensis
767 2773 842 2843 apud
861 2771 977 2831 Suidam
995 2774 1026 2824 in
1044 2774 1118 2845 ἔρως.
1155 2774 1196 2825 Et
1262 2793 1269 2798 ·

181 2880 192 2909 ‚-
308 2905 311 2908 ³
350 2850 427 2900 Haec
448 2849 539 2903 Venae
556 2853 598 2898 eet
617 2843 711 2906 αυίιίος
730 2843 795 2898 λίνου
814 2851 904 2896 antem
922 2849 965 2899 est
990 2860 1089 2898 numen
1106 2841 1232 2911 Amoris,

112 2963 117 2982 ,
176 2915 208 2974 fei
226 2917 361 2972 Lucretio
380 2918 449 2972 fides
468 2920 516 2983 IV,
538 2919 614 2972 1052.
651 2915 776 2991 Utrique
794 2915 883 2977 falsi3·
900 2932 966 2966 nem
985 2913 1092 2993 duplex
1112 2913 1161 2966 vel
1177 2917 1272 2975 etiaui
1288 2916 1343 2970 t'ri-

101 2999 104 3009 *
181 2988 253 3054 plex
271 2999 313 3043 est
330 2989 434 3053 Amor3
454 2991 489 3043 de
506 3005 563 3058 quo
582 2986 674 3040 multa
692 2987 787 3039 multi.
823 2984 895 3037 Vide
919 2986 957 3038 sis
985 2985 1064 3039 inter
1086 2983 1157 3036 alios
1183 2986 1342 3039 Maximum

177 3057 309 3129 Tyrium
326 3061 400 3116 Dies.
419 3063 519 3127 XXIV,
538 3065 564 3117 3.
589 3057 758 3128 Apuleium
775 3056 860 3126 Apol.
881 3054 946 3130 pag.
966 3059 1027 3111 419.
1056 3054 1150 3107 Habit.
1172 3054 1249 3109 doct.
1269 3057 1340 3112 Plat.

104 3194 106 3198 μ
179 3147 250 3205 pag.
276 3137 336 3191 619.
374 3133 533 3186 Lucianmn
557 3131 656 3184 Amor.
685 3130 769 3189 Tem.
793 3129 817 3180 1.
836 3145 861 3196 ⁴p
898 3144 926 3200 g.
950 3129 1011 3182 899.
1036 3127 1099 3182 999.
1145 3124 1342 3180 Theinistium

139 3259 142 3270 ¹
178 3203 261 3259 ·0ret.
280 3206 370 3261 xxtt.
396 3221 463 3276 pag.
480 3209 544 3261 ael.
571 3212 600 3256 et
625 3200 792 3255 Himerium
815 3144 899 3267 apuad
911 3197 1046 3249 Photium
1072 3195 1227 3267 cot-1032.
1267 3198 1341 3250 Hinc
1380 3216 1382 3225 ’

178 3283 265 3328 ’τοῦτο
282 3276 413 3330 decrevit
424 3275 610 3338 Aristoteles,
628 3262 701 3324 εἶναι
716 3266 768 3324 τὸν
786 3271 893 3337 Ἔρωτα
909 3268 952 3334 ,μὴ
970 3266 1062 3338 μόνον
1088 3269 1247 3334 συνουσίας,
1271 3268 1340 3320 etti

178 3337 355 3418 ⁴pnioaoptozn
374 3355 407 3399 ut
425 3347 557 3400 Laertius
575 3347 609 3408 V,
628 3345 671 3396 31.
693 3341 742 3395 sed
759 3340 877 3393 omnino
894 3338 1050 3412 legendum
1068 3333 1222 3403 ΦΙΛΓΑΣ,
1241 3355 1340 3408 quem-

178 3414 337 3471 admodum
354 3424 435 3488 patet
453 3435 489 3470 ex
506 3414 619 3471 Stobeei
637 3413 738 3487 Eclog.
757 3410 855 3465 Ethic.
875 3427 937 3493 pag.
959 3411 1020 3464 193.
1059 3407 1096 3460 D.
1253 3431 1257 3436 ‚

178 3515 182 3528 ¹
255 3505 322 3561 Quis
339 3513 382 3559 est
400 3506 473 3559 enim
491 3505 546 3558 iste
565 3518 643 3556 amor
656 3499 817 3564 amicitiae]
855 3497 896 3549 De
914 3496 1069 3549 verborum
1088 3494 1192 3549 ordine
1214 3499 1281 3562 puis
1296 3504 1338 3551 eet

176 3573 256 3628 enim
274 3575 307 3640 in
323 3576 511 3648 Ephemerid.
530 3573 669 3629 scholast.
689 3573 776 3627 Univ.
797 3567 911 3653 (Allg.
932 3566 1051 3649 Schul.
1072 3568 1168 3650 Ζῐς.)
1195 3570 1274 3623 1827.
1298 3566 1336 3620 11.

176 3637 1035 3718 nep.atesirquitamdoctus,quisubPh110math1s
1060 3653 1179 3690 nomine
1197 3637 1282 3704 latet,
1309 3655 1339 3690 se

177 3715 343 3771 observasse
367 3719 408 3770 ait
431 3717 530 3788 paucis
556 3716 628 3769 locis
651 3714 777 3784 exceptis
802 3711 972 3764 Ciceronem
999 3725 1113 3776 semper
1130 3707 1258 3762 scribere
1278 3707 1339 3776 quie

160 3771 256 3840 'enim
274 3796 323 3851 est,
342 3805 413 3856 puae
431 3793 473 3840 eet
490 3787 572 3853 enim,
592 3783 709 3853 etquid
727 3791 768 3837 eet
787 3781 869 3836 enim:
882 3780 995 3850 prioris
1014 3778 1123 3832 ordinis
1142 3778 1274 3852 legitimi
1292 3796 1340 3832 ex·

184 3859 347 3924 'ceptionem
366 3869 397 3910 ee
414 3857 555 3927 reperisse
573 3863 670 3908 nostro
688 3856 762 3920 loeo,
782 3852 895 3905 Verrin.
916 3850 953 3913 11.
974 3854 998 3904 1.
1018 3852 1061 3905 te.
1089 3846 1170 3901 etde
1191 3847 1246 3904 Off.
1267 3849 1290 3902 1.
1310 3851 1338 3904 2.

175 3923 227 3978 'Ad
245 3944 308 3979 rem
326 3931 454 3980 Muretus
471 3928 553 3979 Varr.
572 3929 665 3979 Lectt.
684 3925 744 3976 XV.
763 3927 790 3980 4.
809 3941 838 3992 p.
858 3924 919 3976 319.
940 3919 983 3972 ed.
1003 3919 1120 3985 Ruhnk.
1145 3952 1164 3982 „
1173 3918 1339 4002 Quaesitum

175 4002 235 4055 est,
255 3999 304 4058 eit,
324 4016 359 4051 ex
376 4015 432 4064 me,
452 4014 539 4067 quem
556 4006 605 4050 aut
620 3996 724 4049 Cicero
743 4003 792 4048 aut
810 3990 978 4060 Philosophi
998 3991 1248 4045 Graeciamorem
1266 4004 1337 4042 ame·

173 4065 269 4120 ‘ciliae
286 4068 425 4122 dicerent.
462 4068 604 4138 Respondi
625 4067 682 4120 hoc
701 4083 746 4120 eos
764 4059 948 4136 προκάλυμμα
964 4060 1119 4130 nequitiae
1143 4076 1209 4111 suae
1238 4061 1339 4113 obten-

183 4137 251 4192 dere
270 4139 367 4192 solitos
386 4157 455 4204 esse,
477 4149 511 4192 ut
530 4139 669 4203 dicerent,
695 4154 821 4191 amorem
840 4150 923 4186 suum
947 4148 1006 4184 non
1027 4130 1062 4214 ad
1088 4144 1244 4211 corporum
1262 4146 1338 4182 com-

184 4208 368 4275 mistionem
384 4209 433 4265 sed
458 4208 742 4264 eid-constituendam
764 4204 925 4259 amicitiam
948 4203 1071 4255 referri:
1096 4208 1183 4267 atque
1207 4207 1249 4251 ita
1272 4217 1337 4281 euin

174 4291 296 4334 'vocasse
316 4282 402 4348 icore
421 4277 466 4333 tut
484 4284 571 4351 φιλίᾳ,
590 4282 690 4344 idest,
709 4286 742 4330 ut
760 4278 862 4330 Cicero
879 4273 1099 4342 interpretatur,
1123 4284 1249 4354 amorem
1267 4285 1338 4323 ame·

177 4348 274 4404 enine.
298 4350 493 4405 'Plutarchum
529 4351 595 4421 ἔρως
617 4345 671 4418 γὰρ
695 4345 815 4417 εὐφυοῦς
838 4347 886 4399 καί
911 4339 974 4404 νέας
998 4345 1098 4410 «ψυχῆς
1120 4337 1267 4430 αίζᾶμινμς
1298 4339 1337 4399 εἰς

175 4415 280 4491 ‘aperie
289 4418 336 4477 ded
344 4423 444 4495 φιλίας
454 4425 575 4491 τελευτᾷ.
595 4429 624 4475 et
637 4417 735 4491 paullo
746 4424 824 4490 post:
844 4418 879 4473 οἰλ
891 4414 1038 4478 συνουσίας
1053 4412 1111 4490 ydp
1126 4409 1212 4472 αυτὸς
1226 4430 1242 4466 o
1257 4411 1336 4484 ἔρος,
