2842 5070
586 311 720 411 uram
740 311 801 391 lv,
822 312 875 378 ss.
1195 285 1198 291 ’
1243 315 1319 383 ese

166 474 277 536 acrius
299 483 334 538 et
349 477 578 554 ychementius
591 475 752 540 dicimusi
774 471 874 557 quid?
896 494 997 557 quum
1012 476 1078 537 iam
1092 475 1192 539 rebus
1211 486 1319 554 trans-g
1356 504 1362 512 ·

150 561 250 618 'actis
279 566 315 630 et
340 556 534 639 praeteritis
563 561 732 620 orationes
754 559 946 634 scribimus,
967 558 1061 619 'n'um
1087 561 1169 620 irati
1198 562 1320 622 scribi·

165 638 258 701 musi
284 640 412 720 'Ecquis
433 640 494 702 boc
512 639 759 703 assuesceret?
787 639 929 704 Vincite!
951 661 1031 702 utrm
1045 650 1104 702 aut
1125 644 1229 726 egisse
1244 662 1318 704 um-

165 742 264 802 quam
285 724 410 801 iralum
432 723 618 805 Aesopum3
633 744 634 747 ¹
647 732 706 784 aut
726 724 899 804 scripsisse
921 725 1090 785 existimas
1111 726 1236 793 iratum
1256 727 1317 790 Ae.

235 898 343 968 Ecquis
361 897 412 951 doc
429 898 629 964 animadvertit
636 900 650 952 ἓ
673 893 794 970 Vincite]
831 899 925 973 Vulgo
943 905 970 951 et
989 897 1058 968 quis.
1086 900 1152 952 Nou
1171 901 1316 968 italben03
1355 947 1361 955 ,

165 978 342 1038 quapropter
363 971 531 1022 'Victoriam
549 971 775 1038 Lambinumque
802 969 958 1038 sequimur.
996 971 1072 1021 Haec
1095 979 1191 1023 autem
1217 991 1317 1028 versus

164 1040 309 1108 particula
332 1041 459 1093 desumta
484 1041 602 1094 videtur
627 1059 662 1095 ex
688 1040 771 1093 Accii
795 1039 894 1096 Atreo.
929 1040 1002 1093 Vide
1026 1039 1075 1097 lib.
1101 1041 1152 1108 111.
1177 1041 1211 1094 de
1237 1043 1314 1108 Orat.

165 1127 197 1161 ca
220 1152 226 1164 .
248 1113 291 1164 58.
328 1111 365 1162 D.
527 1155 528 1159 ,
1068 1118 1072 1122 ’
1316 1122 1319 1126 ’

128 1234 136 1247 ,
198 1128 336 1250 pEcquis
358 1177 409 1243 doe
431 1179 654 1234 animadvertit?
691 1179 838 1247 Vincitel]
876 1177 1037 1246 „Locus'e
1066 1181 1163 1235 fabula
1195 1186 1316 1252 quadam

164 1247 240 1302 Attii
259 1250 307 1316 [ex
324 1250 423 1316 Atreo,
443 1271 470 1304 v.
490 1252 525 1305 de
545 1254 620 1305 Orat.
642 1251 694 1308 111.
715 1250 759 1308 58.
780 1251 853 1318 212]
879 1253 929 1304 ubi
949 1253 1013 1323 quis
1031 1252 1121 1305 iratus
1144 1254 1257 1306 cuidam
1275 1259 1318 1308 fa-

164 1321 304 1386 cinoroso,
324 1324 392 1391 quis,
412 1323 520 1392 inquit,
539 1321 589 1374 boc
607 1323 717 1388 faciam
734 1323 826 1376 vidit?
855 1324 932 1389 agile
957 1331 983 1374 et
1001 1323 1122 1377 vinctam
1145 1341 1206 1377 eum
1230 1327 1317 1379 abdu-

163 1392 234 1444 cite!
273 1394 356 1444 Hunc
383 1394 481 1444 locum
508 1411 562 1449 nec
581 1390 706 1463 Aesopus
730 1394 836 1447 histrio
853 1401 991 1462 umquam
1011 1412 1081 1447 vere
1106 1396 1194 1448 iratus
1223 1397 1317 1450 decla·
1379 1455 1389 1466 .

161 1463 262 1526 mavit,
282 1480 335 1516 nec
353 1464 451 1525 Attius
468 1470 539 1516 vere
557 1463 646 1515 iratus
666 1465 791 1534 scripsit,
817 1464 865 1516 sed
891 1474 1027 1533 uterque
1039 1465 1113 1516 iram
1136 1467 1316 1522 simulavit.“

162 1532 288 1589 Neidius.
327 1533 502 1599 „Sententia
529 1542 584 1588 ests
623 1533 741 1588 straet
770 1535 877 1587 nicht
910 1534 1040 1608 gleilch
1071 1536 1186 1589 Einer
1222 1539 1316 1591 dieis

117 1620 120 1623 ’
164 1603 423 1679 [Vergehen]?,
446 1605 801 1670 Schnellwerd'er
828 1607 1001 1679 gestraft!
1038 1606 1184 1666 Bindet.
1207 1608 1315 1661 ihn!“

163 1673 249 1727 Orell.
280 1675 314 1727 ad
333 1676 385 1730 W.
405 1676 524 1741 scholas,
551 1675 602 1745 qui
620 1676 732 1736 monuit
751 1684 845 1729 totum
868 1693 984 1727 versum
1008 1677 1089 1746 quasi
1111 1677 1316 1732 Accusativum
1414 1688 1420 1700 ‘

162 1762 221 1797 esse
246 1745 328 1798 verbi
356 1746 454 1812 egisse.
493 1745 637 1814 Scribitur
664 1756 759 1799 autem
787 1748 828 1799 Et
851 1746 913 1813 puis
940 1747 972 1798 in
997 1747 1102 1800 duobus
1130 1749 1200 1801 Oxx.
1228 1750 1314 1806 Rern.
1360 1751 1363 1756 ’

163 1814 236 1887 Gud.
256 1819 281 1883 2.
301 1816 398 1869 Rehd.
428 1817 502 1873 Gud.
522 1816 602 1890 sug.
625 1817 721 1869 Duisb.
746 1818 832 1870 Marb.
860 1816 932 1870 Edd.
960 1819 990 1869 P.
1014 1817 1048 1872 A.
1076 1818 1107 1869 Β.
1136 1818 1163 1872 S.
1189 1820 1224 1873 E.
1243 1822 1315 1874 Ven.
1367 1855 1370 1858 ·

127 1910 131 1914 ·
162 1895 248 1938 nostr.
279 1887 475 1945 Gebh.“Verb.
500 1889 572 1939 Ern.
592 1889 695 1940 ‘minus
717 1888 798 1944 bene.
836 1887 916 1939 Unus
931 1887 993 1940 ¹0x.
1023 1888 1109 1940 hebet
1137 1889 1206 1957 quis.
1249 1893 1316 1945 Post
1392 1909 1396 1916 ’

125 1965 135 1980 ²
161 1955 212 2008 doe
228 1957 324 2010 Duisb.
354 1966 383 2010 et
406 1957 465 2011 MS.
493 1959 524 2009 in
542 1955 639 2042 marg.
667 1959 752 2023 Verb,
780 1960 911 2023 (fortasse
937 1976 1011 2010 unus
1038 1959 1182 2029 idemque)
1208 1960 1315 2015 habent

161 2044 304 2096 unquam
322 2027 525 2083 animadvertit
544 2028 687 2101 ciosum.
725 2030 760 2081 ln
779 2032 852 2082 Mon.
875 2034 899 2085 1.
927 2037 969 2080 est
987 2030 1088 2097 Ecquis
1115 2030 1315 2085 doccioium
1386 2039 1388 2043 ’

141 2115 307 2167 ναηῳιαηι
326 2099 529 2152 animadvertit
546 2101 730 2152 vinculum
749 2107 798 2152 cut
816 2103 908 2166 egisse
926 2099 1031 2153 iratam
1049 2101 1312 2170 existimamus,
1357 2134 1360 2138 ,

110 2163 117 2171 '
161 2171 270 2222 omissis
288 2171 383 2222 serbis
395 2173 540 2238 ‘Aesopum
558 2177 605 2222 aul
623 2172 782 2238 scripsisse.
802 2170 890 2224 Rehd.
910 2172 1021 2222 omittit
1038 2174 1147 2226 vincite.
1167 2174 1316 2231 UnusOx.
1339 2200 1342 2204 >

161 2241 276 2293 exhibet
295 2239 562 2294 animadverterit.
582 2240 665 2293 Alius
675 2260 728 2312 per
749 2242 773 2292 it
785 2242 885 2295 vincite
902 2241 939 2293 ni
945 2244 1023 2305 mis;
1043 2242 1098 2294 duo
1118 2260 1184 2295 cum
1199 2247 1273 2296 lllou.
1285 2247 1313 2312 ².-
1355 2264 1361 2268 ·

161 2318 191 2362 et
208 2313 271 2365 Asc.
291 2314 318 2364 2
337 2313 417 2370 Junt.
436 2311 538 2364 circite
555 2309 678 2376 minum
696 2260 768 2365 Eis.
786 2313 819 2366 A.
838 2313 868 2364 Β.
889 2311 928 2365 ss
936 2313 970 2365 E.
990 2315 1060 2368 Ven.
1080 2322 1169 2366 nostr.
1189 2315 1314 2370 HWolf.
1367 2377 1370 2381 .

161 2390 189 2433 et
208 2381 266 2434 MS.
287 2384 318 2433 in
336 2400 427 2456 inarg.
447 2382 511 2434 Asc.
531 2391 620 2437 nostr.
640 2385 672 2436 2:
699 2382 804 2435 vincite¹
820 2383 919 2438 enim.
947 2383 1046 2440 Duisb.
1066 2385 1176 2437 omittit
1193 2391 1316 2456 sequens

160 2469 232 2505 num.
253 2452 326 2508 Gud.
345 2435 371 2508 i
392 2453 490 2527 pergit
508 2469 575 2506 nors
594 2451 687 2525 egisse
705 2457 766 2503 aul
783 2469 918 2528 umquam.
952 2455 1033 2507 Unus
1052 2455 1101 2511 Ox.
1120 2465 1315 2511 remantem

160 2525 268 2593 egisse;
297 2523 351 2575 duo
369 2523 421 2574 alii
438 2523 545 2574 habent
564 2539 726 2593 posquam.
763 2523 805 2576 De
823 2523 944 2590 Aesopo,
971 2525 1184 2608 tragoediarum
1207 2538 1314 2595 actore,
1341 2520 1349 2537 ‘

158 2595 269 2663 saepius
287 2594 419 2663 loquitur
438 2593 549 2661 Cicero,
569 2595 649 2646 cuius
667 2595 744 2648 locos
762 2593 995 2649 laudat'Schiitz.
1015 2613 1046 2646 in
1065 2596 1134 2650 Lex.
1155 2598 1215 2652 cic.
1234 2600 1269 2652 Τ.
1288 2601 1312 2652 1.
1359 2637 1361 2640 >

158 2665 189 2716 h.
209 2682 236 2719 v.
274 2665 333 2720 Mr.
616 2691 618 2695 Α
886 2708 888 2713 .
1129 2674 1154 2717 .’
1304 2719 1306 2724 ,

232 2734 389 2805 Scripsisse
417 2723 580 2791 exiitumas‘
597 2737 704 2792 iratum
725 2736 859 2803 Accium]
901 2736 950 2790 Sic
980 2745 1060 2790 recte
1088 2739 1130 2794 Cl.
1157 2740 1314 2808 Bentleius,

160 2807 206 2858 uti
224 2808 341 2875 quidem
362 2826 397 2860 ex
416 2807 647 2880 antecedentibus
665 2817 753 2880 patet.
789 2809 885 2884 Vulgo
911 2807 1114 2862 existimamus.
1151 2811 1186 2864 D.
1242 2866 1244 2873 ,

232 2895 296 2930 num
322 2884 376 2930 ‘eui
408 2881 504 2946 egisse
532 2912 561 2924 —
593 2888 643 2933 aut
674 2879 826 2948 scripsisse
860 2878 1105 2934 existimamus
1130 2882 1182 2947 -]
1218 2883 1314 2955 „Cum

160 2958 273 3018 quaeso,
293 2949 439 3004 existimas
456 2951 623 3024 legendum,
642 2967 700 3002 non
719 2949 933 3004 existimamus?
969 2950 1015 3002 An
1035 2952 1107 3019 ‘quia
1131 2954 1229 3022 paucis
1247 2971 1314 3007 ver·
1373 3001 1376 3008 ,
1412 2993 1417 3000 -

157 3020 204 3071 bis
223 3020 385 3071 interiectis
405 3028 594 3079 antecesserat
619 3037 657 3074 cn
684 3021 738 3075 libi
754 3020 845 3073 irasci
861 3026 920 3072 tum
944 3021 1143 3074 videmur-,²
1180 3023 1314 3077 At‘vero

160 3090 304 3163 enallages
323 3090 404 3142 illius
423 3091 623 3160 exemplorum
642 3093 738 3143 omnia
754 3091 841 3160 plene
858 3099 933 3146 sunt.
959 3092 1006 3143 An
1025 3092 1101 3159 quia,
1125 3111 1192 3154 cum
1210 3094 1313 3147 Cicero

156 3161 253 3230 primi
271 3161 391 3229 pluralis
410 3162 525 3214 numeri
543 3177 665 3230 persona
683 3162 712 3214 se
730 3162 825 3231 ipsum
844 3160 1076 3230 comprehendat,
1095 3164 1217 3215 stultum
1235 3167 1313 3217 soret

157 3247 307 3299 quaerere,
332 3231 404 3299 quid
426 3231 488 3300 ipse
512 3233 593 3283 iuxta
618 3249 684 3283 cum
710 3232 776 3285 aliis
806 3231 945 3285 sentiret?
980 3232 1037 3283 Vix
1055 3233 1146 3286 ausim
1164 3235 1235 3303 talia
1252 3251 1314 3288 mo·
1340 3240 1344 3245 '

156 3319 226 3354 vere
250 3301 444 3354 incommoda:
483 3319 569 3370 quam
594 3320 678 3372 saepe
698 3303 788 3356 enim
820 3302 862 3354 sic
893 3301 1127 3372 impersonaliter
1158 3304 1312 3360 adhibetur
1362 3302 1366 3309 ’

156 3373 251 3442 prima
268 3389 390 3442 persona
407 3372 606 3443 pluralislsic
625 3390 660 3426 ex
677 3392 722 3449 gr.
743 3372 820 3424 infra
838 3371 929 3435 0326:
956 3371 1149 3427 libidinosum
1167 3370 1259 3443 igilu'r
1278 3402 1311 3414 --

156 3460 296 3496 censemus
315 3460 374 3496 esse
392 3443 568 3512 sapientem?
587 3452 621 3480 “-
642 3471 675 3481 -
702 3445 738 3497 In
765 3441 844 3496 benc*
858 3445 1053 3516 tetigitur-*-
1069 3445 1326 3519 perturbationem,

156 3516 256 3567 cadere
280 3514 334 3567 libi
360 3515 463 3568 dixisti
487 3513 602 3568 rideri?
638 3516 677 3566 At
701 3515 833 3586 pluribus
856 3515 912 3567 hoc
940 3516 1041 3579 docere
1066 3533 1124 3568 non
1159 3534 1228 3589 opus
1253 3514 1330 3584 est;'

156 3585 267 3636 sufficit
283 3595 317 3636 ut
334 3586 404 3645 talia
421 3585 619 3638 tantummodo
638 3587 669 3637 in
688 3587 856 3638 memoriam
875 3586 1067 3656 referamus.“
1088 3587 1234 3655 Wopkens.
1252 3586 1310 3644 l.'c.

155 3673 184 3725 p.
207 3657 266 3710 134.
304 3656 349 3708 Acl
366 3673 438 3723 quae
456 3657 599 3712 Handius:
630 3656 736 3722 „Quod
755 3657 920 3708 coniectura
946 3658 1043 3726 posuit
1056 3658 1216 3725 'Bentleiua
1245 3677 1313 3725 conf
1364 3678 1369 3698 =

154 3727 275 3777 firmant
300 3726 392 3794 aliqui
411 3726 538 3780 Codices.
576 3727 631 3794 Sed
655 3736 787 3796 apertum
813 3735 873 3799 est„
889 3727 1022 3788 librarios
1046 3729 1080 3781 ad
1099 3730 1247 3798 superiore
1265 3748 1312 3784 reb

156 3797 289 3866 spexisse,
308 3797 405 3865 iisque
419 3795 490 3849 haec
509 3798 740 3854 accommodasse.
770 3799 851 3850 Gonf.
873 3797 1014 3853 Goerenz.
1034 3799 1067 3851 ad
1086 3798 1152 3852 libr.
1172 3801 1206 3854 de
1225 3803 1311 3855 Finn.

124 3918 128 3927 .
156 3866 569 3988 111.19.6·2.“k[p.391sq.]
607 3868 753 3935 „Accedit
778 3868 904 3922 Bentleii
932 3870 1124 3923 emendationi
1148 3891 1221 3928 unus
1245 3873 1319 3927 eod.-

156 3938 260 3991 Leid.“
296 3939 386 3990 Bou.
1274 3970 1282 3977 κ

229 4015 277 4061 eut
297 4008 443 4076 scripsisse
462 4006 671 4076 existimas]
708 4012 775 4063 Non
798 3993 915 4065 ridetur
937 4011 1008 4064 haec
1035 4013 1203 4066 coniectura
1227 4015 1313 4068 Bent-

156 4080 221 4142 leii,
241 4080 289 4132 sed
307 4080 396 4131 lectio
414 4080 501 4130 tacite
520 4097 556 4131 ex
575 4079 640 4132 Cod.
660 4083 728 4154 Reg.
749 4079 875 4151 recepit,
896 4100 1067 4150 quamquam
1087 4091 1116 4135 et
1135 4093 1231 4138 nostra
1249 4087 1311 4138 col-

155 4152 226 4204 latio
246 4159 333 4204 lacet.¹
368 4149 425 4205 Sed
441 4149 525 4207 habet
545 4167 612 4201 cum
630 4150 696 4211 Cod.
718 4151 798 4202 Leid.
823 4151 971 4204 existimas
995 4152 1062 4208 Cod.
1081 4155 1166 4228 Regii
1194 4158 1312 4208 similli-

157 4241 230 4288 mus,
252 4223 326 4276 Gud.
348 4221 601 4282 1.‚habentGu‹l.
622 4223 646 4274 2.
674 4221 770 4273 Duisb.
792 4221 873 4273 Gud.
886 4223 972 4273 Marb.
993 4230 1052 4275 tres
1071 4224 1141 4277 Oxx.
1163 4235 1191 4278 et
1208 4227 1261 4278 Ed.
1274 4228 1309 4280 .P.

156 4293 247 4357 Quare
273 4310 329 4345 non
356 4293 497 4358 Bentlcio,
525 4291 574 4345 sed
596 4291 676 4343 bonis
700 4291 784 4342 libris
810 4291 1020 4361 obsequendum
1048 4295 1188 4348 duximus.
1219 4295 1317 4350 Rehd.

155 4363 241 4419 babet
264 4365 425 4418 estimatum
453 4403 459 4414 .
487 4406 493 4418 .
522 4400 529 4415 .
568 4362 603 4415 ln
620 4363 737 4415 nomine
755 4363 831 4414 Attii
855 4372 989 4416 consueta
1013 4374 1056 4418 est
1078 4368 1202 4419 varietas
1222 4365 1312 4418 libro-
1386 4417 1392 4428 ,

156 4451 236 4502 ruso,
260 4452 383 4504 quorum
404 4435 456 4489 alii
475 4434 582 4515 babent
597 4433 719 4500 Allium,
745 4433 799 4487 alii
815 4432 943 4503 Accium,
967 4434 1249 4511 nonnulliAcliums
1279 4444 1311 4490 et
1376 4498 1379 4502 Δ
