2842 5070
204 315 264 386 106
403 317 630 408 cremanus
645 317 896 386 ruscumn.
919 284 1166 407 mercum(
1248 371 1250 375 ,

202 482 497 570 θοςίῐεῑίοηίϋπεει
513 483 648 545 hebetat
678 486 782 545 aciem
815 483 856 544 ad
883 487 1036 546 miserias
1071 479 1351 565 contemplandas:

202 588 223 631 a
244 567 363 649 quibus
386 586 487 648 quum
508 570 629 629 cecinit
651 567 812 647 receptui,
840 568 983 646 impellit
1008 587 1145 629 rursum
1172 576 1205 628 et
1233 569 1354 630 incitat

202 771 280 823 seqq.
301 753 475 805 sententiam
495 770 574 815 snam
592 759 726 806 mutasse.
756 747 858 805 Refert
876 752 997 805 Manutii
1017 750 1247 806 emendationem
1266 753 1353 805 etiam

201 824 251 880 Fr.
271 824 429 876 Fabricius.
468 824 528 874 Mr.

128 947 131 960 ¹
168 896 172 904 '
272 895 393 946 Hebetat
411 893 509 957 aciem]
546 892 651 967 Vulgo,
677 890 818 944 abstrahit
843 891 877 944 ab
902 892 1011 959 acerbis
1030 893 1249 958 cogitationibus
1263 892 1354 946 hebe-

201 973 262 1019 tem
282 965 377 1016 aciem.
416 965 452 1014 At
470 964 615 1016 blanucius
629 981 664 1014 ex
677 965 739 1015 Vet.
754 962 859 1015 Codice
878 964 1073 1032 reponendam
1087 964 1162 1014 vidit
1176 981 1247 1028 eam,
1267 981 1353 1032 quam

201 1036 376 1104 recepimus,
394 1033 562 1088 lectionem.
580 1052 586 1059 ¹
602 1034 676 1098 Quin
702 1035 790 1086 etita
808 1034 917 1087 diserte
940 1042 1137 1103 repraesentat
1155 1035 1265 1087 Eliens.
1285 1041 1352 1087 tert.

200 1105 346 1177 Virgilius
368 1104 436 1156 Aen·
457 1105 494 1168 ll,
514 1109 575 1160 obs.
1000 1161 1003 1168 ,

309 1205 340 1216 ·-
362 1176 438 1229 Quae
457 1191 525 1226 urina
543 1174 661 1227 obducta
679 1175 770 1226 tuenti
788 1174 928 1226 Mortales
945 1172 1063 1226 hebetat
1080 1175 1157 1227 visus
1176 1177 1229 1229 tibi
1248 1203 1282 1213 -

202 1243 309 1299 Seneca
327 1247 412 1298 llere.
432 1247 501 1296 Fur.
521 1262 562 1296 vs.
585 1247 661 1298 1043.
704 1245 841 1312 Visusque
865 1260 975 1297 moeror
998 1244 1121 1297 hebetat.
1164 1247 1244 1298 Idem
1264 1246 1348 1299 Gens.

203 1314 238 1368 ad
257 1316 354 1386 Polyb.
375 1332 435 1385 cap.
457 1320 499 1370 37.
546 1316 622 1366 Haec
639 1323 769 1379 utcunque
786 1315 876 1381 potui,
902 1315 987 1381 longe
1015 1315 1073 1367 iam
1091 1317 1150 1368 citu
1178 1317 1297 1370 obsoleto
1326 1323 1351 1370 et

202 1384 337 1440 hebetato
356 1387 460 1450 animo,
485 1389 633 1451 composui.
679 1385 749 1437 Vide
770 1383 851 1437 etde
874 1387 930 1436 Vit.
958 1386 1030 1437 beat.
1051 1404 1074 1437 c.
1099 1390 1140 1442 15.
1166 1387 1350 1447 Arnmianu'm

201 1457 404 1510 Marcellinum
422 1456 472 1508 lib.
492 1457 573 1511 XXV.
595 1473 618 1507 c.
640 1458 664 1510 7.
684 1473 725 1508 ac.
747 1455 922 1507 lllacrobium
942 1455 1038 1507 Somn.
1060 1457 1136 1526 Scip.
1158 1463 1181 1520 l,
1201 1462 1227 1512 3.
1263 1459 1299 1512 D.

274 1529 403 1580 Hebetem
427 1528 517 1579 aciem
544 1527 583 1578 ad
606 1527 739 1578 miseriae
766 1527 1009 1594 contemplandae]
1048 1529 1138 1591 „Non
1164 1537 1259 1597 potest
1276 1527 1350 1580 ferri

201 1596 273 1650 haec
290 1598 387 1651 lectio.
409 1597 488 1662 Quod
507 1597 531 1648 si
549 1597 626 1649 enim
646 1597 797 1648 ocrilorum
816 1597 890 1648 acies
908 1596 992 1650 hebes
1005 1608 1079 1650 esset
1096 1600 1130 1650 ad
1148 1600 1280 1651 miserias
1299 1598 1352 1649 ho-

176 1669 314 1722 minum
338 1666 581 1736 contemplandas,
608 1683 665 1719 non
691 1667 842 1718 admodum
871 1669 1016 1742 indigeret
1040 1667 1129 1720 homo
1156 1662 1350 1722 consolatione

112 1760 114 1765 ·
200 1739 419 1810 philosophiae:
439 1755 495 1791 non
515 1739 592 1790 enim
612 1756 656 1790 eas
671 1739 811 1791 cerneret.
832 1738 940 1790 Mentis
958 1737 1042 1800 acies,
1063 1755 1093 1790 ee
1116 1739 1208 1805 ipsam
1231 1741 1349 1802 intuens,

201 1825 392 1878 nonnunquam
405 1808 536 1861 hebescit.-
555 1810 586 1860 ob
599 1824 713 1876 eamque
724 1824 837 1859 causam
850 1811 1056 1876 contemplandi
1072 1810 1250 1877 diligentiam
1266 1813 1349 1863 amit-

200 1880 299 1933 timus:
320 1882 360 1932 ita
379 1876 480 1932 Cicero
500 1896 584 1948 supra
604 1880 625 1934 l.
645 1883 687 1933 30.
708 1879 862 1943 Hebeniem,
890 1880 964 1948 quod
981 1887 1024 1932 est
1042 1881 1072 1931 in
1084 1881 1170 1936 codd.
1190 1880 1350 1945 nonnullis,

202 1948 319 2004 eandem
339 1952 373 2003 ob
393 1966 505 2002 causam
526 1949 733 2002 reiiciendum:
760 1966 792 2001 ea
811 1965 879 2001 vero
901 1950 990 2002 lectio
1013 1952 1118 2008 nosad
1144 1952 1240 2004 veram
1266 1967 1351 2019 repe·

136 2038 140 2043 ·
200 2021 332 2074 riendem
344 2022 433 2084 ducit,
453 2039 534 2090 quae,
553 2021 585 2071 ni
600 2019 701 2081 fallor,
723 2026 766 2071 est
778 2017 944 2071 haerentem.
984 2021 1123 2082 lunffitnr
1143 2037 1349 2088 nonnunquam

200 2090 335 2144 haerendi
351 2093 472 2144 verbum
492 2108 558 2143 curn
578 2091 622 2152 ad,
643 2109 669 2142 v.
684 2101 714 2142 c.
736 2090 796 2143 Cic.
816 2090 851 2142 de
869 2090 904 2141 N.
925 2090 960 2141 D.
981 2092 1019 2142 ll.
1040 2096 1089 2146 54:
1109 2093 1148 2144 ad
1164 2092 1275 2143 radices
1294 2091 1351 2142 lin·
1377 2111 1379 2115 ⁷

199 2179 274 2230 guae
292 2160 409 2214 haerens
427 2160 590 2213 stomachus.
628 2159 762 2212 Davisius
781 2161 878 2213 iudea
899 2164 1021 2214 secunda
1039 2163 1101 2216 Ed„
1122 2171 1234 2214 seeutus
1253 2171 1297 2214 est
1314 2162 1353 2213 li·

198 2232 294 2296 hrum,
323 2234 354 2284 in
374 2248 431 2301 quo
449 2234 560 2301 reperit
579 2227 684 2282 hebetat
706 2231 794 2282 aciem
813 2232 851 2282 ad
875 2234 1006 2285 miserias
1024 2235 1258 2300 contemplandas.
1296 2230 1351 2285 Sed

199 2319 284 2357 neino
303 2320 430 2372 unquam
449 2304 525 2354 dixit
544 2300 671 2353 hebetare
690 2304 782 2353 oculos
801 2302 838 2353 ad
856 2302 1014 2367 videndum,
1033 2312 1066 2355 ut
1085 2305 1161 2356 siti.
1183 2311 1215 2372 q.'
1230 2304 1267 2355 'ne
1287 2319 1351 2354 cer·

199 2391 270 2426 nere
296 2371 438 2442 possint.“
457 2371 590 2424 Bouhier.
634 2373 771 2436 „Vitium
799 2379 842 2423 est
865 2373 928 2425 sine
947 2374 1032 2429 dubio
1061 2375 1092 2426 in
1119 2373 1246 2439 lebetem,
1275 2369 1352 2442 quod

108 2481 113 2494 t
198 2442 316 2495 nullum
337 2442 650 2495 sensumcommodnm
668 2441 843 2495 hichahere
862 2453 965 2512 potest.
1004 2441 1348 2499 sentiebamus.

199 2530 356 2583 reposuere
373 2511 491 2577 hebetat,
512 2531 569 2565 non
588 2513 672 2565 rnale.
707 2512 849 2566 Buherius
868 2516 972 2582 melius
992 2517 1155 2589 evestigiis
1167 2515 1222 2567 ms,
1238 2513 1352 2567 baerea-

198 2592 267 2648 tem3
294 2583 467 2653 quamquam
487 2584 558 2636 alias
578 2584 679 2635 Cicero
697 2582 754 2634 hoc
772 2583 903 2648 verbum,
926 2587 1038 2654 tropice
1057 2601 1124 2637 cum
1143 2585 1225 2647 dicit,
1253 2587 1305 2637 iun
1327 2585 1351 2636 it

197 2655 407 2726 praepositioni
426 2655 457 2706 in
475 2672 540 2706 cum
559 2653 650 2705 Abl.“
667 2653 739 2705 Ern.
768 2653 868 2717 „lllihi
887 2657 1003 2723 quidem
1021 2656 1127 2709 melius
1139 2657 1257 2709 videtur
1274 2603 1351 2709 beie-

199 2733 272 2790 tann
292 2733 352 2786 aut,
371 2725 429 2776 nisi
446 2723 503 2776 hoc
521 2724 654 2776 audacius
674 2726 721 2789 sit,
742 2725 882 2776 intentam.
893 2726 912 2752 “
948 2726 1057 2778 Nissen.

269 2796 386 2847 Hebetat
405 2797 492 2847 aciem
511 2796 549 2846 ad
573 2793 706 2847 miseriae
727 2794 986 2862 contemplandam]
1022 2797 1129 2866 Recepi
1154 2797 1277 2850 Manutii
1307 2796 1350 2849 le·

198 2867 324 2933 ctionem
344 2882 408 2916 cum
428 2866 498 2917 Dav.
519 2862 852 2918 FAWolf.K0e1.Schz.
873 2863 919 2921 Or.
939 2866 1079 2935 probante
1099 2868 1185 2920 etiam
1200 2866 1348 2933 Kiihnero,

198 2938 249 3006 qui
268 2935 408 3005 explicat:
427 2934 510 2987 Ratio
530 2937 564 2986 ‹le
583 2935 706 3004 Epicuri
726 2935 868 2987 sententia
893 2952 944 2988 nos
963 2937 1043 2988 iubet
1059 2940 1160 2998 ‚aciem
1179 2936 1349 2992 'averterea

198 3008 383 3058 miseriarum
394 3007 648 3075 contemplatione,
664 3023 685 3055 s.
697 3020 748 3056 nos
758 3012 838 3056 vetat
848 3005 1000 3058 immorari
1009 3008 1137 3060 miseriis
1151 3009 1350 3078 contemplan-

184 3074 366 3140 rdisf‘Sed,
384 3085 418 3128 ut
436 3078 538 3140 fatear,
558 3076 704 3144 quodem,
725 3083 833 3128 certam
860 3093 914 3150 ego
939 3095 1001 3129 eam
1019 3078 1178 3132 lectionem
1204 3096 1263 3131 non
1289 3096 1349 3132 esse

197 3147 346 3201 existimo:
367 3165 541 3216 quamquam
560 3163 614 3199 nec
632 3146 728 3214 placet
745 3146 872 3219 vulgata.
911 3146 1017 3212 Quodsi
1043 3150 1120 3218 enim
1138 3148 1256 3202 hebetem
1276 3149 1350 3201 scri·
1394 3207 1396 3210 Α

196 3220 301 3288 psisset
321 3217 437 3282 Cicer0‚‘
452 3219 538 3280 hunc,
559 3219 672 3286 opinor,
691 3217 848 3270 verborum
867 3218 997 3270 ordinem
1013 3220 1214 3287 praetulisset:
1231 3219 1350 3272 hebetem

198 3291 237 3341 ad
255 3288 387 3342 miserias
406 3290 629 3355 contemplandae
643 3287 739 3339 aciem.
768 3286 923 3355 Receptam
942 3289 1058 3342 anobis
1076 3290 1231 3343 lectionem
1248 3290 1348 3343 nullus

197 3357 284 3412 habet
309 3377 344 3412 ex
367 3361 474 3413 nostris
501 3360 587 3410 Codd.
626 3385 661 3394 -
699 3357 827 3408 Hebetern
853 3357 958 3410 habent
984 3368 1096 3428 septem
1122 3360 1192 3412 Oxx.
1218 3359 1294 3415 Gud.
1324 3366 1347 3416 l.

197 3430 241 3481 Au
265 3468 271 3478 .
291 3429 375 3482 Bern.
396 3431 483 3482 Marb.
504 3429 624 3491 (ebetem)
636 3427 718 3480 Gud.
739 3426 829 3480 liehd.
849 3430 925 3479 tlon.
947 3435 970 3483 l.
988 3429 1075 3482 vind.
1094 3436 1119 3482 ¹2.
1138 3432 1286 3484 Habentem
1305 3438 1349 3484 est

197 3498 229 3551 in
262 3498 336 3551 iodd.
352 3503 425 3552 Mon.
447 3503 473 3554 2.
495 3499 569 3552 Gud.
589 3502 614 3553 2.
636 3498 734 3549 Duisb.
754 3498 903 3549 Habentem
924 3498 1062 3552 exhibent
1080 3501 1136 3554 duo
1151 3502 1227 3560 Oua.⁴
1243 3533 1276 3544 -
1313 3501 1348 3554 In

174 3569 367 3623 ‹ond-Rehd'.
389 3579 434 3624 est
453 3571 491 3622 ad
501 3569 724 3637 contemplandas
742 3567 881 3621 miseriae.
920 3571 980 3622 Mr.
1122 3570 1124 3574 '
1216 3575 1218 3578 ’
1277 3603 1278 3606 =

233 3689 237 3697 .
267 3656 284 3691 α
305 3643 401 3708 quibua
429 3658 512 3710 prtum
542 3641 642 3693 cecinit
667 3638 804 3706 receptui]
850 3638 997 3694 Similiter
1026 3640 1163 3706 Quinctil.
1193 3642 1265 3693 lnst.
1298 3641 1345 3694 Or.

196 3706 257 3762 XII.
279 3719 319 3767 11.
339 3731 368 3781 p;
392 3717 467 3766 llbt.
490 3712 647 3765 edliurm.
677 3711 770 3764 Quare
797 3717 943 3778 antequam
966 3716 998 3766 in
1023 3711 1075 3764 luae
1098 3712 1200 3780 aetatis¹
1226 3713 1348 3766 insidiae
1395 3747 1397 3751 .

195 3785 288 3835 ueniat
308 3783 438 3847 [oratori
466 3783 589 3846 receptui
615 3786 700 3844 canet,
729 3779 805 3831 etin
829 3788 942 3847 portum
967 3783 1084 3850 integra
1108 3801 1176 3836 naue
1198 3783 1347 3852 perveniet.

195 3852 279 3916 „Pal
301 3860 394 3920 quart.
415 3853 498 3904 Fabr.
519 3851 593 3904 Pith,
613 3852 674 3902 Vat.
696 3850 796 3902 cecidit
821 3859 940 3918 receptu.
978 3854 1037 3904 Pal.
1059 3872 1114 3908 see.
1135 3856 1243 3918 cecidit,
1272 3869 1348 3906 rece·

193 3928 272 3989 ptum
290 3922 389 3987 impeti.
411 3929 480 3974 tert.
501 3922 646 3974 cecidit
664 3919 815 3987 recepturis<
835 3921 916 3974 Geot.
936 3924 980 3976 De
999 3925 1148 3977 locutione
1168 3933 1195 3978 et
1215 3933 1349 3976 constru-

195 3992 291 4045 ctione
309 3992 366 4043 vid.
387 3992 551 4045 Menckenii
570 3992 645 4045 Obss.
666 3992 748 4046 1,.1ι.
769 4010 798 4060 p.
819 3994 880 4045 830.
901 4027 932 4036 -
972 3996 1079 4050 Cecidit
1097 3995 1204 4048 habent
1218 3997 1347 4064 quinque

194 4060 264 4113 0¹1.
286 4062 472 4131 (inquorum
491 4079 548 4114 uno
567 4081 651 4132 supra
671 4062 723 4113 lin.
744 4070 787 4115 est
804 4063 915 4130 cecinit)
935 4065 1019 4118 Gud.x
1032 4072 1056 4121 l.
1076 4065 1151 4140 Aug.
1172 4067 1259 4119 Marb.
1275 4065 1345 4140 Reg.

156 4138 164 4145 '
193 4135 269 4185 Mon·
296 4135 321 4187 2.
349 4134 430 4188 Unus
454 4134 504 4186 Ox.
532 4133 618 4187 habet
644 4133 788 4187 ceciderit.
835 4135 963 4212 Pergunt
982 4136 1050 4211 Reg.
1071 4137 1162 4191 Rehd.
1190 4137 1245 4190 duo
1274 4136 1345 4193 Oxx.

192 4202 267 4278 Aug.
286 4207 361 4271 lllon.
373 4208 399 4260 2.
420 4210 564 4276 receptum,
584 4207 671 4257 Marb.
692 4205 765 4257 Gud.
785 4208 810 4260 2.
830 4205 909 4262 Duis.
929 4214 1046 4277 receptu.
1085 4209 1118 4260 ln
1135 4208 1208 4261 Gud.
1231 4212 1254 4261 l.
1270 4223 1347 4260 rece·

191 4275 362 4345 ptumpellit:
382 4274 437 4329 se‘c.
456 4293 556 4329 manns
575 4277 671 4329 literis
688 4291 734 4329 um
754 4279 959 4348 superscripsit
977 4281 997 4336 i.
1018 4281 1094 4336 Mon.
1104 4282 1131 4335 2.
1150 4278 1237 4332 habet
1254 4279 1343 4346 pellit.

194 4342 268 4400 Gud.
288 4349 313 4400 2.
332 4347 499 4416 interpellat.
541 4349 603 4400 Mr.

262 4436 383 4505 impellit
404 4435 527 4504 rursum]
564 4437 671 4504 „Unus
689 4436 770 4492 laeli.
794 4443 958 4492 retrorsum.
995 4437 1054 4494 Sed
1067 4437 1146 4493 nihil
1163 4437 1343 4516 mutandum.
