2842 5070
200 296 264 380 eoa
392 292 622 362 cronacum
643 233 890 362 meacula.
912 292 1142 360 nummu.

202 469 272 526 tor.
314 459 416 524 Nulla
436 458 525 524 enim
545 447 887 547 admiscetur'opinio
908 460 1046 538 officiosi
1066 458 1200 523 doloris.
1244 457 1353 527 Ouidi

201 546 259 626 qui
280 562 348 606 aaa
367 543 678 630 putautlngandum
689 543 795 608 viriet
816 545 921 628 qualis
939 545 1005 607 fuit
1024 543 1063 608 Q.
1073 543 1252 622 Maximus,
1273 546 1353 646 effe·

173 745 176 752 ’
272 726 421 786 iaeeere
437 724 617 800 intelligant]
638 730 785 797 „Haerere
804 737 846 784 est
864 730 951 783 etiam
970 731 1001 783 in
1020 729 1087 787 cod.
1106 697 1176 804 aeg.
1193 745 1251 782 uno
1270 727 1350 782 Laid.

201 811 231 856 et
247 802 395 873 plerisque
417 803 515 856 aliis.“
532 797 620 857 aaut.
656 802 727 868 „Sic
751 803 817 858 Cod.
837 803 933 856 Guell.
961 811 990 855 et
1011 803 1083 857 Edu
1110 810 1181 855 vett.
1207 801 1351 855 Gruterus

113 900 120 912 ·
200 891 224 926 a.
244 873 410 928 Gebhardus
427 874 463 926 de
480 873 610 928 Turnebi
628 873 771 927 sententia
788 874 935 927 substituit
952 873 1060 939 babere,
1079 891 1183 943 nempe
1200 874 1253 944 pr'o
1272 870 1352 927 badi-

200 952 272 1002 iare.
309 945 384 999 Sane
402 945 503 998 babere
540 962 573 998 ro
591 943 850 1010 habitas-edicitur,
869 947 918 998 sed
928 961 994 999 curn
1012 944 1197 999 Accusativo:
1217 946 1351 1015 nuspiam

168 1056 172 1065 .
213 1033 267 1069 scr.
287 1016 444 1086 nosquamJ,
463 963 539 1086 quod
556 1034 587 1069 re
609 1016 725 1080 ararim,
744 1017 785 1069 sic
802 1013 902 1070 batere
919 1035 947 1069 r.
968 1034 992 1068 c.
1012 1016 1044 1068 in
1062 1014 1163 1072 urbe.“
1183 1016 1251 1068 Era.
1276 1016 1352 1070 Geb-

222 1078 323 1155 ar'dum
339 1096 452 1152 secutus
471 1096 513 1141 est
530 1035 614 1162 Veri.
650 1088 691 1140 Et
706 1086 818 1160 legitur
834 1086 935 1141 babere
953 1087 985 1140 in
1001 1088 1094 1140 tribus
1112 1089 1181 1140 Oxx.
1205 1103 1260 1156 pro
1286 1085 1351 1141 bae-

199 1172 273 1221 eere,
292 1175 365 1210 unus
383 1159 454 1211 adeo
469 1157 555 1211 habet
578 1175 648 1211 eam
666 1174 705 1213 se
722 1154 831 1211 babere.
859 1159 947 1218 Marb,
966 1156 1082 1213 baerere
1100 1175 1162 1211 eam
1179 1157 1348 1225 intelligant.

199 1228 266 1292 lilox
283 1229 357 1314 Aug.
377 1229 572 1283 admisceatur.
609 1231 690 1284 Unus
709 1229 760 1287 Ox.
779 1228 918 1297 offensi
938 1229 1055 1285 doloris.
1091 1229 1228 1301 Explicat
1245 1228 1348 1286 FAW.

199 1298 233 1356 in
249 1298 372 1354 scholis:
397 1316 481 1368 poem,
492 1299 622 1368 officiam
640 1300 738 1369 erigit.
776 1301 837 1356 Mr.

135 1428 143 1443 Ι
269 1370 333 1424 Noa
347 1377 448 1438 potant
470 1369 750 1438 togatamairtst]
786 1371 916 1437 „Seneca
940 1369 1013 1425 viris
1040 1371 1155 1423 nullum
1182 1369 1349 1444 legitimum

132 1484 134 1488 Α
198 1438 319 1514 lugendi
336 1450 449 1513 tempus
467 1438 656 1496 constitutum
674 1459 733 1496 esse
752 1442 851 1508 tradit,
879 1442 946 1515 quia
973 1441 1088 1494 nullum
1112 1450 1156 1495 est
1177 1441 1347 1511 honestum:

198 1527 392 1575 cumannum
409 1512 527 1566 feminis
550 1513 585 1565 ad
601 1513 759 1589 lugendum
785 1515 906 1567 maiores
925 1513 1118 1572 instituerinte
1145 1529 1211 1579 non,
1238 1521 1349 1565 uttam

198 1580 248 1637 diu
266 1583 411 1652 lugerent,
429 1583 532 1656 sedne
550 1583 675 1659 longius.
702 1583 831 1637 Laudant
847 1583 991 1637 luculenti
1009 1585 1164 1653 scriptores
1182 1583 1348 1635 institutum

198 1650 275 1706 illud
297 1653 527 1716 Massiliensium,
559 1671 615 1723 quo
645 1655 706 1708 sine
732 1655 945 1718 lamentatione,
975 1653 1036 1706 sine
1062 1655 1184 1725 planctu
1213 1653 1349 1706 cadavera

198 1722 377 1778 effemmture
396 1723 491 1778 luctus
509 1724 620 1777 funeris
638 1725 684 1779 die
702 1726 857 1779 domestico
875 1725 1016 1778 sacrificio
1043 1725 1233 1795 convivioque
1251 1741 1349 1778 neces-

198 1794 342 1848 sariorum
366 1794 471 1861 addito,
500 1795 613 1847 finitur.
655 1797 807 1868 Lycurgus
834 1795 866 1846 ia
891 1796 974 1849 rebus
1008 1795 1174 1849 funebribus
1201 1797 1290 1850 circite
1313 1795 1345 1856 sai
1398 1810 1403 1823 ¹

198 1863 286 1932 aista
309 1866 446 1928 aat'eaic
465 1861 634 1935 ὁδυρμοὺς.“
659 1865 793 1921 Beroald.
829 1866 893 1919 Vid.
920 1866 1020 1920 Senes.
1038 1866 1136 1936 Epist.
1160 1869 1204 1922 tt.
1228 1885 1258 1936 p.
1285 1869 1346 1921 tal.

98 2004 101 2008 ἧ
196 1935 298 2007 Elaea.
318 1939 347 1990 J.
365 1936 396 1991 G.
416 1936 590 1991 Johannsen.
609 1938 723 1990 Veteris
741 1936 879 1995 Massiliae
898 1954 943 1989 res
961 1935 1168 2003 (Kiliae1817.)
1182 1939 1265 2008 pssd.
1285 1937 1346 1990 Mr.

268 2023 323 2061 aaa
344 2013 449 2074 patant
472 2009 621 2077 lugendum
642 2007 732 2074 airis]
770 2006 983 2072 „scribendum
1006 2007 1143 2077 putabant
1169 2017 1217 2060 aut
1232 2015 1349 2076 patave-

197 2082 270 2131 runt.
308 2079 446 2132 Nectitur
464 2079 543 2131 enim
562 2095 629 2130 cum
646 2079 843 2148 sequentibusz
871 2078 940 2147 qaid
962 2076 1012 2131 bos
1031 2077 1169 2148 placauit,
1192 2077 1251 2132 aiei
1278 2077 1349 2147 qaod

199 2163 255 2201 aaa
271 2150 406 2217 putabant
425 2180 450 2192 -
464 2146 508 2201 i“
526 2148 596 2201 Era.
635 2148 783 2224 „evulgati
804 2155 921 2216 putante
945 2148 1022 2218 quot
1044 2165 1097 2222 ego
1123 2166 1182 2201 non
1206 2148 1348 2200 mutem.“

196 2217 322 2274 Νέσσου(
348 2218 419 2272 Noli
436 2218 573 2272 accedere
588 2219 704 2281 Ernesti
725 2218 891 2283 sententiae,
918 2218 999 2271 cuius
1018 2219 1184 2282 coniectura
1201 2219 1286 2290 plane
1305 2226 1347 2271 est

198 2288 323 2359 inutilis.
359 2289 447 2342 Errat
469 2297 565 2345 autem
590 2290 637 2341 Or.
663 2290 698 2341 ad
720 2288 891 2345 FAWolfiii
916 2289 1025 2342 scholas
1048 2290 1186 2350 referens,
1212 2289 1346 2342 accedere
1373 2340 1378 2353 ,

196 2358 233 2412 ad
249 2359 367 2412 Ernesti
385 2361 481 2428 partes
499 2359 634 2412 codicem
651 2360 735 2412 vind.
757 2365 781 2415 1.
818 2360 893 2412 Nam
912 2376 983 2428 quae
1003 2376 1038 2412 ex
1057 2375 1090 2413 eo
1108 2359 1142 2411 ab
1155 2358 1261 2413 Altero
1281 2376 1347 2412 eno-

196 2436 256 2486 tata
275 2437 317 2481 est
332 2428 422 2483 tectio
437 2435 582 2498 putarant,
603 2447 634 2483 ea
651 2430 780 2500 pertinet
798 2430 833 2493 ad
850 2429 947 2482 locum
964 2429 1068 2500 paullo¹
1081 2430 1266 2482 inferiorem:
1291 2446 1346 2490 aaa

194 2496 377 2571 putabant
394 2498 462 2554 oiri
499 2500 580 2552 Unus
599 2499 648 2552 Ox.
668 2500 754 2554 habet
780 2516 835 2566 aaa
851 2502 1079 2568 pangendum
1101 2498 1182 2553 airis.
1209 2500 1296 2552 ltlarb.
1318 2507 1346 2552 et

187 2562 272 2641 flend.
292 2571 322 2627 2'
342 2571 400 2638 itta
407 2569 575 2637 gendum:
611 2570 694 2639 prior
717 2579 813 2624 autem
836 2569 922 2623 habet
946 2571 975 2623 la
999 2587 1085 2640 supra
1107 2570 1175 2635 lin,
1202 2571 1346 2640 posterior

173 2642 290 2714 x'poteat
309 2645 488 2711 propalant.
508 2643 583 2693 Mon.
604 2643 629 2694 2.
651 2641 761 2693 omittit
779 2640 827 2713 qai
843 2656 905 2693 aaa.
926 2640 1002 2699 ng.
1050 2644 1053 2648 ⁴

266 2709 358 2778 qualis
373 2710 431 2776 tait
450 2713 482 2767 Q.
501 2709 664 2776 Maximae}
696 2711 792 2778 „Cato
811 2711 843 2762 in
859 2709 934 2761 libro
959 2708 993 2760 de
1012 2708 1164 2761 Senectute
1192 2707 1262 2774 [Cic.
1284 2710 1343 2762 Cat.

194 2780 262 2846 mai.
281 2783 308 2844 4,
330 2780 384 2846 12]
402 2781 493 2834 multa
512 2781 552 2833 ait
570 2799 599 2835 se
617 2783 765 2852 praeclara
783 2780 814 2831 in
832 2780 863 2845 Q.
882 2777 1006 2830 Maximo
1024 2777 1205 2852 cognovisse:
1235 2781 1285 2831 aed
1301 2779 1347 2830 ai-

196 2848 239 2905 bil
255 2850 454 2906 admirabilius
473 2850 579 2921 inquit,
600 2868 681 2919 paam
700 2868 752 2934 pao
770 2850 852 2903 modo
869 2850 984 2900 mortem
1002 2847 1101 2901 Marci
1110 2847 1165 2913 filii
1179 2848 1250 2912 tulit,
1269 2849 1346 2901 clari

195 2921 257 2977 atre·
273 2928 299 2974 et
317 2922 482 2975 consolaria.
518 2922 570 2976 liet
588 2921 618 2974 ia
635 2922 762 2975 manebas
788 2918 849 2972 oiri
872 2916 1008 2982 laudatio,
1034 2935 1114 2988 paam
1132 2934 1193 2970 cam
1211 2917 1342 2982 tegimus,

196 3007 275 3062 quem
289 2988 482 3061 philosopham
500 3009 553 3045 aaa
571 2990 790 3046 cobtemaimae?
808 3021 841 3032 -
860 2989 960 3042 Refert
978 2988 1157 3054 Plutarchus,
1177 3006 1243 3040 cum
1261 2988 1344 3039 Fabii

195 3060 275 3114 iilius
293 3061 370 3115 diem
389 3063 515 3128 obiisset,
534 3071 671 3132 cumpro
690 3060 830 3146 dignitate
850 3059 955 3130 optimi
965 3061 1063 3130 'patris
1087 3059 1279 3112 salernitatem
1298 3075 1345 3109 or-

193 3130 293 3186 bitatis
318 3132 543 3186 commodissime
566 3132 680 3186 tulisse:
718 3147 869 3216 ipsumque
893 3131 924 3182 in
951 3131 1015 3183 foro
1047 3130 1143 3183 filium
1175 3129 1344 3181 defunctum

195 3203 325 3257 oratione
342 3203 460 3257 funebri
479 3221 514 3256 ex
531 3219 613 3257 more
629 3201 819 3257 laudavisse.“
839 3199 974 3255 Beroald.
1011 3203 1103 3254 Locus
1127 3199 1275 3252 Plutarchi
1302 3207 1344 3251 est

195 3273 228 3327 in
245 3274 311 3327 Feb.
330 3275 403 3328 Max.
425 3291 450 3326 c.
470 3276 514 3330 tt
536 3282 609 3327 extr.
629 3272 700 3327 Add.
721 3274 780 3329 cic.
805 3272 840 3325 ad
860 3273 974 3345 Fanum·⁴
989 3272 1036 3325 lV.
1056 3275 1087 3326 6:
1122 3273 1213 3338 turpe
1234 3298 1266 3308 -
1286 3285 1344 3322 esee

195 3345 334 3409 existimo,
352 3361 466 3397 menon
484 3345 525 3397 ita
543 3343 729 3407 serracorum
747 3346 835 3399 meam
864 3341 986 3409 [obitum
1004 3343 1117 3395 Tulliae
1136 3340 1224 3405 filiae]
1249 3346 1278 3392 at
1304 3347 1343 3404 ta,

195 3408 250 3468 rate·
272 3414 410 3480 sapientia
432 3413 589 3482 praeditae,
617 3415 759 3482 fereadum
778 3419 872 3483 patae.
916 3413 972 3467 Sed
995 3415 1135 3482 opprimor
1159 3412 1297 3466 interdum
1319 3414 1345 3461 et

194 3487 245 3540 νὴ
261 3486 362 3538 resisto
381 3484 486 3549 datori,
506 3484 579 3552 qaod
595 3500 627 3538 ea
645 3501 688 3538 me
713 3486 819 3540 salatia
842 3484 980 3550 deficiunt,
1005 3499 1076 3553 qaae
1094 3482 1205 3552 ceteris,
1234 3497 1344 3552 qaorum

194 3553 267 3611 atta·
285 3556 410 3624 exempta
432 3571 565 3624 propono,
591 3555 684 3620 stata·
705 3554 737 3609 ia
758 3550 873 3621 samana
898 3560 952 3608 aaa
979 3555 1133 3619 defuerant.
1170 3554 1243 3606 Nam
1268 3556 1295 3606 et
1311 3553 1342 3606 Q:

194 3626 349 3690 Maximae,
368 3624 417 3693 qai
434 3627 524 3692 filiam
540 3626 724 3692 consularem,
750 3628 858 3680 etatum
881 3623 984 3688 airam,
1010 3631 1036 3678 et
1061 3623 1174 3693 magnis
1195 3624 1278 3676 rebus
1295 3637 1344 3688 ge-

194 3699 256 3763 stie,
277 3696 391 3750 amisit:
411 3702 438 3749 et
455 3694 486 3749 L.
507 3693 706 3767 Paattas,'qai
723 3697 779 3751 duo
802 3702 904 3764 septem
918 3696 1037 3761 diebus,
1065 3703 1093 3748 et
1116 3700 1209 3747 aester
1235 3693 1342 3755 Gallae,

195 3773 224 3820 et
248 3768 291 3820 M.
313 3766 394 3829 cmo,
422 3766 471 3834 qai
495 3782 600 3829 summo
622 3766 748 3836 ingenio,
775 3781 883 3820 manaa
908 3765 1010 3819 uirtute
1033 3767 1120 3836 filiam
1140 3765 1275 3833 perdidit,
1303 3763 1344 3819 iie

194 3835 506 3903 temporibae'fueraat,
525 3843 555 3888 at
573 3853 669 3890 eoram
686 3839 788 3891 tactum
804 3837 930 3905 ipsoram
949 3835 1077 3906 dignitas
1094 3836 1285 3890 consolaretur
1301 3849 1342 3899 ep,

150 3916 166 3932 ‘
195 3922 278 3983 qaam
297 3921 331 3962 ea
348 3905 507 3971 republica
530 3909 771 3978 consequebantur.
808 3907 869 3964 Mr.

266 3976 298 4032 Q.
325 3974 471 4028 Maximae
490 4008 522 4018 -
542 3981 635 4046 quates
656 3977 769 4048 reliqui,
797 3992 863 4047 puae
886 3976 917 4030 ia
943 3977 1135 4032 consolatione
1160 3973 1343 4043 contegimus]

194 4045 390 4115 Hieronymus
412 4046 444 4096 in
461 4046 597 4118 Epitaph.
621 4049 776 4120 Nepotiani
802 4065 866 4133 pag.
886 4052 929 4104 tl.
967 4051 998 4103 L.
1024 4049 1139 4101 Paullus
1162 4054 1264 4114 septem
1286 4045 1344 4099 die-

195 4115 245 4168 bus
263 4117 336 4168 inter
352 4116 469 4169 duorum
492 4123 639 4193 exsequias
662 4121 784 4186 filioram
810 4126 896 4174 trram
917 4118 986 4173 boae
1011 4119 1104 4172 arbem
1120 4117 1278 4186 ingressae
1296 4123 1342 4169 est.

194 4185 391 4240 Praetermitto
416 4187 561 4255 Maximos,
589 4191 717 4255 Catones,
754 4190 856 4258 Gallos,
870 4137 1007 4255 sternes,
1035 4190 1149 4253 Beatos,
1182 4188 1342 4251 Scaevolae,

194 4257 336 4322 Metellos,
355 4255 486 4322 Scauros,
504 4259 627 4326 Mariae,
647 4260 771 4327 Crassos,
790 4263 954 4328 Marcellos,
973 4267 1054 4330 atque
1065 4259 1211 4323 desidias,
1231 4274 1344 4326 qaorum

196 4342 249 4380 aaa
267 4329 361 4380 minor
378 4328 409 4380 ia
427 4328 501 4381 tacta
539 4346 602 4384 aam
619 4333 649 4385 ia
667 4331 754 4384 bellis·
772 4333 865 4387 virtus
881 4333 947 4400 fait,
972 4338 998 4385 et
1021 4347 1136 4399 quoram
1161 4331 1296 4384 orbitates
1314 4331 1344 4382 ia

197 4396 404 4454 Consolationis
423 4399 496 4455 libro
513 4349 628 4456 'dullino
644 4402 804 4472 explicavit.
840 4404 878 4457 t).
1321 4431 1324 4436 ’
