2842 5070
502 323 632 403 niuea
653 321 715 412 ιν,
739 325 787 388 19.
954 352 956 361 ·
1154 316 1217 390 aaa

40 495 147 551 >vero
186 486 227 552 de
258 487 479 551 bellatoribus
501 489 608 550 solum
645 486 832 570 disputant:
867 487 1026 567 imperia
1044 488 1216 551 severiora

10 626 14 636 .
65 572 154 633 nulla
176 590 247 632 esse
266 580 386 652 putant
407 574 477 633 sinc
498 572 607 653 aliqua
638 572 819 632 acerbitate
847 568 1051 633 iracundiae.
1095 572 1217 634 Orato-

65 673 137 714 rem
159 651 313 734 denique,
346 671 413 713 non
441 652 539 714 modo
571 660 792 728 accusantem,
823 651 881 713 sed
913 671 955 713 ne
985 650 1217 714 defendentem
1252 667 1257 674 ·

62 735 197 815 quidem
220 736 364 816 probant
385 738 456 797 sine
485 735 618 796 aculeis.
631 733 842 796 iracundiae:
873 753 956 816 quae
978 735 1077 795 etiam
1099 735 1127 795 si
1148 754 1216 794 non

10 850 15 863 ν
62 816 162 894 adsit,
188 825 299 894 tamen
320 818 432 879 verbis
454 825 671 899 atquexmctu
691 815 908 878 simulandam
930 817 1214 880 arbitrantur:·ut

62 1009 158 1053 tamen
179 1001 249 1053 haec
275 1002 332 1054 sint
357 1003 615 1072 Peripateticorum
638 1001 741 1072 verba,
763 1001 863 1055 ductus
894 1002 1030 1054 orationis
1060 1001 1148 1065 facit,
1180 986 1234 1053 ut'

63 1072 223 1124 emendatio
242 1072 284 1124 Ol.
305 1073 431 1125 Bentleii
450 1073 610 1126 necessaria
626 1073 767 1124 videatur.
804 1072 841 1126 D.
1173 1097 1176 1102 ·

132 1157 198 1223 baec
216 1161 317 1213 nullam
336 1157 466 1213 labent
484 1162 549 1226 uim,
577 1159 636 1213 nisi
654 1160 703 1213 ira
721 1160 918 1214 excanduit
935 1157 1095 1225 fortitude]
1131 1159 1214 1224 ,‚0b-'

60 1231 141 1283 serva
159 1231 316 1283 orationem
335 1230 475 1284 directam
493 1248 545 1301 pro
564 1232 694 1300 obliqua,
714 1249 807 1300 neque
826 1230 1003 1301 enimiuxta
1029 1247 1108 1281 suam
1132 1248 1213 1283 men·

61 1309 121 1352 tem
140 1301 193 1353 ista
211 1299 277 1358 daea
296 1302 400 1355 nullam
418 1299 519 1355 labent
538 1302 595 1354 vim
614 1311 667 1354 etc.
687 1303 800 1372 profert
820 1311 928 1366 auctor,
956 1301 1004 1354 sed
1022 1318 1122 1353 eorum
1140 1300 1213 1352 dun·
1251 1355 1268 1367 .

59 1379 147 1436 taxat,
167 1373 217 1440 qui
237 1372 415 1424 iracundiam
433 1375 473 1424 sic
490 1373 675 1439 extollebant,
694 1374 864 1424 sententiam
885 1372 1033 1442 exprimit.
1071 1370 1212 1424 Sexcenta
1304 1391 1313 1406 ·

59 1442 134 1492 mihi
152 1443 222 1493 talia
239 1442 303 1494 loca
321 1443 468 1496 observata
485 1440 561 1508 suut,
586 1444 643 1507 sed,
667 1443 743 1512 quod
761 1443 906 1495 neminem
929 1443 984 1503 ista
1009 1443 1103 1493 foruna
1121 1440 1212 1494 offen·
1290 1465 1309 1502 .'

60 1530 122 1564 sum
142 1513 181 1563 iri
200 1514 355 1582 sperabam,
381 1514 455 1564 tanti
480 1530 537 1565 non
562 1521 632 1577 erat,
644 1521 692 1563 ’ut
710 1513 883 1566 adnotarem.
921 1513 977 1564 Hic
1000 1520 1097 1564 tamen
1114 1508 1231 1585 Bent13²

60 1583 180 1635 coniicit
203 1580 271 1636 baec
288 1584 391 1636 nullam
417 1581 544 1637 babere
562 1585 694 1637 uim-etc.
722 1584 838 1646 mirum,
864 1583 939 1652 quod
958 1582 1044 1632 simul
1062 1582 1211 1635 excanduit

60 1654 92 1704 in
111 1654 289 1707 excanduerit
307 1671 364 1706 nou
383 1655 512 1719 mutarit,
531 1653 607 1724 quod
624 1671 689 1704 sane
707 1654 850 1722 posterius
890 1652 1072 1705 rammaticae
1091 1653 1210 1774 regulae

60 1724 202 1797 flagitant,
222 1732 313 1776 stante
332 1725 448 1794 quidem
466 1725 520 1776 ista
539 1723 769 1778 emendatione.“
791 1671 937 1792 Wopiens.
958 1722 979 1772 l.
996 1739 1024 1775 c.
1040 1722 1120 1788 „Qui
1141 1723 1211 1792 quid

60 1793 136 1844 dicat
158 1794 281 1862 Wopk,
308 1795 383 1846 mihi
407 1795 523 1864 quidem
546 1795 698 1847 admodum
731 1792 869 1864 probatur
893 1794 1019 1846 Bentleii
1049 1792 1210 1847 emendatio

60 1861 192 1916 laudere.“
210 1862 298 1917 Boud.
336 1865 484 1930 Ernestus,
504 1866 529 1917 si
547 1882 616 1916 vera
633 1865 670 1915 sit
688 1862 719 1915 B.
739 1865 915 1928 coniectura,
943 1881 1009 1916 cum
1027 1864 1210 1933 Wopkensio

60 1935 209 1986 contendit
228 1943 290 1985 tum
308 1936 420 2004 requiri
439 1934 625 1989 excanduerit.
664 1935 814 1988 Nissenius
833 1951 946 2004 quoque
973 1951 1211 2003 supervacaneam

34 1990 119 2057 ‘esse
136 2005 264 2057 Bentleii
282 2005 479 2071 coniecturam
498 2007 551 2058 ait:
580 2005 714 2070 „eadelm
734 2005 845 2068 addens,
864 2004 1012 2068 anomalia,
1036 2013 1069 2056 ut
1093 2004 1211 2073 obliqua
1240 2069 1243 2074 ι
1330 2061 1334 2065 ,

58 2075 150 2127 oratio
174 2076 206 2126 in
229 2083 338 2127 rectam
362 2076 450 2141 abeat,
478 2077 584 2128 iterum
609 2076 737 2128 occurrit
756 2093 781 2130 c.
801 2079 844 2131 20.
873 2076 904 2126 in
921 2075 1030 2128 verbis:
1055 2074 1210 2143 impunitas

58 2147 131 2198 euim
152 2147 263 2214 peccati
289 2145 361 2199 data
378 2147 488 2199 uidetur
514 2147 565 2213 eis,
595 2154 623 2198 et
646 2164 732 2215 supra
756 2146 795 2197 ll.
819 2147 862 2200 te.
887 2148 930 2201 61.
962 2146 1107 2198 observata
1135 2143 1209 2198 est.“

57 2215 142 2268 Schz.
162 2226 263 2269 eontra
280 2214 392 2286 recepit
410 2215 524 2269 babere.-
552 2232 607 2287 quo
627 2224 744 2286 recepto
762 2216 843 2279 fecit,
863 2217 938 2285 quod
956 2217 1119 2268 faciendum
1133 2216 1208 2269 fuit:

56 2287 172 2356 scripsit
190 2287 330 2356 nimirum
353 2286 539 2340 sicundaerit.
577 2288 640 2360 Ego
659 2287 688 2338 id
706 2287 815 2337 iactum
833 2287 875 2337 ita
898 2286 1055 2355 probo‚'ut
1079 2294 1209 2339 tamena

57 2357 229 2430 corrigendo
249 2357 280 2406 in
298 2366 378 2409 tanto
396 2359 527 2410 codicum
546 2354 684 2410 consensu
703 2374 818 2408 manum
837 2356 1034 2408 abstinuerim.
1069 2356 1210 2409 ‘Ceterum

54 2427 86 2477 in
105 2444 162 2479 uno
182 2429 232 2480 Ox.
252 2444 283 2478 re
301 2443 371 2478 vera
390 2436 431 2480 est
450 2428 637 2480 excanduerit.
658 2431 731 2491 Mon.
753 2432 777 2480 1.
797 2425 882 2478 habet
900 2426 958 2478 uim
981 2425 1088 2491 babent,
1116 2425 1206 2479 Rebd.

56 2497 167 2548 ornittit
192 2499 256 2549 uim.
285 2495 359 2580 Aug.
385 2498 502 2550 exhibet
529 2498 602 2564 irae,
627 2497 724 2549 Duisb.
754 2497 892 2562 fortitudo
924 2495 1083 2561 excanduit,
1116 2496 1206 2550 Rehd.
1284 2491 1292 2509 '

57 2567 291 2633 fortitudinem.
311 2568 394 2619 Vind.
417 2573 440 2622 1.
462 2569 494 2618 in
512 2586 589 2637 seqq.
617 2568 726 2620 omittit
752 2566 921 2634 disputant3'
936 2569 1010 2629 Mon.
1033 2570 1056 2620 1.
1080 2567 1151 2619 Edd.
1171 2567 1207 2619 A.

57 2637 89 2691 Β.
109 2637 137 2691 S.
158 2639 192 2690 Ε.
212 2641 282 2689 Ven.
302 2647 389 2691 nostr.
409 2639 537 2692 saeuiora
555 2656 608 2710 pro
627 2637 780 2692 severiora:
800 2637 883 2689 male.
904 2638 970 2690 Cod.
990 2637 1077 2691 Behd.
1098 2640 1157 2707 'qui
1175 2642 1208 2690 et

54 2710 94 2761 im
114 2708 185 2761 aria.
209 2709 281 2761 Me.
569 2711 573 2724 '
1084 2739 1088 2746 ·

44 2777 48 2783 '
92 2727 273 2833 perstarem
301 2778 420 2849 denique
443 2781 517 2846 eta]
555 2779 662 2833 Seneca
681 2777 781 2831 delra
799 2780 851 2832 ΠΙ.
874 2783 918 2834 17ι
957 2778 1072 2841 Orator,
1104 2776 1207 2851 inpluit,

57 2849 150 2902 iratus
169 2850 318 2916 aliquando
336 2852 439 2903 metior
458 2852 508 2903 est.
545 2851 604 2902 Ima
623 2849 752 2902 imitatus
778 2850 894 2914 iratum,
919 2865 984 2902 nam
1008 2856 1034 2901 et
1060 2845 1210 2901 histriones

56 2920 86 2973 in
102 2920 312 2987 pronuntiando
337 2937 391 2973 non
414 2920 488 2974 irati
508 2922 639 2989 populum
662 2925 776 2985 mouent,
801 2922 851 2972 sed
867 2921 973 2972 iratum
991 2919 1057 2972 bene
1083 2925 1206 2986 agentes.

56 2991 94 3042 Et
112 2991 187 3056 apud
211 2988 318 3042 iudices
339 2991 442 3058 itaque,
471 2991 546 3051 etin
568 2990 709 3054 concione,
735 2997 762 3042 et
785 2990 935 3057 ubicunque
953 2989 1040 3043 alieni
1064 2988 1155 3042 animi
1171 2990 1210 3042 ad
1286 3008 1293 3025 ¹

56 3066 182 3126 nostrum
207 3058 357 3112 arbitrium
379 3062 484 3126 agendi
507 3067 582 3127 sunt,
612 3061 692 3114 moda
710 3060 794 3123 isam,
821 3061 900 3113 modo
917 3067 1019 3112 metum
1039 3091 1070 3101 -
1089 3067 1120 3112 ut
1138 3060 1209 3113 aliis

56 3130 235 3193 incutiamus,
256 3129 311 3196 ipsi
330 3130 525 3183 simulabimus.
548 3162 578 3173 -
597 3163 632 3198 .··
654 3131 833 3250 Temperatus
850 3131 888 3199 sit
908 3131 1029 3196 sapiens,
1058 3135 1086 3181 et
1104 3131 1208 3181 adres

56 3201 162 3267 fortius
179 3200 305 3266 agendas
330 3217 393 3254 nan.
409 3201 493 3266 irone,
518 3202 570 3254 sed
593 3200 649 3252 uim
676 3200 815 3252 adiisset
850 3201 912 3251 Vid.
940 3199 977 3250 ib.
997 3199 1136 3267 Lipsium.
1173 3201 1208 3251 ln

56 3290 135 3342 seqq.
155 3272 218 3323 Asc.
239 3278 326 3321 nostr.
347 3274 380 3339 2.ἱ
399 3272 430 3322 in
454 3290 545 3356 marg.
576 3271 632 3324 ms.
658 3285 711 3322 non
729 3271 808 3340 modo
827 3284 891 3322 non
915 3275 1103 3321 accusantem:
1133 3269 1209 3337 quod

55 3352 98 3394 est
117 3341 290 3418 glossatoris.
307 3358 311 3364 ·
328 3341 386 3407 Qua
405 3343 439 3395 de
464 3360 496 3395 re
514 3361 538 3393 s1
565 3358 708 3411 exponere
735 3341 857 3404 uellem,
884 3348 979 3391 actum
1004 3357 1120 3412 agerem
1144 3347 1208 3408 post

56 3420 97 3476 cai,
125 3430 197 3482 quae
221 3412 275 3463 hac
302 3412 336 3464 de
361 3430 393 3466 re
418 3405 477 3464 viri
498 3413 578 3465 docti
602 3419 835 3485 praeceperunt„
858 3411 921 3463 Vid.
949 3426 1000 3462 nos
1026 3426 1112 3478 supra
1130 3409 1165 3461 ad
1183 3411 1205 3462 1.

55 3487 99 3540 36.
120 3487 162 3538 87.
183 3484 252 3552 ibiq.
272 3480 366 3534 laudd.
394 3485 527 3536 Proxime
546 3484 601 3536 duo
620 3484 687 3535 Oxx.
707 3498 766 3534 nec
784 3481 973 3547 defendentem
991 3479 1117 3548 quidem3
1134 3497 1208 3533 unus
1240 3507 1246 3510 ⁴

53 3558 154 3622 putant
171 3568 224 3623 pro
240 3551 367 3620 probunt.
405 3554 465 3606 Mr.
827 3554 833 3562 ’
946 3558 950 3566 ’

126 3641 187 3693 sine
206 3641 310 3693 aculeis
329 3641 506 3709 iracundiae]
545 3645 580 3696 Iu
598 3650 695 3706 nostro
714 3639 770 3693 MS.
792 3647 850 3692 est:
878 3638 939 3691 sine
956 3637 1120 3692 stimulis
1143 3637 1207 3690 ira·
1244 3697 1248 3701 ,

55 3711 174 3763 cundia'e
193 3738 226 3748 -
244 3711 378 3762 Alterum
397 3714 515 3766 alterius
553 3714 672 3766 lossema
690 3711 764 3764 est.“
781 3711 845 3763 Frc.
866 3710 977 3763 Febris.
1016 3708 1106 3760 Habet
1133 3708 1205 3764 item

54 3780 178 3834 stimulis
196 3781 262 3833 God.
281 3780 390 3846 Duisb.,
419 3780 505 3852 quenl
529 3732 648 3837 fiirtasse
673 3782 794 3835 eundem
822 3781 914 3850 ipsum
933 3779 1132 3832 coloniensem
1152 3781 1210 3833 sa·-

54 3852 141 3903 bricii
162 3869 220 3903 esse
240 3849 363 3903 Orellius
382 3869 439 3904 non
457 3855 518 3906 sine
537 3859 618 3906 causa
645 3853 812 3922 suspicatur.
840 3882 872 3892 -
899 3853 963 3902 illex
988 3851 1062 3919 Cod.
1082 3847 1155 3902 bion.
1176 3855 1201 3907 l.

56 3937 126 3992 quae
144 3921 177 3973 si
195 3920 318 3982 etiam,
342 3939 417 3974 unus
443 3924 493 3974 Ox.
520 3926 631 3976 omittit
656 3939 726 3986 non,·
762 3923 835 3973 alius
861 3919 977 3972 exhibet
1001 3918 1072 3973 milti
1089 3920 1142 3989 pro
1161 3925 1204 3975 ta·
1234 3933 1236 3937 ’

55 3983 131 4054 men}
151 3992 223 4042 alius
241 3992 321 4043 enoda
339 4007 392 4058 pro
411 3999 496 4056 motu,
517 3994 588 4045 Gud.
609 3997 640 4047 2:
654 4000 777 4044 motum:
802 3992 856 4042 Per
878 3987 911 4041 it'
925 3994 1000 4045 illan.
1022 3995 1045 4046 1.
1074 3997 1104 4042 ut
1123 4006 1203 4045 aru·

56 4064 151 4118 toris
169 4065 242 4115 iram
263 4058 366 4134 oro-isx
380 4061 540 4128 [orationis]
564 4063 730 4128 intendat
755 4060 836 4114 actio.
890 4061 960 4111 uisb.
984 4062 1114 4114 incendat
1136 4063 1202 4114 or'd

54 4134 144 4189 Behd.
165 4133 328 4187 auditores
346 4132 404 4184 ira
422 4133 546 4185 oratoris
564 4132 702 4184 incendat.
740 4131 790 4182 'Ac
807 4129 900 4183 virum
918 4139 972 4181 ete.
1001 4133 1087 4183 Marb.
1114 4131 1206 4185 incen-

55 4207 113 4258 dat.
150 4202 399 4257 Atticiniaum.
436 4204 516 4255 Unus
541 4203 590 4267 Ox.
620 4199 763 4253 simulari
784 4227 813 4236 -
834 4199 985 4264 auditori3
1012 4202 1067 4255 duo
1091 4202 1142 4252 alii
1160 4201 1206 4254 iu-

57 4276 178 4328 tendat.
217 4274 291 4349 Aug.
319 4305 351 4316 -
375 4272 512 4326 incendat.
559 4275 683 4327 Acrem
714 4269 817 4332 uirum,
851 4270 923 4322 Gud.
948 4273 973 4326 2.
1004 4272 1141 4326 incendat.
1169 4275 1206 4327 ut

56 4347 134 4398 scia
157 4345 258 4398 uirum.
287 4345 359 4399 Edd.
380 4345 410 4398 G.
436 4351 465 4395 et
491 4342 600 4397 Asci.
625 4349 653 4394 ut
676 4340 818 4395 auditores
840 4341 887 4394 ira
911 4342 1037 4397 aratoris
1064 4338 1204 4394 incendat.
1280 4366 1283 4383 ·

50 4416 160 4470 'Vinum
177 4418 293 4485 denique
312 4424 366 4469 etc.
404 4413 464 4468 Mr.
