2842 5070
474 271 606 336 ιιιιιιιι
627 270 687 348 ιιι,
704 270 736 354 ι.
757 271 789 336 s.
861 283 886 299 2
1164 270 1214 335 o·
1302 270 1304 275 ·

60 441 190 504 ratione
210 439 353 520 *optime
383 443 517 499 utature
546 439 723 516 numquam
753 434 861 518 igitur
887 439 942 509 est
972 434 1205 513 perturbatori

57 531 95 584 at
112 519 291 606 aegritudo
312 519 522 599 perturbatio
544 525 595 580 est
616 518 734 578 animi:
756 533 894 598 semper
904 515 1014 599 igitur
1025 533 1064 576 es
1078 517 1208 597 sapiens

58 603 232 745 vambiiiri
242 682 343 743 etiam
353 656 460 745 simile
471 677 555 742 illud
562 687 625 757 est,
641 680 698 762 qui
706 679 751 739 sit
758 669 959 758 temperans,
982 695 1079 758 quem
1090 675 1211 738 Graeci
1230 681 1263 814 ᾗ

59 866 209 922 scribitur
230 881 367 933 naamam
391 870 447 916 est
473 863 592 931 igitur
616 863 648 915 in
674 862 747 915 Edd.
772 870 839 916 ante
865 861 954 917 Gebh.
975 863 1104 932 exceptis
1122 863 1154 913 V.
1183 869 1213 915 et

59 938 131 992 Rob.
151 935 249 1008 steph.
269 952 392 1004 eumque
411 935 544 989 ordinem
562 933 680 988 Beierus
699 932 734 987 ad
752 934 813 989 cio.
839 935 876 988 de
898 932 953 990 off.
972 935 995 987 1.
1019 937 1058 988 te
1078 935 1123 988 64.
1152 932 1213 985 col·

61 1009 121 1061 lata
144 1024 194 1059 sua
216 1006 317 1081 regula
340 1006 376 1058 ad
404 1003 427 1057 1.
447 1009 473 1060 3.
498 1009 524 1061 9.
552 1002 672 1058 restitui
696 1006 792 1070 iussit,
819 1005 961 1074 probante
991 1004 1022 1055 in
1046 1005 1113 1056 Var.
1141 1002 1210 1056 lect.
1299 1070 1305 1077 ⁸

62 1077 212 1143 Kiihnero,
231 1075 412 1146 improbante
427 1075 526 1129 eodem
538 1077 567 1128 in
579 1075 683 1128 Annot.
703 1074 773 1131 ibid.
792 1073 842 1128 ubi
860 1075 918 1127 ait:
937 1074 1040 1145 „quod
1058 1082 1138 1154 certe
1156 1072 1213 1138 [vi·
1317 1136 1321 1139 ι

60 1147 170 1202 delicet
192 1161 328 1216 nunquam
355 1151 397 1198 est
423 1145 529 1212 igitur]
555 1146 585 1198 li.
601 1145 632 1210 l.‚
659 1153 694 1197 nt
719 1145 750 1197 in
776 1144 971 1205 concludendi„
988 1143 1126 1208 formula,
1153 1159 1213 1196 non

61 1217 189 1290 placet.“
224 1217 265 1269 Et
282 1217 338 1269 hoc
355 1215 474 1285 quidem
492 1217 603 1270 melius.
626 1215 702 1268 Gud.
723 1217 834 1269 omittit
852 1221 909 1267 eet.-
936 1213 1020 1267 male.
1057 1216 1108 1279 Ar,
1137 1213 1215 1283 quod

62 1290 204 1356 sequitur,
237 1289 269 1339 in
293 1288 490 1353 assumptione
512 1289 640 1355 positum
668 1285 801 1338 Ciceroni
827 1287 965 1338 usitatum
997 1301 1059 1338 esse
1091 1291 1212 1338 constat.

62 1357 127 1411 Vid.
145 1358 252 1410 Handii
275 1355 479 1410 Tursellin.1.
505 1356 614 1427 Ρ.’431.
649 1357 791 1409 Goerenz.
817 1355 853 1408 ad
871 1355 931 1408 Cic.
957 1354 992 1409 de
1014 1357 1105 1478 [segg.
1125 1355 1149 1410 1.
1169 1356 1212 1408 1⁷.

62 1430 106 1484 to.
125 1446 154 1499 p.
174 1431 217 1484 73.
255 1427 335 1480 Unus
354 1428 404 1480 Ox.
424 1426 500 1481 male
518 1435 576 1481 aut.
604 1426 673 1480 God.
692 1425 775 1479 Rehd
808 1443 874 1479 cum
894 1424 969 1480 Gud.
987 1428 1014 1480 2.
1038 1443 1073 1480 ex
1096 1425 1156 1479 ibet
1173 1431 1215 1476 eet

60 1497 238 1567 perturbatio
256 1496 354 1552 animi.
381 1497 454 1550 Gud.
478 1498 658 1566 perturbatio
675 1489 768 1549 animi
791 1504 842 1553 est.
879 1497 934 1549 Pro
963 1494 1076 1562 sapiens
1100 1496 1132 1547 in
1156 1511 1215 1548 uno

63 1569 113 1621 Ox.
134 1574 178 1622 est
195 1569 307 1636 sapiens
326 1567 473 1621 animus.
511 1567 556 1621 Ad
572 1572 706 1621 futurum
730 1568 846 1628 meabit,
869 1566 901 1618 in
925 1565 1114 1619 conclusione
1138 1563 1216 1634 posi-

62 1646 138 1704 tum,
159 1639 208 1692 sed
226 1656 309 1706 saepe
327 1656 343 1690 e
361 1639 433 1692 uiris
452 1639 563 1691 criticis
582 1639 783 1702 sollicitatum,
801 1637 859 1690 vid.
880 1638 1019 1692 Goerens.
1045 1637 1081 1689 ed
1100 1634 1160 1689 cic.
1180 1632 1216 1688 de

62 1707 150 1760 Finn.
169 1709 224 1761 111.
243 1712 269 1764 8.
287 1710 332 1762 28.
351 1725 381 1777 p.
400 1710 460 1763 346.
488 1707 657 1762 Tenendum
675 1716 781 1772 autem,
800 1709 945 1759 Futurum
961 1723 1071 1775 ponere
1089 1705 1121 1757 in
1138 1705 1217 1759 stoi-

63 1794 168 1832 corum
194 1795 276 1848 saepe
302 1777 454 1830 sententiis
479 1777 661 1842 Ciceronem,
693 1778 808 1830 etiamsi
830 1778 947 1830 nonsit
969 1776 1131 1837 conclusio,
1149 1773 1217 1828 ¹sed

63 1846 190 1915 simplex
208 1847 379 1917 propositio.
417 1844 554 1901 Solebant
578 1848 655 1900 enim
675 1845 778 1908 Stoici,
804 1861 930 1915 qnorum
955 1845 1051 1897 iuliis
1075 1845 1218 1898 rationem

61 1918 206 1986 sequitur,
240 1917 271 1970 id
294 1917 369 1987 quod
395 1936 411 1970 a
435 1919 565 1987 sapiente
587 1917 689 1987 quovis
715 1924 848 1984 tempore
866 1915 933 1967 fieri
957 1913 1069 1978 dicunt,
1096 1928 1216 1982 eamque

65 1987 186 2043 vivendi
209 1988 292 2057 quasi
317 2003 458 2053 normam,
486 2006 573 2058 quam
598 1988 711 2057 sapiens
742 1987 863 2056 quisque
888 1984 1023 2054 sequitur
1046 1985 1078 2035 in
1104 1997 1217 2052 quaque

66 2058 144 2111 vitae
160 2065 254 2127 parts,
282 2058 393 2110 Futuro
416 2065 547 2128 tempore
573 2060 736 2120 enuntiare,
761 2075 789 2110 v.
810 2074 835 2111 c.
860 2071 915 2108 uon
939 2054 1084 2106 accedet
1102 2053 1219 2104 adrem

63 2127 204 2196 publicam
230 2128 359 2196 sopiens3
386 2128 500 2196 sapiens
524 2145 579 2182 ιισιι
605 2127 798 2192 miserabitur,
827 2141 882 2179 nou
905 2124 1069 2180 taaaMtur:
1104 2123 1160 2175 Pro
1184 2139 1218 2176 eo

63 2197 178 2266 sopiens
197 2196 265 2254 cot.
284 2199 356 2269 Aug.
377 2197 464 2248 habet
481 2201 595 2264 sapien
613 2213 655 2249 ea.
693 2198 754 2250 Mr.

136 2284 161 2322 c.
180 2270 206 2321 8.
235 2264 305 2320 Veri
323 2264 409 2318 etiam
427 2266 521 2318 simite
538 2267 612 2319 illud
628 2267 692 2332 eet]
729 2267 802 2331 „lta
819 2268 917 2335 reperi
945 2267 977 2318 in
995 2266 1126 2337 quinque
1144 2265 1216 2318 Pell.

65 2337 132 2390 rae.
151 2334 236 2405 Pyth.
264 2336 355 2387 Vatic.
382 2334 497 2404 Gryph.
528 2336 586 2388 Vul
647 2335 811 2391 Verisimile
833 2339 918 2389 etiam
935 2336 1008 2390 illud
1031 2337 1107 2391 eet.“
1135 2333 1219 2390 cett.

37 2417 41 2424 ¹
64 2407 249 2477 Receperunt
267 2405 351 2458 illam
369 2405 524 2458 lectionem
543 2406 588 2459 Ed
609 2444 615 2457 .
634 2415 702 2476 post
720 2405 812 2459 Gebin
834 2423 941 2471 omnes,
962 2423 1081 2476 eamque
1100 2423 1154 2482 ego
1172 2424 1219 2462 re·

65 2478 131 2548 peri
156 2478 190 2529 in
209 2475 297 2529 Codd.
324 2476 456 2529 omnibus
480 2477 608 2546 itemque
635 2478 669 2528 in
686 2475 740 2530 lid.
760 2477 802 2540 P,
829 2478 888 2529 nisi
951 2476 988 2528 od
1014 2476 1087 2528 Gud.
1108 2478 1220 2531 omittit

67 2547 161 2612 etiam,
181 2555 209 2599 et
228 2543 304 2607 Gud,
324 2550 347 2600 1.
367 2562 421 2614 pro
440 2546 512 2600 illud
529 2566 545 2600 a
562 2564 607 2618 pr.
627 2565 664 2599 m.
684 2546 770 2600 babet
795 2546 853 2598 itti.
890 2546 915 2596 A
958 2553 1135 2599 structuram
1158 2547 1219 2600 loci

65 2615 150 2671 valdo
168 2616 339 2685 impeditam
356 2615 413 2669 hoc
433 2618 602 2671 tenendum:
621 2617 752 2687 incipere
772 2615 942 2670 Ciceronem
956 2617 1118 2685 periodum,
1137 2618 1221 2686 quasi

66 2694 132 2758 post
148 2687 237 2741 verba
255 2686 317 2739 ueri
335 2687 421 2738 etiam
439 2688 533 2740 simite
551 2688 626 2740 illud
643 2695 686 2741 eet
702 2695 907 2757 perrecturusr
935 2698 1003 2751 eura,
1026 2687 1076 2755 qui
1093 2688 1132 2740 eit
1151 2699 1220 2739 ισιιι-

64 2771 179 2824 peroras,
198 2771 260 2814 eree.
275 2762 459 2823 constantem
479 2759 528 2827 qui
547 2765 686 2823 constans,
706 2757 843 2825 quietum:
864 2757 912 2822 qui
929 2756 1050 2824 quietus,
1066 2759 1221 2826 perturbo·

67 2827 143 2880 tione
160 2841 281 2892 uacuum,
309 2844 378 2893 ergo
396 2828 483 2880 etiam
501 2829 692 2897 aegritudine.
730 2829 767 2880 Et
784 2833 848 2879 ment
866 2828 920 2879 iila
947 2826 1102 2896 sapientis:
1127 2828 1219 2880 aberit

67 2896 162 2964 igitur
179 2911 197 2947 a
216 2897 341 2963 sapiente
359 2898 516 2962 aegritudo.
554 2899 642 2963 Haec,
667 2900 796 2968 inquam,
823 2899 984 2967 scripturus
1012 2905 1078 2968 post
1098 2899 1220 2951 verbnm
1262 2929 1268 2938 .

66 2973 236 3034 temperans,
254 2983 311 3032 quc
329 2975 445 3020 vertere
467 2970 596 3036 primum
614 2969 731 3022 volebat
749 2969 891 3022 Graecum
910 2973 1040 3039 σώφρων,
1064 2969 1169 3021 incidit
1186 2970 1228 3032 in,

67 3035 302 3104 disquisitionem
321 3040 539 3108 grammaticam
559 3047 590 3091 st
608 3038 841 3111 etymologicam,
862 3055 877 3090 e
895 3056 952 3107 qua
970 3055 1000 3090 se
1019 3045 1084 3092 ante
1093 3039 1221 3092 mediam

66 3105 90 3172 b.
114 3107 155 3160 18.
182 3119 241 3156 non
267 3102 390 3173 expedit.
429 3107 473 3157 lbi
500 3106 615 3158 demum
640 3107 794 3176 abmrpturn
817 3107 903 3175 plane
926 3108 1066 3160 orationis
1090 3105 1123 3159 ac
1143 3118 1221 3160 stru·

68 3184 170 3231 eturae
189 3191 307 3227 cursum
325 3175 442 3244 repetit,
462 3182 500 3239 et,
513 3176 601 3244 'quasi
619 3176 712 3228 denuo
731 3177 885 3245 incipiens,
905 3177 1067 3229 immutatis
1083 3178 1221 3230 nonnihil

68 3245 176 3308 verbis,
201 3247 309 3319 pergit,
334 3254 367 3299 ut
394 3253 538 3316 coeperat,
565 3246 671 3299 iniecto
698 3246 787 3299 verbo
803 3247 907 3298 iterum
925 3247 1092 3316 significans
1117 3265 1148 3300 se
1172 3249 1221 3300 ab·

68 3322 185 3387 ruptam
204 3316 261 3367 iam
280 3317 450 3369 continuare
470 3318 647 3370 orationem:
666 3315 716 3385 qui
733 3315 772 3368 rit
788 3317 894 3384 frugi
910 3316 1006 3384 igitur
1024 3315 1122 3386 [supra
1141 3318 1221 3372 dixe·

70 3393 116 3440 rat
134 3386 304 3454 temperans]
324 3389 375 3452 oet,
403 3385 431 3438 ei
447 3386 549 3452 mauis,
573 3387 734 3439 moderatus
753 3393 779 3438 et
798 3395 967 3455 temperans,
994 3403 1056 3439 eum
1079 3404 1220 3442 necesse

69 3463 110 3519 eet
134 3454 369 3525 [supradixerat
394 3456 549 3510 uerisimile
567 3457 618 3522 est]
647 3473 707 3510 esre
731 3464 909 3521 constantem,
932 3457 986 3527 ‚qui
1004 3467 1042 3501 ψ·
1056 3460 1218 3528 aegritudo.

70 3524 134 3581 Vid.
155 3526 190 3580 de
209 3528 424 3580 constructione
442 3526 507 3580 Otto
526 3527 561 3581 ad
580 3528 640 3580 Cic.
660 3528 695 3581 de
713 3527 799 3584 Finn.
821 3546 850 3598 p.
868 3531 929 3584 394·
968 3529 1028 3583 Mr.

141 3597 189 3664 qui
210 3595 250 3654 sit
276 3603 435 3663 temperans
454 3597 521 3662 etc]
558 3599 650 3651 Verba
677 3597 726 3666 qui
749 3599 788 3650 sit
812 3599 924 3651 omittit
943 3596 1012 3649 eod.
1031 3598 1128 3651 Duisb.
1156 3598 1220 3652 Duo

70 3664 141 3721 oxx.
159 3665 267 3719 babent
284 3667 371 3736 quid
388 3668 440 3720 sit:
465 3667 542 3721 alter
568 3683 650 3736 quam
667 3683 721 3737 pro
749 3684 836 3736 quem
873 3669 941 3720 Post
964 3667 1068 3720 Graeci
1085 3668 1168 3722 Verb.
1189 3671 1221 3722 in

70 3753 163 3810 marg.
182 3735 269 3788 babet
291 3736 446 3790 lectionem
472 3741 585 3808 μέτριον
611 3754 666 3808 pro
691 3738 824 3808 σώφρονα
849 3755 885 3791 ex
902 3738 960 3792 MS.
981 3739 1078 3791 nescio
1097 3755 1163 3808 quo,
1191 3749 1221 3793 et
1289 3760 1291 3764 ⁴

69 3810 230 3876 perpederint
246 3823 300 3874 pro
319 3810 513 3876 σωφροσύνην,
541 3809 618 3877 quod
643 3815 688 3862 est
715 3810 892 3882 glossatoris,
922 3810 973 3877 qui
991 3809 1039 3862 vel
1057 3809 1221 3863 doctrinam

71 3877 233 3942 estendere,
263 3868 312 3930 vel
337 3877 506 3932 Ciceronem
533 3879 681 3953 corrigere
704 3879 804 3932 vellet.
848 3878 994 3932 Similiter
1020 3880 1051 3931 in
1075 3879 1129 3933 Ed·
1148 3883 1220 3935 Ven.

70 3947 131 4002 Alt.
153 3964 220 4000 cum
238 3963 392 4016 perperam
411 3947 442 3999 in
460 3948 606 4002 contextis
625 3949 766 4018 scriptum
785 3950 824 4002 sit
838 3967 972 4018 χρνιιιους
989 3949 1056 4013 (sic)
1080 3966 1135 4018 pro
1151 3969 1222 4020 χρη-

71 4023 180 4086 σίμους,
199 4018 232 4070 in
249 4034 341 4092 marg.
357 4024 415 4070 est:
435 4052 454 4081 „
462 4020 580 4086 χρησιὸς
598 4019 683 4086 frugi
702 4020 855 4094 significat,
872 4029 971 4072 etnon
989 4027 1125 4092 anguste:
1146 4021 1223 4072 sicut

72 4088 114 4142 ait
133 4087 266 4143 Cicero.“
300 4089 377 4140 hoco
402 4086 608 4140 uocabulorum
633 4087 808 4148 Graecorum
836 4090 867 4141 in
895 4087 981 4142 codd.
1003 4089 1074 4162 Aug.
1100 4089 1173 4141 Mon.
1194 4095 1220 4144 l.

73 4167 200 4227 quatuor
217 4157 287 4209 Oxx.
307 4173 430 4210 vacuum
449 4157 585 4209 relictum
605 4167 648 4211 est
666 4159 806 4227 spatium:
832 4160 864 4210 in
882 4159 970 4211 Marb.
990 4159 1134 4227 haecpro
1151 4177 1222 4228 que-

73 4235 143 4282 tucr
164 4229 261 4282 verbis
288 4227 401 4303 graecis
429 4233 496 4278 sunt
519 4235 658 4292 monstra,
690 4246 777 4296 supra
801 4229 918 4298 scriptis
943 4229 1039 4284 literis
1062 4246 1129 4295 gr:
1149 4243 1224 4281 'eux-

71 4296 171 4366 phono,
199 4295 366 4365 clucbpocir,
399 4296 570 4365 yppaciaffo,
602 4298 761 4354 abaabeian.
799 4297 898 4351 Dnisb.
923 4297 1010 4352 habet
1041 4298 1156 4361 eofrouo
1180 4300 1226 4362 (nt

73 4366 146 4423 Edd.
167 4369 250 4422 Junt.
269 4369 340 4421 Ven.
361 4367 464 4432 nostr.)
483 4365 641 4431 sofroniaen
660 4368 751 4434 (Junt.
771 4366 967 4438 eopbroryuen.
987 4372 1058 4422 Ven.
1071 4368 1223 4436 lacunam).

29 4494 33 4500 '
101 4501 181 4543 Cicero
197 4497 262 4540 Tisse.
279 4498 345 4552 Dtsp.
361 4498 395 4544 ut.
410 4497 493 4541 Moser.
516 4497 538 4539 T.
556 4498 589 4540 tt.
960 4473 980 4532 4
