2842 5070
574 329 705 392 mem
727 329 789 409 ιν,
809 332 860 423 23,
1088 318 1094 326 ’
1188 279 1307 400 ὅθεν

126 501 195 580 'per
215 515 296 558 sese.
340 493 427 556 Nam
449 496 514 556 isto
536 493 637 558 modo
661 494 793 578 quidem
815 496 894 558 licet
904 493 1028 575 dicere,
1051 496 1169 559 utilem
1190 498 1286 559 vino-

132 581 268 642 lentiam
295 577 337 639 ad
368 577 610 656 fortitudinem,
639 579 757 659 utilem
787 581 886 640 etiam
908 576 1119 658 dementiam,
1142 579 1230 660 qnod
1252 591 1287 642 et

132 665 242 723 insani
272 671 306 723 et
336 662 422 722 ebrii
449 663 555 722 multa
582 663 709 723 faciunt
740 680 837 743 saepe
864 661 1104 724 vehementius.
1148 664 1287 746 Semper

132 745 217 806 Aiax
240 746 351 821 sortis,
374 746 576 806 fortissimus
598 755 709 806 tamen
731 746 767 804 in
789 747 927 816 furore:
1036 765 1037 770 ¹
1109 812 1111 815 v

271 828 381 889 llam
411 825 543 907 focinus
573 825 657 905 fecit
689 825 874 906 mdxmnum,
903 845 1006 970 paup,
1036 823 1169 891 Do'om's
1194 828 1286 892 incli-

326 937 328 940 ·
874 912 968 972 monti
990 929 1039 982 us,

974 1053 1272 1067 -—--—--—-·--—

131 1151 206 1184 unus
226 1133 276 1185 Ox.
296 1131 412 1184 exhibet
430 1129 630 1195 formidinem.
650 1130 737 1183 Marb.
759 1138 788 1182 et
808 1129 882 1183 Gud.
902 1133 927 1186 i.
953 1130 1048 1183 utilem
1067 1132 1105 1183 e‘e
1123 1128 1218 1196 Iesse]
1239 1132 1287 1184 de·
1312 1140 1314 1143 ’

131 1203 274 1268 mentium,
294 1203 366 1258 Gud.
386 1203 481 1255 utilem
500 1201 679 1266 dementiam
698 1200 796 1252 Duisb.
815 1203 907 1254 utilem
926 1201 1012 1254 etiem
1029 1217 1089 1254 esee
1107 1199 1287 1266 dementiam

130 1292 203 1327 unus
222 1276 272 1328 Ox.
299 1273 511 1344 quiciacum,
543 1275 615 1325 alius
636 1275 703 1340 'qui
725 1278 752 1324 et
771 1272 883 1337 ,insoni
918 1273 989 1324 alius
1017 1274 1088 1341 quod
1105 1278 1131 1324 et
1148 1273 1291 1338 insanie,
1387 1340 1389 1344 Ι

131 1345 205 1398 Gud.
225 1345 296 1411 quod
314 1347 424 1398 etiam
442 1342 548 1408 insoni,
569 1344 650 1396 Vind.
664 1347 687 1396 1.
709 1344 783 1411 quod
800 1344 910 1407 ineani3
929 1344 1039 1398 Gud.·i.
1061 1343 1133 1412 quod
1151 1343 1287 1397 evinea-

131 1417 273 1471 nientee
297 1415 378 1468 ebrii.
415 1417 521 1467 Vocem
549 1431 629 1481 saepe
659 1415 800 1464 omittunt
823 1415 896 1467 Edd.
924 1416 952 1466 P.
980 1415 1011 1465 Α.
1032 1415 1069 1465 B.
1096 1414 1124 1467 S.
1144 1415 1285 1470 Efflunt.

83 1514 86 1516 v
129 1489 200 1541 Ven.
220 1495 310 1539 nostr.
330 1487 393 1538 Asc.
416 1492 440 1540 l.
461 1489 490 1540 2.
526 1486 560 1536 In
578 1484 646 1538 Cod.
668 1483 741 1536 Gud.
759 1487 786 1538 2.
805 1484 921 1558 legitur·
933 1483 1115 1537 vebemem'ie:¹
1133 1501 1231 1538 errore
1252 1503 1287 1538 ex

130 1558 300 1629 compendio
319 1557 444 1626 syllabae
466 1572 501 1608 ue
520 1552 582 1622 [9]'
599 1563 670 1607 orto.
708 1553 753 1607 Ad
777 1556 950 1607 sententiam
977 1559 1015 1607 cf.
1035 1557 1126 1607 Varro
1145 1556 1179 1608 de
1198 1557 1230 1607 L.
1251 1559 1287 1614 Ι..
1321 1548 1338 1627 Ἰ

129 1632 177 1690 VI.
197 1649 224 1699 p.
245 1631 289 1684 79.
310 1629 352 1679 ed.
372 1627 477 1679 Arnst.:
496 1627 574 1679 idem
592 1624 733 1690 [Plautus]
753 1625 814 1677 cum
832 1624 1058 1679 vehementer
1081 1626 1162 1679 vellet
1181 1626 1285 1693 dicere,

131 1700 205 1752 dicit
223 1699 365 1752 insane:
394 1700 468 1766 quod
487 1700 582 1752 insani
600 1698 706 1763 faciunt
723 1696 815 1749 omnic
841 1696 1019 1750 vehementer.
1057 1699 1117 1751 Me.

201 1788 318 1853 Semper
338 1785 416 1838 Aiax
442 1785 743 1851 forlie‚..fortisrimue
762 1791 863 1842 *tamen
889 1789 918 1840 in
942 1786 1068 1852 furore]
1100 1787 1285 1854 „'Oetonarii‚
1370 1839 1381 1853 ,

130 1861 251 1912 fortasse
270 1875 305 1910 ex
322 1855 440 1910 Pacuvii
458 1855 615 1931 tragoedia,
641 1874 712 1925 quae
741 1866 783 1908 est
801 1855 956 1909 Armorum
975 1858 1126 1913 iudicium.
1163 1851 1305 1912 Videtur‘

130 1940 227 1982 eutem
251 1927 335 2000 loqui
357 1927 486 1997 Ulysses,
513 1926 666 1996 Aiacisque
697 1928 901 1980 fortitudinem
928 1929 1023 1980 furori
1053 1929 1193 1983 tribuere.
1238 1929 1286 1983 sic
1317 1940 1318 1945 ’
1344 1960 1345 1964 =

130 2005 228 2054 autem
247 1999 429 2052 introductus
447 1996 506 2049 fuit
524 1996 605 2064 Aiax,
632 2006 667 2049 ut
692 1998 835 2051 insaniens
853 2001 919 2050 cum
938 1998 1065 2051 hostibus
1084 2017 1201 2052 manum
1219 2017 1286 2053 con-

130 2090 227 2125 serens
245 2071 312 2122 illos
330 2071 362 2121 in
379 2071 478 2143 fugam
495 2078 633 2123 verteret.
672 2068 751 2135 Quod
769 2078 798 2121 et
813 2069 1003 2122 Philostratus
1021 2071 1186 2156 significare
1204 2072 1286 2125 vide-

129 2153 180 2196 tur
198 2161 213 2195 a
233 2141 351 2193 Graecis
369 2139 488 2214 tragicis
511 2141 620 2193 sactum
646 2157 714 2193 esse.
753 2140 800 2194 Sic
824 2141 901 2193 enirn
924 2141 1026 2193 scribit
1048 2160 1079 2194 ru
1097 2141 1202 2208 Aiace:
1230 2163 1289 2214 μαε

128 2214 208 2267 verte
225 2211 256 2264 di
274 2210 361 2265 αὐτὸν
378 2209 477 2278 οἱμὲν
496 2215 588 2280 Τρῶες
612 2211 725 2264 idaeoee'
749 2214 836 2276 πλέον
859 2211 876 2280 ἢ
896 2206 1039 2279 εἰώθεσαν,
1065 2213 1103 2279 μὴ
1127 2215 1287 2280 προςβαλών

128 2287 165 2352 τῷ
182 2290 266 2352 τείχει
284 2283 333 2354 dvj}
369 2279 466 2336 αὐτό.“
487 2281 631 2336 Gamerae.
657 2284 781 2348 „Versus
800 2293 970 2335 numeratur
991 2283 1035 2349 [in
1053 2285 1203 2337 nonnullis
1213 2286 1285 2338 Edd.

127 2374 156 2407 v.
178 2373 202 2406 c.
223 2356 309 2406 Leod.
330 2302 406 2407 drot.
428 2352 504 2403 Cam.
523 2353 640 2405 Rob.'et
656 2354 718 2405 Car.
739 2353 838 2428 Steph.
859 2354 924 2409 Alc.
942 2354 1023 2406 Boul:
1044 2355 1152 2424 sylb.]:
1172 2356 1287 2424 Semper

128 2425 208 2478 Aiax
225 2423 311 2489 fortir
329 2432 447 2474 -cum
465 2423 557 2487 oratio
576 2423 614 2475 sit
632 2425 738 2476 soluta:
765 2440 832 2475 mox
849 2433 946 2476 tamen
964 2425 995 2475 in
1014 2425 1105 2478 altero
1123 2430 1285 2481 octonario:

129 2497 270 2549 Summam
293 2510 352 2546 rem
374 2492 494 2561 perfecit
520 2509 620 2547 manu
647 2525 678 2536 -
701 2494 857 2568 legendum
883 2495 1068 2562 crediderim,
1095 2513 1154 2550 non
1178 2515 1284 2554 manue.

113 2567 208 2634 ‚Quod
226 2574 320 2619 autem
339 2565 484 2634 sequitur:
623 2619 625 2624 ,
664 2579 666 2582 ⁴
1008 2598 1009 2602 =

293 2635 435 2709 Braelinm
453 2647 514 2688 cum
536 2634 664 2690 'restitnit
681 2635 833 2703 insaniens,

127 2725 160 2779 ab
179 2724 236 2778 alia
255 2725 315 2777 dici
325 2741 454 2796 persona
472 2726 634 2800 tragoediae
652 2713 791 2792 arbitror,
817 2727 1000 2797 vituperante
1018 2722 1068 2781 vel
1082 2729 1222 2782 'elevante
1241 2733 1283 2784 fa·

128 2799 209 2852 cinus
227 2796 333 2860 Aiacis,
354 2805 386 2849 ut
404 2815 458 2866 per
476 2796 614 2848 insaniam
633 2795 799 2850 admissum:
828 2799 905 2870 quod
928 2807 1024 2851 tamen
1043 2794 1100 2851 alia
1119 2801 1287 2855 laudaverat>

127 2877 192 2922 ante
211 2870 345 2937 persona:
378 2868 418 2918 Et
437 2885 503 2920 curn
521 2875 657 2920 excurrat
680 2868 795 2943 longius
813 2872 921 2933 versus,
948 2871 1012 2922 veri
1031 2871 1125 2924 simile
1144 2881 1195 2938 est,
1222 2890 1281 2926 non

126 2939 227 2992 debere
246 2938 302 2989 hoc
320 2953 374 3006 pro
392 2938 520 2990 clausula
538 2930 715 3012 agglutinari
741 2957 872 3008 caesurae
896 2941 1050 3008 superiori,
1076 2943 1129 2994 sed
1159 2945 1282 3018 regluti-

125 3010 293 3077 uariatque
312 3008 468 3077 separari.“
495 3008 611 3062 Turneb.
638 3008 710 3061 Adv.
731 3014 756 3076 7,
778 3014 819 3067 18.
856 3011 950 3078 „Aiax
972 3012 1046 3081 apud
1065 3013 1200 3066 Ovidium
1223 3018 1281 3069 tce-

94 3121 96 3125 .
126 3088 195 3132 tam.
215 3083 263 3136 13:
285 3078 331 3143 [93
350 3079 404 3147 sm]
1063 3079 1065 3083 ⁴

289 3149 392 3218 Nempe
411 3165 462 3217 ego
481 3151 557 3220 mille
580 3166 640 3202 meo
656 3148 769 3216 proteri
787 3158 900 3219 pectore
915 3166 1031 3219 puppes,

291 3220 372 3288 Spem
389 3221 475 3273 vestri
492 3221 631 3273 reditue.“
649 3221 783 3273 Beroald.

124 3313 205 3365 Unus
224 3311 274 3364 Ox.
302 3309 413 3363 omittit
436 3324 520 3360 voces
541 3309 630 3372 'fortio
648 3319 678 3362 et
699 3315 807 3372 tamem
836 3309 1026 3378 posteriorem
1049 3311 1135 3363 etiam
1159 3311 1232 3366 Gud.
1253 3316 1278 3370 2.

125 3380 214 3434 Rehd.
240 3381 328 3433 Marb.
366 3382 420 3432 Pro
445 3379 623 3446 fortissimus
646 3388 737 3435 tomen
765 3389 807 3433 est
838 3386 929 3432 temen
955 3381 1129 3446 fortissimus
1151 3383 1277 3437 inEdd.

125 3456 154 3520 Ρ.
174 3451 207 3503 Α.
226 3452 257 3504 B.
278 3451 306 3505 S.
319 3451 360 3503 E.
381 3449 546 3520 eademque,
566 3469 637 3520 quae
656 3453 708 3503 lin.
726 3453 859 3522 proxima
881 3453 1019 3504 omittunt
1037 3469 1127 3521 ecepe.
1164 3455 1224 3507 Mr.

195 3541 267 3592 Nam
291 3542 402 3606 facinus
427 3541 495 3608 {ecit
518 3556 678 3593 rnoxemum
698 3541 747 3609 -]
785 3541 908 3612 Scripsit
929 3541 1015 3602 hosce
1038 3560 1137 3595 versus
1158 3543 1226 3596 Dav.
1247 3545 1279 3596 in

124 3610 177 3664 Ed.
196 3613 222 3665 2.
242 3611 292 3675 ita,
320 3621 444 3679 quatuor
460 3612 561 3665 lineis:
1267 3627 1270 3632 ’

288 3680 361 3732 Nem
379 3678 496 3747 fobinue
514 3681 587 3747 'fecit
612 3699 782 3750 maxumum,

290 3751 369 3815 Cum,
393 3752 504 3805 Danais
527 3753 738 3819 inclinantibus,

288 3821 430 3874 Summam
448 3840 506 3876 rem
526 3829 648 3893 perfecit
666 3843 760 3893 mann,

289 3891 359 3944 Rem
380 3894 508 3946 restituit
532 3895 691 3963 insaniens.-
794 3947 795 3951 ,

123 3963 220 4031 „Sunt
239 3963 363 4016 Jambici
389 3967 552 4018 tetrametri
576 3969 734 4033 acatalecti,
764 3985 822 4021 non
845 3985 881 4021 ex
905 3970 1016 4023 cornico
1041 3970 1162 4040 quodam
1182 3971 1276 4041 poeta,
1352 3959 1356 3967 ¹

122 4044 156 4089 ut
175 4043 273 4088 censet
290 4033 447 4100 Bentleius,
467 4037 518 4104 qui
529 4037 643 4090 scilicet
659 4045 745 4111 negat
762 4041 887 4114 tragicos
898 4042 1090 4107 Romanorum
1110 4043 1165 4093 isto
1183 4051 1277 4095 metro

123 4120 187 4161 usos
206 4123 273 4171 esse,
293 4106 342 4157 sed
361 4123 396 4158 ex
417 4107 530 4180 tragico
547 4109 642 4175 petiti.
680 4107 843 4161 Secundum
863 4129 980 4163 versum
998 4113 1127 4168 Wolflus
1151 4113 1186 4164 de
1205 4115 1277 4165 Her-'

123 4179 223 4232 manni
242 4177 385 4230 sententia
403 4175 507 4240 (Elem.
526 4177 624 4230 Doctr.
644 4186 775 4248 metr.-p.
798 4179 870 4246 152)
889 4181 986 4234 edidit.
1014 4184 1109 4256 Vulgo
1127 4184 1277 4270 legebatur
1326 4228 1329 4233 .

122 4249 261 4318 proelium
279 4247 414 4312 restituit,
433 4249 599 4302 adversante
616 4249 742 4302 metro.“
760 4249 852 4304 Ketn.
877 4253 987 4307 Orellio
1007 4272 1120 4324 quoque
1138 4257 1276 4307 videntur

123 4339 221 4374 versus
240 4320 366 4374 Pacuvii.
403 4319 549 4373 Scribitur
566 4322 598 4372 in
617 4320 778 4373 manicon.
799 4327 830 4377 1:
853 4323 934 4376 Ce'm
952 4324 988 4377 in
1005 4327 1082 4379 acie
1102 4325 1190 4389 facit
1206 4325 1274 4386 fecit
1317 4362 1319 4365 .

122 4392 283 4445 maximum.
319 4392 401 4446 Nam
419 4388 647 4464 Decelellehd.
672 4392 825 4448 maximum
841 4395 923 4461 fecit.
951 4398 995 4453 Ad
1012 4416 1040 4453 v.
1061 4395 1274 4450 Denaie‘iacli-

121 4463 252 4520 nantibue
269 4466 306 4519 ci.
327 4464 409 4519 iliad.
429 4465 486 4517 XV.
507 4471 580 4518 extr.
617 4464 678 4518 Mr.
754 4471 762 4482 ‘
891 4466 893 4472 ’
1121 4499 1124 4502 -
1201 4494 1205 4502 ·
1239 4494 1265 4504 ··

1216 4653 1226 4685 h
