2842 5070
587 301 718 386 umus
738 266 796 374 Ν,
817 301 849 364 4.
1037 366 1041 376 ,
1194 295 1283 362 -srr

130 467 379 545 descendimus,
411 464 512 547 'qnod
548 467 734 527 feceramus
753 462 872 525 tidem?
892 459 1124 542 superioribus
1143 456 1286 536 diebus,
1338 461 1373 524 Ὺ

130 560 203 614 acta
225 571 279 614 res
298 559 347 613 est
368 549 426 613 sic.
470 547 518 610 Μ.
530 547 641 624 Dicet,
663 549 692 607 si
713 548 787 628 quis
807 544 895 614 vult,
907 562 981 625 qua
1003 541 1043 602 de
1065 560 1105 604 re
1123 539 1287 623 disputari
1305 551 1332 604 8.

128 633 224 697 velit.
266 632 305 694 A.
328 631 408 693 Non
428 630 512 699 mihi
534 628 670 690 videtur
692 628 900 688 omnianimi
916 624 1169 707 perturbatione
1190 628 1285 704 posse
1357 627 1359 630 ’

129 715 261 795 sapiens
283 732 412 787 vacare.
436 711 485 772 M.
501 708 729 795 Aegritudine
738 708 871 790 quidem
885 708 1041 770 hesterna
1059 706 1286 787 disputatione

128 795 325 859 videbatur:
346 795 411 855 nisi
431 796 520 854 forte
541 793 702 873 temporis
724 796 822 852 causa
843 783 939 849 nobis
960 789 1194 853 assentiebare.
1246 786 1286 855 A.

131 959 328 1012 instituebant.
365 959 457 1011 Locus
483 959 517 1012 de
535 957 601 1011 Dis.
627 967 670 1011 est
688 958 711 1011 1.
736 960 763 1012 5.
782 960 808 1011 8.
834 958 883 1009 ubi
907 956 966 1009 vid.
988 956 1056 1008 edit.
1082 963 1170 1007 nostr.
1190 973 1217 1025 p.
1237 958 1284 1011 23.

131 1031 213 1083 Cous.
234 1030 322 1081 etiam
339 1029 441 1082 Tusce.
462 1030 498 1082 ll.
519 1032 544 1084 3.
565 1032 590 1084 9.
628 1028 709 1080 Unus
729 1030 778 1080 Ox.
798 1026 889 1095 habet,
912 1024 1167 1079 deambulationem.
1196 1026 1284 1079 Marb.

131 1100 345 1153 ambulationem
362 1099 448 1152 habet
466 1108 531 1168 post
549 1100 747 1162 descendimus,
774 1098 851 1166 quod
878 1097 964 1149 etiam
983 1113 1019 1149 ex
1044 1115 1073 1148 r.
1092 1114 1118 1148 c.
1139 1104 1286 1149 enotatmn

128 1178 174 1224 est
192 1170 224 1221 in
241 1186 333 1243 marg.
352 1170 423 1222 Edd.
443 1169 558 1222 Lambb.
579 1169 665 1222 Goth.
693 1171 821 1242 Pergunt
838 1168 909 1220 Edd.
930 1168 1001 1219 Ven.
1020 1175 1107 1218 nostr.
1128 1166 1191 1219 Asc.
1212 1172 1237 1222 1.
1257 1169 1283 1221 2.

131 1242 212 1294 Junt.
237 1247 266 1290 et
290 1255 387 1292 omnes
403 1248 484 1292 ινοῖῖ.
510 1249 577 1293 ante
602 1239 694 1292 Gebh.
722 1236 865 1308 (exceptis
889 1239 924 1307 Y.
950 1237 1018 1290 Rob.
1046 1236 1146 1308 steph.
1168 1237 1284 1303 Hora.)

133 1309 542 1380 quodidemseceramas.
580 1311 640 1362 Mr.
949 1339 979 1370 -,

203 1385 268 1433 acta
287 1395 333 1430 res
351 1386 391 1432 est
408 1380 474 1446 sic]
512 1417 530 1445 ‚‚
538 1382 604 1432 Non
622 1378 812 1450 temerarium
831 1387 874 1432 est
891 1379 933 1430 sic
949 1377 1088 1430 collocari
1112 1379 1144 1429 in
1161 1377 1215 1430 Ed.
1235 1377 1285 1429 Vi·

129 1451 230 1515 btorii,
248 1448 318 1501 Pall.
337 1451 424 1520 prim.
445 1459 539 1519 quart.
560 1448 654 1501 Aliast
679 1449 721 1501 ss'c
746 1454 810 1502 acta
836 1464 883 1502 res
901 1448 975 1501 est.“
994 1447 1075 1501 Gebb.
1113 1448 1225 1502 Habent
1242 1446 1285 1502 sic

132 1527 197 1573 acta
216 1535 262 1572 res
280 1526 322 1570 eet
341 1522 377 1571 M.
399 1522 430 1573 b.
450 1519 515 1571 Ald.
536 1519 618 1572 Boul.
636 1520 717 1570 Brut.
738 1519 823 1571 Leod.
844 1518 923 1588 sylb.
944 1519 1030 1571 Goth.
1052 1519 1171 1573 ballam.
1192 1519 1285 1584 otim

132 1598 197 1644 acta
215 1605 263 1642 res
281 1592 324 1642 stc
341 1596 382 1641 est
398 1591 471 1643 uda.
492 1589 520 1642 S.
540 1590 574 1642 E.
593 1588 733 1658 Reliquae
745 1589 899 1648 nobiscum
918 1590 1038 1653 faciunt,
1058 1590 1185 1659 itemque
1199 1588 1285 1642 Codd.
1383 1639 1386 1643 .

132 1661 190 1743 nisi
214 1659 290 1782 qppd
316 1659 400 1712 vind.
426 1665 452 1716 1.
477 1659 565 1713 habet
592 1667 657 1711 acta
683 1658 727 1712 sic
751 1674 799 1713 res
815 1666 878 1727 ¹est,
914 1667 944 1712 et
970 1658 1043 1734 Aug.
1076 1666 1139 1711 aeta
1168 1665 1212 1713 est
1240 1674 1287 1720 res

136 1747 188 1784 sse.
262 1745 286 1780 r.
500 1751 501 1754 ¹
649 1774 652 1779 .
752 1752 754 1756 ·

87 1805 90 1808 ’
204 1799 300 1860 Dicat,
323 1800 351 1853 si
369 1797 518 1867 quisuub,
546 1814 612 1867 qua
635 1799 676 1851 de
702 1814 739 1851 re
761 1797 953 1868 disputari
975 1797 1067 1865 uelit]
1103 1799 1287 1864 „consensus

96 1901 107 1911 ·
133 1870 262 1922 omnium
281 1868 419 1932 Codicum
436 1867 511 1920 hanc
534 1868 691 1921 lectionem
714 1869 871 1938 praelatam
899 1884 957 1920 esse
977 1885 1009 1920 co
1031 1870 1064 1932 it,
1093 1887 1196 1938 nempe
1214 1868 1285 1922 Pall.

134 1948 266 2009 quatuor,
292 1939 374 1991 Pabr.
402 1938 477 1990 Pith.
502 1940 630 1991 Vatican.
661 1939 764 1991 Editae
787 1938 828 1990 de
852 1953 915 2013 qua
941 1952 981 1989 re
999 1887 1037 1990 ede
1043 1944 1118 2005 spat
1126 1954 1189 1992 are
1207 1938 1286 1992 uelit.

133 2010 220 2062 Palat.
241 2009 333 2078 quint.
355 2008 432 2061 dicat
450 2008 478 2060 si
496 2012 560 2077 quis
577 2012 637 2062 uult
655 2010 690 2061 de
707 2024 760 2076 qua
779 2007 920 2076 disputari
937 2007 1021 2061 uelit.
1032 2008 1182 2078 -liquidior
1199 2007 1285 2061 illa.“

133 2076 216 2133 Gebb.
254 2079 400 2132 scribitur
417 2080 451 2131 de
469 2093 521 2145 qua
540 2080 623 2132 rein
641 2078 707 2132 (lod.
728 2081 803 2131 Mon.
823 2082 848 2132 2.
867 2077 938 2130 Edd.
959 2081 987 2130 P.
1006 2078 1041 2129 A.
1061 2079 1091 2131 B.
1104 2082 1141 2132 Μ.
1161 2081 1195 2132 1..
1211 2081 1283 2130 Ven.

133 2158 222 2202 nostr.
248 2148 313 2203 Asc.
336 2154 358 2213 1.
371 2181 372 2186 =
385 2149 500 2201 Lambb.
531 2149 634 2224 [marg.
653 2158 688 2201 ut
705 2148 767 2215 nos]
796 2147 882 2201 Goth.
907 2147 972 2203 Ald.
996 2148 1077 2200 Boul.
1121 2151 1156 2203 In
1182 2149 1286 2203 iisdem

132 2220 204 2274 Edd.
226 2228 267 2271 est
286 2219 457 2288 disputare:
486 2227 636 2289 praeterea
659 2218 691 2268 in
704 2219 795 2290 ι(ἲοᾶᾶ.
815 2217 892 2292 Aug2
914 2221 989 2271 Mon.
1011 2222 1035 2272 l.
1065 2220 1193 2289 quinque
1212 2221 1283 2273 011.

132 2291 205 2344 Edd.
225 2291 322 2343 Herw.
342 2290 406 2341 Asc.
426 2293 452 2344 2.
478 2290 560 2341 Junt.
580 2290 648 2342 Rob.
668 2288 768 2358 steph.
788 2288 816 2341 S.
837 2287 867 2340 C.
887 2289 921 2339 V.
940 2289 1021 2340 Brut.
1042 2290 1128 2342 Leod.
1150 2289 1235 2360 sylb.
1251 2317 1285 2328 -

133 2361 217 2415 Solus
236 2359 302 2412 God.
322 2360 411 2413 Rehd.
432 2359 516 2410 dicat·
529 2358 667 2426 aliquis
686 2359 753 2410 uult.
780 2359 861 2411 Unus
880 2359 930 2411 Ox.
950 2358 1046 2411 uelint.
1067 2359 1140 2412 Gud.
1153 2362 1179 2414 2.
1200 2360 1286 2413 omit·
1393 2386 1395 2392 v

134 2432 175 2483 tit
199 2429 300 2495 animi,
322 2428 419 2481 Duisb‘.
442 2428 527 2496 babet
551 2428 768 2496 perturbatione
786 2426 885 2479 animi.
905 2428 993 2482 Rehd.
1013 2428 1097 2502 Aug:
1114 2429 1283 2497 sapientem.

133 2504 209 2554 Mon.
231 2504 261 2554 1.
282 2518 299 2551 a
319 2504 342 2553 1.
368 2516 407 2550 m.
425 2506 536 2552 carere.
574 2500 655 2552 Unus
682 2499 732 2550 Ox.
752 2505 867 2549 esterna
884 2514 938 2568 pro
961 2496 1102 2559 besterna.
1133 2501 1214 2554 Unus
1233 2503 1286 2556 Ox.
1362 2548 1378 2570 „

135 2569 247 2624 omittit
265 2569 388 2635 videtum
408 2568 481 2620 alius
498 2568 584 2621 habet
600 2568 875 2636 possetsaps'entsm.
913 2567 973 2620 Mr.
1227 2584 1228 2592 ¹

205 2639 266 2693 nisi
283 2643 358 2706 forte
376 2639 509 2706 temporis
525 2654 611 2692 causa
631 2637 842 2704 assentiebare]
878 2627 1031 2708 ‘,‚Tempus
1049 2636 1203 2762 sip-nificat,
1230 2658 1289 2764 quo

1082 2728 1098 2761 a
1265 2733 1290 2764 l·

124 2710 236 2764 Caesar
253 2727 354 2763 rerum
371 2709 544 2779 potiebatur,
569 2725 626 2778 quo
644 2710 765 2762 tristitie
784 2708 876 2761 onmis
895 2708 1062 2761 dissimulan
1116 2720 1178 2763 erat
1197 2720 1225 2764 et

83 2794 88 2808 ·
134 2781 233 2833 laritas
258 2779 432 2832 induenda.“
451 2781 534 2832 Bere.
572 2814 591 2845 „
602 2780 752 2849 Temporis
768 2794 854 2832 causa
873 2779 892 2829 i.
914 2796 937 2830 e.
964 2795 1017 2848 pro
1035 2788 1167 2850 tempore
1185 2799 1235 2835 seu
1253 2801 1290 2835 ex

135 2859 274 2919 tempore.
313 2852 357 2902 lta
374 2850 453 2902 enim
477 2851 578 2902 Cicero
603 2852 656 2919 pro
683 2850 803 2902 Flacco:
838 2848 959 2901 Graecae
982 2865 1016 2901 ea
1043 2856 1180 2919 tempore,
1216 2855 1290 2921 quod
1391 2867 1396 2872 ’

136 2936 206 2989 opus
223 2920 273 2985 sit,
302 2919 463 2985 obsignare,
482 2927 511 2972 et
528 2935 627 2988 moun·
647 2919 720 2972 nibil
738 2919 871 2986 temporis
889 2935 973 2973 causa
996 2921 1147 2988 scripsisse
1173 2931 1223 2977 aut
1241 2926 1289 2978 ob·

135 2991 271 3056 signasse
294 2989 451 3041 uideantur.
487 2987 530 3040 Aa
555 2990 654 3058 paullo
679 2999 761 3059 post:
790 2990 897 3042 Nostra
921 2991 1015 3056 igitur
1038 2992 1177 3056 laudatio,
1204 3010 1289 3063 quam

135 3060 187 3112 ille
205 3058 339 3125 temporis
355 3073 442 3110 causa
460 3058 539 3110 nobis
558 3061 653 3111 datam
671 3060 752 3112 dicit.
789 3061 828 3111 Et
845 3056 899 3128 pro
926 3063 1058 3122 Murenae
1090 3063 1129 3114 As
1153 3064 1293 3132 ternpore‘s
1379 3093 1383 3098 =

137 3143 229 3182 eausa.
258 3127 396 3198 improbi,
415 3129 521 3197 inquit,
539 3128 667 3181 hominis
687 3138 729 3182 est
746 3128 893 3182 treudacio
911 3130 1029 3182 fallere.
1047 3131 1103 3183 hoc
1122 3133 1217 3206 igitur
1229 3135 1289 3187 dici

134 3199 253 3252 videtur
269 3197 324 3250 hac
403 3216 436 3250 ra
453 3199 602 3261 sermonis,
633 3199 710 3268 quod
728 3216 744 3250 a
762 3198 879 3250 Graecis
906 3197 937 3265 ds
960 3201 1009 3253 soi
1026 3204 1171 3269 τυχόντος·
1198 3203 1289 3257 idest

134 3270 192 3322 hoc
214 3269 363 3338 tempori·
384 3277 464 3319 atum
486 3284 555 3323 esse.
572 3268 623 3332 eit,
646 3277 679 3319 ut
703 3269 891 3321 assentiretur
916 3268 1103 3337 disputationi
1121 3288 1196 3336 suae,
1221 3290 1289 3326 sum
1364 3274 1367 3279 ’

137 3323 249 3393 rosilli
275 3355 333 3391 non
356 3336 560 3409 probaretur.“
585 3338 730 3392 Gamerar.
768 3340 858 3401 „Post
881 3355 984 3391 vocem
1009 3354 1096 3407 causa
1119 3341 1151 3392 in
1169 3336 1306 3412 antiquo

137 3417 181 3476 est
197 3408 272 3474 noui,
292 3410 352 3461 sine
372 3409 456 3461 dubio
474 3415 610 3477 corrupte
635 3425 688 3478 pro
704 3407 824 3461 ›mbisss
845 3407 974 3461 Ursinus.
1010 3411 1103 3474 „Nisi
1129 3412 1206 3466 forte
1224 3419 1290 3467 tem·

135 3481 217 3549 poris
234 3479 319 3532 causa
338 3478 417 3532 nobis
443 3479 634 3531 assentiebare
651 3478 758 3530 habent
775 3479 900 3530 Victorii
918 3479 970 3531 Ed.
991 3489 1020 3534 et
1038 3482 1197 3548 Vascosani,
1225 3484 1291 3554 qui-

136 3548 188 3602 bus
207 3550 398 3620 adstipulatur
417 3548 546 3619 Gryphii
563 3548 647 3613 liber,
667 3549 698 3599 in
717 3565 774 3618 quo
792 3548 873 3600 nouis
895 3565 949 3618 pro
968 3550 1157 3620 nobis,·quae
1183 3570 1240 3606 vox
1258 3555 1290 3607 in
1381 3585 1384 3590 ,

137 3621 264 3696 vulgatis
282 3621 368 3684 abest,
387 3621 528 3689 scriptum
546 3618 741 3672 invenimus.‘·
778 3619 862 3670 Brut.
1072 3627 1075 3633 '
1226 3639 1248 3663 ,x

208 3690 267 3742 nisi
284 3691 359 3754 forte
377 3690 511 3756 temporis
529 3705 614 3742 causa
632 3688 832 3754 assentiebare]
869 3689 1005 3755 „Victor
1032 3691 1162 3744 bambin.
1187 3697 1291 3760 tempo-

137 3759 183 3814 ris
200 3776 286 3813 causa
303 3759 405 3812 nobis
423 3761 624 3813 assentiebare.-
636 3760 691 3813 >sed
708 3760 787 3812 nobis
804 3760 836 3821 in
853 3754 911 3811 Pal.
932 3761 1033 3829 quinto
1053 3770 1082 3813 et
1099 3763 1189 3838 vulgo
1204 3764 1289 3821 defit:

137 3846 191 3900 pra
210 3845 266 3898 quo
285 3829 356 3884 Pell.
380 3829 467 3898 prim.
493 3839 587 3899 quart.
607 3831 721 3882 Tossan.
743 3829 856 3883 Gembl.
884 3831 959 3884 Pith.
979 3831 1055 3895 noui,
1081 3834 1158 3886 unde
1177 3834 1291 3889 Guliel·
1345 3853 1355 3895 ἢ

136 3901 222 3964 mius,
241 3916 276 3951 ex
294 3900 460 3955 coniectura
477 3916 531 3953 nan
549 3900 587 3963 ui,
607 3902 683 3969 quod
702 3910 793 3953 exstat
811 3901 844 3952 in
861 3903 1015 3955 Vaticano:
1035 3902 1226 3958 non'omninc
1245 3907 1292 3958 ab·
1350 3948 1351 3951 .

121 3968 237 4024 ·s0ne.“
261 3966 346 4021 Gebb.
383 3968 481 4033 „Nam
505 3970 613 4022 babent
639 3971 706 4023 Cod.
733 3972 803 4045 Reg.
834 3981 862 4025 et
887 3973 942 4025 duo
967 3973 1064 4039 Leid.;
1093 3977 1174 4029 nobis
1191 3976 1243 4027 alii
1260 3983 1291 4031 et

138 4059 202 4096 mea
221 4040 263 4092 ed.
284 4047 342 4091 vet.
363 4039 439 4107 quod
456 4039 536 4094 nobis
554 4056 622 4091 cum
639 4041 754 4092 Davisio
772 4041 940 4109 probatur.‘·
976 4043 1066 4096 Raab.

208 4111 276 4163 Nisi
300 4107 433 4176 temporis
456 4124 542 4160 cauea
566 4109 648 4161 nobis
672 4111 881 4177 adsentiebars]
923 4114 1087 4166 Penultima
1116 4131 1173 4167 vox
1202 4116 1301 4189 vulgo·

137 4183 223 4235 abest.
260 4181 397 4247 Plerique
421 4179 501 4231 Mssti
529 4179 609 4231 noui:
640 4180 753 4262 Grypb.
779 4190 876 4233 autem
900 4183 987 4235 novis.
1025 4184 1192 4258 [aagendam
1210 4186 1292 4238 nobis

138 4270 206 4306 cum
223 4254 294 4326 Regi
314 4259 344 4305 et
361 4251 402 4303 sic
418 4248 571 4301 ediderunt
581 4247 741 4315 Ascensrus,
759 4251 907 4315 Erasmus,
926 4254 1071 4306 Victorius
1091 4262 1120 4307 et
1128 4256 1291 4309 Lambinus.
1312 4279 1313 4283 ¹

138 4325 230 4376 Vatia.
251 4321 371 4377 exbibet
393 4336 448 4377 non
465 4319 502 4385 ai,
529 4318 607 4388 quod
625 4336 661 4371 ex
686 4320 854 4373 coniectura
880 4324 1011 4404 placebat
1029 4324 1199 4378 Gulielmio.
1238 4324 1293 4377 Sed

140 4394 187 4447 illi
200 4397 235 4457 „us”
252 4393 351 4447 nullus
370 4401 414 4453 est
430 4391 526 4466 locus3
547 4405 633 4459 quam
651 4390 730 4447 enim
748 4390 805 4445 aim
821 4392 976 4466 sigmficet,
994 4393 1072 4448 haud
1088 4403 1236 4448 memorat.
1261 4394 1293 4447 Si
