2842 5070
130 307 172 377 52
224 327 228 333 ·
340 301 567 368 CICERONIS
587 302 836 370 TUSCULAN.
857 303 1087 370 DISPU‘I'A'I'.

132 467 347 546 abstinentia,
365 469 472 530 omnis
494 470 687 544 innocentia
715 470 814 549 (quae
835 467 925 550 apud
946 467 1092 531 Graecos
1123 469 1287 533 usitatum

131 569 252 613 nomen
272 550 397 611 nullum
418 550 529 629 habet,
552 549 609 612 sed
629 551 752 612 habere
774 559 894 631 potest,
916 542 1112 630 ἄβλάβειανε
1133 570 1210 613 uam
1232 560 1285 614 est

131 634 323 694 innocentia
344 634 474 694 affectio
497 632 571 694 talis
593 633 706 708 animi,
730 652 812 713 quae
833 641 951 694 noceat
972 632 1111 707 nemini)
1139 634 1285 713 reliquas

34 770 37 778 .
130 716 229 777 etiam
250 717 393 777 virtutes
420 715 595 800 frugalitas
625 715 790 776 continet:
820 733 903 794 quae
923 715 990 775 nisi
1010 720 1103 774 unta
1123 721 1222 787 emet,
1250 722 1286 783 et

127 899 280 952 Davisium
300 858 451 965 [videlicet
470 899 531 951 eius
549 897 603 950 Ed.
628 897 696 964 2.]“
714 897 784 952 Ean.
804 921 840 964 ·„
848 886 1001 951 Turnebus
1029 900 1159 952 correxit
1181 900 1284 954 Nomi·

115 971 252 1034 nativos,
278 970 328 1090 qui
351 970 441 1021 libros
459 968 634 1022 obtinebant.
667 968 734 1022 Nou
759 968 839 1022 bene.
876 967 925 1021 Sic
945 967 1005 1021 cio.
1032 969 1282 1026 simulauit.

128 1042 247 1095 (laterae
263 1056 282 1105 p
300 1037 493 1107 ilosoploram
509 1039 677 1106 disciplinae
696 1071 727 1082 -
748 1071 781 1082 -
802 1065 833 1077 -
854 1054 902 1092 eas
927 1055 981 1092 non
1005 1040 1086 1092 modo
1111 1037 1183 1093 nita
1201 1040 1283 1094 adia·

127 1127 196 1169 aare
215 1110 351 1163 arbitror.
388 1109 596 1183 Negligentiae
614 1109 754 1165 eiusmodi
771 1108 889 1163 facilius
908 1110 941 1161 in
960 1127 991 1163 ea
1014 1110 1115 1184 lingua
1134 1108 1281 1176 excidunt,

128 1199 185 1252 qua
203 1180 270 1250 quis
287 1179 444 1233 vernacula
462 1179 567 1244 utitur,
588 1196 674 1246 quam
693 1181 725 1232 in
744 1197 784 1243 ea,
804 1197 890 1249 quam
910 1180 976 1248 quis
994 1197 1010 1232 a
1032 1181 1182 1255 magistris
1206 1179 1283 1234 diti,

128 1250 200 1307 cit.“
219 1250 329 1304 Nissen.
366 1248 454 1307 Recte
473 1256 573 1303 monet
590 1249 685 1302 Kiihn.
710 1250 742 1301 in
765 1251 871 1320 primis
897 1252 1037 1318 frequens
1065 1267 1126 1303 esse
1146 1249 1283 1305 Ciceroni

127 1321 159 1376 id
184 1319 380 1381 ἄνακολουθίας
406 1337 506 1402 genus,
532 1335 588 1389 quo
612 1322 742 1388 primum
768 1320 1102 1389 nominativus*positus
1132 1327 1185 1384 est,
1213 1337 1283 1374 mox

128 1386 247 1444 verbum
266 1389 343 1460 quod
361 1390 498 1443 Daturum
516 1389 565 1442 vel
581 1391 786 1444 Accusativum
800 1391 937 1460 requirit,
958 1391 1100 1460 sequitur.
1119 1392 1151 1441 V.
1163 1389 1283 1447 Ruhnk.

127 1460 234 1517 Dictat.
262 1462 294 1513 in
320 1458 435 1513 Terent.
462 1459 568 1530 Hecyr.
588 1460 641 1513 111.
662 1465 685 1514 1.
706 1462 732 1514 6.
759 1462 858 1514 Bremi
884 1460 919 1512 ad
938 1459 997 1513 cic.
1019 1460 1054 1512 de
1072 1460 1157 1521 Fiam.
1176 1461 1215 1512 11.
1236 1463 1280 1517 3³.

126 1535 344 1602 1111411..-
378 1531 405 1582 Ε
466 1547 532 1582 eum
557 1529 628 1583 Dav.
655 1533 687 1583 in
705 1530 759 1583 Ed.
778 1535 804 1586 3.
824 1530 898 1584 lsall.
918 1528 1003 1586 Schz.
1023 1530 1168 1586 FAWolf.
1197 1531 1281 1586 Koel.

128 1603 175 1656 Or.
196 1599 268 1654 Tbn.
289 1618 325 1656 ex
346 1599 406 1654 God
427 1643 433 1654 .
454 1607 484 1654 et
501 1599 640 1669 plurimis
659 1609 688 1654 et
706 1603 825 1671 optimis
844 1599 1036 1653 ἀνακόλουθον
1053 1601 1177 1666 restitui,
1197 1609 1228 1654 et
1247 1616 1281 1656 eo

127 1672 276 1736 libentius,
300 1669 378 1740 quod
395 1678 490 1723 totmn
514 1679 602 1741 caput
618 1671 706 1724 habet
729 1671 914 1741 complexum
939 1673 1148 1724 sententiarum
1171 1673 1283 1725 variata

128 1751 158 1795 et
175 1743 329 1793 immutata
347 1741 562 1794 constructione
581 1742 622 1793 ita
641 1743 824 1809 impeditum,
846 1749 885 1798 ,ut
909 1757 1050 1809 summam
1078 1743 1219 1796 sermonis
1237 1743 1282 1796 fa·

124 1812 253 1864 miliar-is
281 1810 495 1885 negligentiam
524 1812 573 1864 vel
597 1808 764 1865 libertatem
796 1814 822 1864 si
850 1827 910 1864 non
937 1812 1113 1880 quaesivisse
1137 1813 1281 1877 consulte,

127 1890 208 1935 certe
233 1881 288 1933 sibi
311 1880 466 1933 indulsisse
494 1881 627 1934 videatur
646 1881 759 1952 Cicera.
790 1913 824 1924 —
856 1880 939 1935 Solus
966 1881 1035 1935 God.
1056 1881 1142 1934 Bern.
1170 1896 1283 1935 amnes

83 1960 90 1970 '
127 1951 203 2006 enirn
226 1950 430 2015 abstinentia,
456 1966 564 2004 omnes
587 1953 771 2006 innocentia.
808 1951 930 2022 Aliquot
953 1951 1023 2004 Oxx.
1048 1968 1115 2005 cum
1138 1953 1282 2006 lambino

126 2025 223 2076 facere
248 2021 394 2074 videntur.
426 2018 500 2072 Gud
529 2023 640 2074 omittit
667 2021 748 2074 enirn.
785 2023 879 2076 Verba
898 2023 1020 2075 Graecm
1041 2039 1132 2091 usque
1158 2023 1283 2090 adquae

127 2092 240 2146 omittit
258 2109 333 2143 unus
352 2091 402 2143 Ox.
423 2089 503 2143 seda
525 2092 584 2144 atio
602 2091 717 2146 relicto.
737 2093 844 2148 Guaa.
865 2091 952 2146 habet
968 2092 1077 2145 nnllam
1094 2107 1197 2146 nonan.
1217 2094 1299 2148 Mn-

196 2162 247 2214 sed
264 2159 365 2213 labere
379 2165 481 2227 patret,
501 2107 680 2230 initiatarum]
716 2163 822 2228 „Quod
849 2173 892 2216 est
918 2164 949 2214 in
972 2162 1045 2214 Edd.
1072 2160 1281 2230 εὐλάβειαν,

127 2249 300 2302 quamquam
319 2232 341 2282 si
364 2231 481 2283 nificare
500 2239 594 2300 potest
612 2233 815 2297 innocentiam,
836 2249 889 2307 ego
907 2242 1004 2285 tamen
1029 2233 1162 2285 existimo
1181 2233 1283 2306 legen·

125 2303 196 2355 dum
221 2319 279 2353 esse
306 2248 464 2370 dssidftssan.
502 2302 611 2354 Graece
635 2303 714 2354 enim
738 2303 856 2372 proprie
882 2311 911 2356 et
933 2303 1132 2376 significanter
1149 2300 1283 2372 ἀβλάβεια

127 2371 238 2432 dicitur
261 2371 442 2423 innocentia:
474 2371 550 2423 sicut
575 2373 660 2441 βλάβη
685 2380 714 2424 et
731 2375 834 2440 βλάβος
857 2373 967 2424 dicitur
989 2374 1123 2426 nocentia
1146 2391 1168 2425 s.
1193 2390 1283 2427 nocu-

40 2491 41 2494 ,
128 2440 289 2493 mentum.“
306 2442 439 2494 Beroald.
475 2441 634 2510 ’Λβλάβειαν
651 2460 754 2494 verum
770 2453 851 2513 puto,
871 2443 924 2495 etsi
943 2443 1096 2511 aliquando
1115 2443 1146 2495 in
1161 2445 1219 2496 alia
1235 2443 1281 2496 fui

38 2572 40 2577 ,
128 2509 294 2581 opinione.“
317 2512 460 2565 Gamerar.
498 2549 517 2577 ‚,
525 2511 672 2581 ἀβλάβειαν
695 2513 727 2563 in
760 2514 880 2566 vetustis
903 2512 987 2564 libris
1016 2514 1130 2587 integre
1158 2514 1186 2566 le
1208 2514 1281 2579 itur,

128 2598 181 2652 pro
201 2596 256 2650 quo
274 2582 355 2650 prius
374 2580 514 2647 εὐλάβειαν
532 2584 667 2635 mendose
690 2583 719 2635 le
742 2582 848 2634 ebatur.
887 2582 944 2647 Sic,
968 2583 1045 2652 quod
1064 2583 1156 2637 Stoici
1210 2592 1282 2636 cunt

127 2653 189 2714 τοὺς
208 2652 312 2722 σοφοὺς
330 2650 454 2722 ἀβλαβεῖς
477 2644 557 2717 εἶναι,
577 2653 679 2706 Cicero
697 2600 748 2704 lii.
768 2656 793 2708 3.
814 2654 848 2706 de
866 2653 951 2705 Finn.
970 2655 1061 2705 vertit
1079 2652 1200 2707 alienam
1219 2668 1281 2707 esse

128 2740 147 2776 a
165 2722 294 2791 sapiente
312 2723 440 2776 nocere.“
459 2724 506 2776 Fr.
527 2722 640 2778 Fadrr'a
678 2721 823 2775 Scribitur
850 2723 882 2774 in
898 2723 952 2779 Ed.
971 2725 1042 2775 Ven.
1068 2732 1156 2778 nostr.
1182 2724 1281 2777 aulau-

128 2793 196 2859 t'am,
209 2794 246 2862 'in
264 2795 344 2845 Junt.
365 2792 511 2859 caladiam,
530 2795 562 2845 in
579 2791 644 2847 Asc.
665 2798 689 2847 1.
709 2796 733 2846 2.
756 2791 912 2862 [posterior
929 2794 960 2844 in
978 2811 1086 2870 marg.3
1113 2794 1144 2844 in
1162 2803 1281 2848 contex-

127 2864 166 2916 tis
184 2872 218 2914 ut
234 2864 317 2930 nost]
332 2862 458 2932 ἅλαβίαν.
479 2866 510 2916 in
527 2863 573 2916 Ed
589 2865 620 2915 B.
641 2862 782 2927 celadion,
800 2863 834 2916 Α.
855 2863 993 2917 aalaaian.
1014 2862 1042 2917 S.
1062 2863 1198 2932 silassiar.
1231 2864 1283 2918 Se-

129 2934 231 3002 quitur
249 2933 279 2984 in
297 2933 364 2986 God.
384 2937 459 2987 Mon.
482 2939 506 2988 1.
536 2932 610 2986 Nam
628 2939 668 2986 est
694 2933 785 2986 enim
809 2933 985 2999 innocentia3
1012 2935 1044 2985 in
1070 2935 1123 2988 Ed.
1144 2933 1179 2988 A.
1205 2933 1282 2988 Nam

129 3010 173 3058 rat
190 3003 226 3056 in
243 3002 410 3057 innocentia.
430 3005 497 3056 ch.
517 3006 591 3056 Mon.
613 3009 637 3058 1.
658 3005 767 3056 omittit
785 3004 875 3056 animi
897 3014 961 3074 past
984 3004 1064 3070 talis,
1094 3021 1212 3074 eamque
1230 3021 1282 3059 vo-

130 3091 194 3135 cem
217 3074 320 3127 inserit
341 3083 406 3144 post
428 3074 540 3127 nemini.
573 3074 671 3127 Duisb.
701 3083 730 3126 et
755 3092 828 3127 unus
847 3076 897 3128 Ox.
918 3076 1056 3127 omittunt
1075 3075 1179 3140 omnia,
1208 3092 1281 3144 quae

130 3153 196 3197 sunt
215 3144 281 3198 inde
300 3163 316 3196 a
332 3163 365 3207 v„
380 3160 449 3211 qaae
466 3161 556 3214 usque
575 3144 609 3196 ad
626 3143 753 3207 continet.
790 3145 835 3197 Ad
852 3154 1040 3198 structuram:
1068 3144 1180 3210 affectio
1199 3146 1281 3211 talis,

114 3246 163 3263 ,-
183 3229 253 3282 qaae
271 3221 366 3268 noceat
386 3216 497 3280 reamini,
516 3214 574 3266 vid.
595 3224 667 3283 quae
684 3223 782 3267 monet
800 3217 833 3267 F.
853 3216 1003 3270 Wiillner.
1024 3215 1055 3266 in
1072 3216 1188 3268 libello:
1216 3216 1280 3269 Die

129 3284 316 3339 Bedeutun
365 3284 391 3336 d.
412 3284 677 3354 sprachlichen
695 3287 800 3338 Gasus
818 3285 890 3336 und
907 3286 1000 3339 alodi
1019 3286 1167 3349 (Miinster.
1188 3287 1280 3350 1827.)

129 3375 157 3425 p.
180 3358 272 3410 144-
285 3358 345 3409 14.
383 3357 448 3406 Post
467 3354 574 3407 nemini
591 3373 664 3408 unus
683 3356 733 3408 Ox.
752 3355 832 3407 addit
848 3357 1005 3424 frugalitas
1023 3361 1081 3409 eri..
1111 3357 1172 3409 Mr.

200 3425 311 3477 Habere
334 3430 438 3492 potest,
464 3423 620 3493 ἀβλάβειαν]
658 3427 738 3478 Hanc
763 3434 843 3478 certe
865 3443 968 3478 vocem
988 3435 1087 3494 postea
1104 3433 1281 3495 receperunt

130 3494 245 3546 Graeci.
283 3493 459 3546 Glossarium
478 3495 747 3549 Graeco-Latinum
765 3497 797 3548 ab
817 3497 851 3547 Η.
872 3496 1017 3567 Stephano
1045 3496 1155 3550 editum
1177 3496 1277 3560 (Paris.

18 3611 22 3618 ,
130 3564 207 3624 1573.
227 3567 249 3616 f.
269 3564 320 3628 m.)
340 3582 368 3634 p.
387 3567 453 3619 363:
481 3565 629 3634 Ἀρλάβεια,
657 3565 784 3630 innoxia,
809 3566 978 3618 innocentia.
1015 3566 1064 3620 Sic
1089 3567 1176 3620 etiam
1193 3566 1280 3618 Lexi-

128 3651 183 3688 con
200 3635 285 3701 illud,
304 3635 385 3686 cuius
404 3634 523 3686 initium
547 3652 584 3688 ex
600 3637 779 3689 Bibliotheca
804 3636 831 3688 S.
851 3638 956 3689 Mariae
975 3638 999 3688 L
1040 3636 1174 3693 dunensis
1197 3634 1280 3688 exhi-

128 3705 191 3758 buit
217 3706 260 3758 Gl.
286 3704 507 3769 Montfalconius
533 3707 676 3790 Palaeogr.
704 3708 754 3759 Gr.
781 3707 831 3758 lib.
860 3708 913 3759 111.
943 3655 1091 3776 capuan.
1121 3724 1186 3781 pag.
1213 3705 1277 3762 248.

127 3773 203 3840 Quin
222 3783 251 3827 et
268 3771 388 3842 ἀβλαβὴς
404 3790 461 3826 vox
479 3784 522 3827 est
538 3777 655 3845 optimas
674 3777 863 3846 scriptoribus
881 3778 991 3829 usitata.
1028 3774 1066 3832 D.
1202 3814 1205 3819 ·

198 3843 324 3911 reliquas
349 3844 434 3897 etiam
458 3845 578 3898 virtutes
600 3848 759 3914 frugalitas
783 3846 929 3911 continet]
972 3848 1134 3914 „Reliquas
1160 3847 1280 3901 virtutes

126 3914 262 3988 intellige
278 3914 467 3982 prudentiam,
485 3917 692 3982 fortitudinem,
712 3916 885 3972 institiam.“
902 3918 1070 3971 Beroaldus.
1098 3917 1163 3973 Vid.
1189 3917 1212 3982 d.
1234 3922 1277 3973 17.

127 4013 160 4025 —
180 3984 277 4036 hamb.
298 3991 390 4038 autem
407 4003 460 4054 pro
479 3987 564 4040 etiam
589 3996 618 4040 et
641 3989 683 4040 sic
702 3988 764 4039 Gar.
785 3986 884 4056 Steph.
904 3986 1091 4057 (quamquam
1107 3987 1160 4040 hic
1171 4005 1207 4041 ex
1220 3995 1277 4052 vet.

126 4053 194 4107 cod.
224 4056 351 4108 enotavit
378 4057 476 4122 etiam)
506 4059 586 4109 Brut.
615 4057 709 4126 Leod,
726 4056 805 4125 sylb.
848 4058 926 4122 Quod
952 4067 1049 4110 autem
1076 4059 1168 4110 refert
1191 4058 1276 4111 Verb.

101 4186 102 4189 Ἴ
126 4123 311 4179 Gebhardum
335 4128 409 4178 male
435 4124 554 4193 edidisse
577 4126 659 4191 enim,
690 4128 721 4179 id
744 4129 786 4178 ita
810 4143 913 4180 verum
937 4137 990 4193 est,
1014 4136 1048 4179 ut
1064 4128 1146 4180 'enim
1173 4129 1277 4182 calami

26 4263 28 4266 Ι
124 4195 207 4268 lapsu
231 4197 379 4265 scripserit
402 4197 433 4248 in
457 4198 594 4263 lemmate
616 4198 822 4251 annotationis:
853 4199 885 4249 in
911 4206 1056 4251 contextu·
1070 4198 1156 4251 habet
1173 4197 1277 4256 ctiam.
1303 4217 1307 4223 ’

126 4266 269 4333 Quaesivit
287 4276 384 4320 tamen
401 4268 491 4320 etiam
509 4267 683 4320 Gronovius:
721 4268 803 4321 Unde
822 4277 851 4320 et
870 4285 926 4336 quo
945 4267 1019 4324 illud
1046 4269 1141 4321 enimi
1160 4269 1278 4332 'Placuit

125 4345 222 4393 autem
247 4338 398 4392 Gebhardo
424 4338 455 4388 in
478 4338 650 4406 crepundiis
674 4357 702 4408 p.
724 4342 775 4395 504
793 4357 834 4408 sq.
864 4338 964 4404 [137.],
987 4339 1071 4406 {quod
1104 4340 1216 4407 reperit
1245 4339 1277 4390 in

124 4407 180 4467 Pal,
201 4426 267 4477 aaa,
285 4413 442 4466 connectat:
465 4407 545 4476 ⁸qued
563 4407 753 4491 habetxetiam
771 4426 844 4463 unus
862 4409 912 4463 Ox.
942 4410 976 4462 ln
994 4409 1178 4464 annotatione
1205 4425 1276 4480 vero
