2842 5070
209 323 250 387 to
417 317 650 386 CICERONIS
670 315 916 397 TUSCULAN.
942 313 1176 422 DISPUTAT,

210 496 261 548 est
280 485 430 567 uberius,
452 485 536 546 nihil
557 483 734 562 eruditius,
758 483 840 545 nihil
860 486 1008 568 gravius,
1031 482 1280 544 mediocritates
1308 484 1362 543 vol

234 569 501 630 esturbationum
529 567 585 629 vel
614 567 809 627 morborum
841 568 943 628 animi
973 565 1055 626 mihi
1081 584 1147 646 non
1169 582 1248 626 sane
1282 582 1361 646 pro-

208 588 298 713 bant.
342 649 448 712 Omne
469 652 558 711 euim
579 650 715 721 malum,
738 651 837 709 etiarn
858 648 1039 726 mediocre,
1072 647 1193 707 malurn
1214 657 1280 712 ests
1302 665 1363 708 nos

209 741 319 795 sutem
342 732 376 793 id
398 735 537 818 agimus,
560 740 598 792 ut
618 730 653 793 id
668 733 704 791 in
726 735 873 812 sapiente
891 731 1016 791 nullum
1032 732 1076 792 sit
1094 730 1239 791 omnino.
1273 727 1361 790 Nam

208 822 249 876 ut
279 834 412 896 corpus,
446 817 548 875 etiam
580 815 608 874 si
637 812 853 874 mediocriter
886 832 1024 898 aegrum
1061 820 1123 887 est,
1144 828 1259 874 sanum
1294 831 1360 871 nun

208 904 275 962 ests
310 900 414 959 sicin
437 898 546 960 animo
579 896 644 956 ista
673 894 885 957 mediocritas
917 904 1011 957 caret
1043 894 1194 957 sanitate.
1245 892 1361 975 Itaque

280 1080 487 1135 mediocritates
505 1083 549 1134 cel
562 1080 812 1150 perturbationum]
838 1081 887 1135 Fr.
908 1080 1019 1134 Fabric.
1039 1079 1121 1132 adh.
1142 1080 1163 1132 l.
1182 1079 1361 1135 mediocrita-

209 1159 272 1217 tem,
302 1153 414 1218 scribit,
437 1153 590 1204 Lambinus
614 1169 680 1205 cum
705 1153 770 1207 aliis
794 1152 897 1205 edidit:
933 1160 1032 1204 noster
1058 1151 1114 1204 MS.
1140 1149 1358 1205 mediocritates.

210 1223 258 1277 Sic
276 1223 413 1286 nominat,
434 1241 502 1293 quas
520 1223 706 1293 Peripatetici
723 1223 874 1293 μεσότητας
895 1223 1004 1292 dicunt.
1042 1220 1091 1274 Sic
1109 1222 1202 1274 infra:
1228 1221 1274 1289 tte
1291 1219 1361 1276 mibi

210 1295 329 1358 afferunt
347 1293 619 1347 mediocritates
639 1293 702 1359 [ΙΙΙ.
722 1295 778 1360 au]
800 1303 828 1346 et
847 1295 878 1346 in
897 1293 1020 1346 Lucullo
1040 1290 1155 1357 [Acadd.
1176 1293 1213 1345 11.
1228 1293 1359 1361 44.135.]

208 1362 479 1418 mediocritates
497 1363 545 1424 illi
560 1365 678 1431 probant
696 1370 723 1417 et
740 1364 859 1418 inomni
873 1363 1046 1434 permotione
1063 1363 1222 1415 naturalem
1236 1364 1360 1418 colebant

208 1450 268 1487 esse
286 1435 421 1505 quendam
439 1434 580 1489 modum.“
617 1437 718 1502 „Unus
736 1435 816 1487 Leid.
844 1452 897 1508 pro
916 1433 1126 1487 mediocritates
1148 1433 1235 1487 habet
1256 1435 1360 1488 medio-
1412 1437 1415 1450 '

208 1505 347 1558 critatem.
384 1507 547 1575 Utrumque
564 1506 719 1575 probabile.
740 1506 804 1557 Vid.
824 1505 902 1558 Stob.
927 1506 1028 1579 Eclog.
1049 1505 1133 1574 Phys.
1153 1506 1190 1557 ΙΙ.
1214 1522 1244 1574 p.
1265 1509 1358 1561 191-

209 1579 268 1631 193.
289 1576 341 1628 Ed.
362 1573 462 1628 Aurel.
481 1576 591 1629 Allobr.
613 1579 688 1631 1609.
708 1578 728 1627 f.
749 1576 810 1627 m.“
828 1575 958 1629 Boubier.
997 1575 1236 1638 „Mediocritates
1253 1575 1359 1630 habent

208 1654 331 1714 quatuor
348 1647 418 1698 Pall.
439 1647 561 1716 priores,
579 1646 646 1698 Feb.
666 1645 740 1698 Pith.
760 1647 813 1699 Ed.
834 1646 931 1699 Vict.“
950 1644 1032 1699 Geta.
1069 1647 1191 1720 Legitur
1208 1646 1359 1700 rnediocri-

208 1721 293 1769 tntem
312 1717 343 1767 in
357 1717 425 1772 Cod.
436 1717 520 1768 Vind.
540 1721 564 1771 1.
584 1717 654 1785 Edd.
669 1722 702 1768 A.
717 1718 748 1772 B.
766 1717 794 1768 S.
809 1718 844 1772 E.
862 1720 899 1768 Μ.
915 1718 947 1769 L.
968 1726 997 1770 et
1015 1726 1121 1780 nostra,
1148 1716 1277 1788 exceptis
1288 1719 1356 1772 Rob.

208 1786 308 1856 steph.
328 1785 436 1839 Sturm.
457 1789 580 1843 HWolf.
610 1796 638 1839 et
658 1788 786 1840 omnibus
805 1787 872 1840 inde
896 1786 1020 1840 aGebb.
1060 1787 1138 1853 Quod
1160 1803 1230 1840 vero
1248 1787 1358 1841 Stoicos

207 1856 311 1920 laudat,
332 1858 481 1927 carpitque
500 1859 713 1927 Peripateticos,
732 1857 764 1908 in
783 1875 815 1910 eo
834 1875 891 1910 non
910 1875 1023 1927 semper
1040 1856 1095 1909 sibi
1114 1861 1224 1911 constat
1242 1858 1356 1913 OEoero:

207 1927 351 1996 siquidem
374 1928 408 1980 de
426 1928 485 1982 Off.
506 1932 528 1983 Ι.
548 1932 592 1995 25.
613 1931 656 1984 89.
685 1928 813 1998 scripsit:
846 1945 975 1995 nunquam
998 1929 1089 1980 iratus
1112 1928 1158 1996 qui
1181 1929 1294 1982 accedet
1321 1931 1358 1983 ad

204 2013 323 2066 poenam,
349 1999 629 2051 mediocritatem
653 1998 749 2051 illam
767 1999 878 2064 tenebit,
906 2015 974 2066 quae
992 2005 1032 2051 est
1050 1999 1121 2052 inter
1138 1999 1245 2052 nimium
1263 2007 1289 2053 et
1306 2017 1358 2068 pa·

205 2084 277 2131 rain,
296 2074 378 2136 q'uae
394 2071 515 2135 piacet
534 2068 811 2136 Peripateticis.-
836 2077 866 2122 et
882 2077 977 2122 recte
996 2069 1131 2137 placet,
1151 2070 1226 2123 modo
1245 2087 1278 2123 ne
1296 2071 1356 2124 lau-

206 2139 302 2191 darent
327 2141 506 2206 iracundiam,
535 2147 561 2193 el
589 2138 711 2192 dicerent
734 2138 841 2198 utiliter
866 2157 884 2191 a
906 2146 1005 2192 natura
1025 2140 1123 2193 datam.
1163 2140 1254 2206 Quid?
1284 2143 1359 2212 quod

206 2208 317 2262 Stoicos
335 2210 442 2262 alicubi
467 2230 482 2263 a
507 2220 609 2263 natura
627 2210 783 2263 desciscere
809 2211 892 2266 dixit.
929 2211 1035 2263 Contra
1058 2210 1169 2265 Stoicos
1194 2213 1359 2265 Lactantius

205 2279 303 2331 Divin.
324 2275 393 2331 Inst'.
410 2281 516 2336 VI.15.
541 2279 642 2342 Stoici,
662 2282 712 2346 ait,
731 2281 844 2346 furiosi,
864 2279 911 2349 qni
928 2297 963 2334 ea
981 2279 1027 2345 [do
1046 2279 1195 2334 affectibus
1212 2282 1357 2353 loquitur]

206 2366 259 2403 non
277 2357 433 2416 temperant,
452 2353 501 2404 sed
518 2352 688 2416 abscindunt,
707 2353 835 2418 rebusque
858 2369 876 2402 a
894 2358 993 2404 natura
1010 2351 1105 2405 insitis
1127 2359 1251 2407 castrare
1275 2353 1359 2408 borni·

206 2436 262 2472 nem
280 2421 390 2487 quodam
413 2422 487 2474 modo
510 2424 611 2475 uolunt.
645 2422 727 2478 'Quod
744 2420 800 2473 tnle
818 2428 868 2485 est,
893 2424 971 2488 quale
987 2423 1015 2475 si
1037 2421 1120 2474 uelint
1137 2429 1184 2475 aul
1203 2430 1295 2477 metum
1313 2425 1360 2477 de·

207 2489 314 2543 trabere
331 2490 437 2555 ceruis5
466 2498 512 2544 aul
531 2509 653 2547 venenum
679 2493 823 2558 anguibus,
849 2501 895 2545 aul
914 2494 983 2544 irum
1001 2491 1079 2559 (eris,
1107 2499 1155 2545 aut
1170 2493 1359 2561 placiditatem

203 2561 359 2627 pecudibus.
397 2561 467 2616 Nam
485 2580 552 2631 quae
569 2562 682 2628 singula
704 2563 783 2615 matis
803 2563 967 2616 animalibus
985 2563 1051 2614 data
1068 2569 1138 2630 eunt,
1165 2580 1197 2616 ea
1215 2581 1279 2619 cero
1297 2566 1359 2620 unt-

205 2648 286 2685 oersa
302 2631 402 2684 bomini
418 2633 517 2695 sinaut„
529 2668 559 2677 -
599 2634 726 2687 Homines
741 2633 887 2701 prudentes
909 2649 962 2686 non
984 2633 1144 2698 intelligant
1163 2652 1217 2690 cum
1236 2630 1308 2690 uitia
1325 2654 1359 2690 ea

95 2768 99 2778 ι
203 2701 309 2757 banaiae
327 2703 432 2769 tollant,
467 2706 547 2758 etiam
570 2703 693 2758 uirtutem
715 2719 744 2755 se
771 2703 873 2758 tollere.
892 2732 925 2741 -
961 2706 1026 2757 Post
1043 2704 1167 2758 mediocr.
1187 2705 1265 2759 ab'est
1283 2708 1326 2760 uel
1343 2703 1363 2760 a'

206 2772 272 2826 Cod.
293 2773 365 2826 cua.
402 2774 464 2829 Duo
484 2777 552 2829 Oxx.
573 2775 679 2828 habent
697 2774 890 2840 turbationum,
918 2775 1050 2847 neglecto
1069 2775 1194 2844 syllabae
1210 2792 1265 2844 per
1282 2794 1359 2831 com-

205 2844 318 2969 ppndliq.
355 2842 482 2968 {siquem
500 2848 545 2900 ael
571 2846 683 2898 omittit
700 2845 795 2898 Duisb.
828 2855 857 2898 et
881 2864 954 2898 unus
973 2847 1023 2899 Ox.
1043 2842 1143 2900 Animi
1160 2847 1238 2901 abest
1255 2867 1272 2901 a
1289 2849 1356 2903 Cod.

150 2936 154 2941 ·
234 2932 278 2964 u.
319 2953 326 2966 .
398 2933 423 2972 r.

277 3001 361 3056 Omne
388 3004 462 3058 enim
488 3005 600 3070 malum,
615 3015 619 3020 ’
632 3003 717 3057 etiam
747 3004 896 3069 mediocre,
933 3004 1066 3059 'malum
1088 3005 1151 3072 eet]
1193 3006 1356 3072 ‚5Qun1nvis

205 3089 304 3126 omues
328 3075 363 3131 ad
388 3094 479 3128 unum
505 3076 590 3128 Codd.
618 3075 768 3127 exhibeant
795 3092 956 3143 magnum
981 3083 1035 3138 est,
1063 3077 1155 3129 miror
1163 3085 1274 3130 eulmen
1299 3095 1357 3131 non

206 3143 326 3196 offensos
345 3163 402 3198 esse
420 3147 498 3199 viros
517 3147 614 3207 doctos
632 3146 790 3199 sententiae
808 3147 989 3200 absurditate.
1011 3146 1097 3211 Quod
1114 3148 1195 3199 enim
1212 3148 1357 3201 mediocre

206 3224 260 3280 est,
277 3232 414 3291 magnum
432 3234 492 3269 esse
509 3232 567 3268 non
584 3225 690 3286 potest.
725 3217 887 3271 Mediocria
903 3219 1015 3272 modica
1032 3224 1097 3270 sunt
1114 3219 1156 3270 ait
1174 3219 1265 3271 Varro
1283 3220 1359 3287 apud

204 3287 332 3339 Nimium
351 3288 521 3340 Marcellum
538 3307 565 3349 v,
585 3287 747 3353 modestia„
768 3289 914 3357 Equidem
930 3289 997 3340 satis
1016 3297 1112 3341 certus
1130 3306 1193 3341 sum
1210 3289 1357 3357 scripsisse

205 3356 386 3421 Ciceronem,
415 3360 501 3411 etiam
523 3359 670 3423 mediocre,
703 3359 828 3410 malum
854 3356 927 3412 esl.“
951 3357 1083 3412 Boubmr.
1135 3360 1288 3414 Obsecutus
1314 3370 1357 3413 est

204 3427 360 3480 Bouhierio
387 3429 599 3493 Lallemanuus,
630 3430 809 3502 ingeniosam
834 3431 939 3483 merito
964 3430 1025 3483 eius
1044 3431 1240 3485 coniecturam
1258 3432 1358 3500 appel-

204 3497 277 3550 lans:
311 3507 375 3568 post
401 3499 479 3551 bunc
503 3499 636 3568 probavit
664 3517 725 3552 eam
749 3501 872 3566 Nissen,
899 3500 1016 3553 addens:
1050 3500 1120 3566 „sie
1142 3507 1218 3570 post:
1256 3515 1358 3569 corpus
1397 3515 1399 3520 ·

204 3567 317 3621 etiamsi
343 3569 526 3623 mediocriter
548 3585 666 3636 aegrum
687 3577 737 3635 est,
769 3586 869 3624 sanum
892 3577 1019 3627 nonest.
1055 3573 1235 3640 Receperust
1254 3569 1357 3624 deinde

203 3639 348 3695 FAW01t.
371 3649 400 3692 et
417 3657 497 3710 seqq.
517 3642 618 3709 Neque
633 3641 687 3714 ego
699 3643 786 3711 ¹potui
805 3660 821 3694 a
839 3658 885 3694 me
905 3642 1071 3712 impetrare,
1090 3650 1124 3694 ut
1141 3638 1224 3693 libris
1242 3640 1357 3695 obsecu-

204 3719 250 3762 tus
268 3720 397 3764 veterem
416 3728 481 3762 saue
500 3727 631 3763 errorem
648 3712 825 3765 reducerem.
862 3714 923 3766 Mr.

275 3814 327 3850 nos
351 3804 445 3851 nutem
463 3798 496 3851 id
512 3798 643 3866 agitems]
680 3800 742 3852 Duo
762 3800 833 3853 Oxx.
853 3801 886 3853 id
914 3797 1087 3864 dicimus,
1114 3815 1189 3850 unus
1213 3814 1280 3865 cum
1298 3816 1355 3853 uno

203 3867 283 3920 Leid.
303 3877 332 3921 et
351 3870 392 3922 ed.
413 3879 470 3922 vet.
489 3869 578 3922 Βοιὼ.
599 3870 726 3940 itemque
743 3870 827 3923 Gadda
849 3871 935 3923 Marb.
956 3872 1028 3944 Aug.
1048 3870 1080 3923 id
1097 3884 1261 3938 agamus:
1281 3873 1356 3941 quod

203 3937 333 4006 placebat
350 3940 523 3992 Bouhier-io:
551 3940 630 3991 uobis
648 3957 706 3993 nou
724 3942 804 3994 item.
842 3944 972 4016 Pergunt
994 3951 1055 3994 tres
1073 3941 1144 3996 (lxx.
1164 3939 1238 4015 Aug.
1257 3942 1353 3994 Duisb.

203 4015 234 4060 at
251 4007 290 4074 in,
309 4012 413 4063 omisso
431 4010 472 4075 id,
492 4011 569 4078 quod
587 4011 676 4064 etiam
693 4012 773 4065 deest
797 4013 829 4063 iu
846 4013 899 4064 Ed.
920 4013 978 4064 Ale.
999 4014 1118 4065 fortasse
1137 4027 1289 4080 operarum
1308 4030 1357 4066 ne-

203 4079 356 4201 pligeutia.
374 4080 465 4202 {glad
482 4079 568 4162 babet
585 4081 673 4206 ate
684 4081 724 4134 td.
744 4082 829 4164 vind:
849 4088 872 4137 1.
893 4081 970 4156 Aug.⁴
987 4082 1161 4164 sapientem.
1190 4082 1224 4136 In
1243 4083 1353 4166 Gudqb.

204 4158 613 4290 ciiiiiraiiruensiiiiudtiidi
631 4229 654 4279 l.
666 4153 969 4294 liimpidviitiiluriiaiit
978 4155 1356 4278 npaqtgppnepprpplqupppdtg

204 4311 283 4362 seqq.
308 4310 382 4344 uuus
400 4289 449 4345 Ox.
480 4293 591 4346 omittit
613 4309 710 4348 sanum
737 4304 766 4349 et
792 4303 841 4361 est,
865 4296 938 4347 alius
956 4294 1052 4359 etium,
1079 4294 1165 4346 Vind.
1188 4299 1212 4349 1.
1232 4303 1275 4348 est
1292 4305 1356 4366 post

204 4361 437 4486 ppprurmMcaius
462 4362 526 4416 loco
549 4364 622 4418 (iud.
648 4366 734 4419 habet
757 4365 808 4432 sit,
836 4384 871 4420 ex
893 4365 1072 4419 comestione
1096 4367 1280 4440 grammatici
1303 4367 1356 4419 ali-

243 4452 293 4486 tus.
367 4449 391 4484 r.
1043 4472 1046 4477 .
