2842 5070
556 317 684 380 nunu
704 317 766 408 w,
787 320 818 381 e.
1068 357 1071 364 ·
1216 318 1279 403 2⁷³

125 488 172 547 tia
202 487 357 571 gestiens,
385 492 421 546 et
447 479 569 544 libido:
601 501 684 563 quae
716 484 746 544 si
775 499 843 542 nou
873 478 991 542 cadent
1018 483 1053 542 in
1085 483 1279 562 sapientem,

123 584 254 650 semper
275 586 367 637 mens
390 567 457 627 erit
476 566 658 646 tranquilla
679 565 871 644 sapientis:
890 563 929 625 A.
947 562 1003 626 Sic
1022 569 1163 642 prorsus¹
1183 566 1279 625 intel-

123 651 213 736 ligo..
234 649 295 712 Μ.
318 647 440 709 Utrum
454 649 575 733 igitur·
588 643 712 708 mavis?
741 648 897 706 statimne
914 664 974 707 nos
991 645 1070 706 uela
1092 649 1213 717 iacere,
1234 665 1277 706 an
1299 657 1325 709 9.
1364 651 1370 660 “

124 732 220 812 quasi
232 749 260 794 'e
281 738 384 812 portu
405 729 613 815 egredientes
630 728 810 810 paullulum
831 724 1014 814 remigare?
1055 729 1094 791 A.
1114 726 1281 791 Quidnam

109 811 303 877 ,estistucl
325 813 502 874 nonenim
522 811 681 896 intelligo.
742 817 746 824 ’
785 850 788 857 -
1068 815 1072 820 '
1103 847 1105 851 ,

125 996 306 1051 verisimile
324 1014 391 1050 eum
407 996 513 1049 habere
532 1000 569 1061 el,
588 1013 654 1048 cum
672 995 744 1048 absit
762 1014 778 1047 a
797 995 870 1049 Gud.
891 1000 916 1050 1.·
935 995 1022 1049 lVlarb.
1044 993 1118 1049 Gud.
1134 997 1159 1048 2.
1180 992 1277 1055 Duisb.

125 1077 235 1138 septem
254 1068 323 1120 Oxx.
342 1067 426 1121 Bern.
447 1066 531 1118 Vind.
551 1070 577 1122 2.
605 1066 671 1119 Sola
691 1067 734 1118 ed.
753 1066 826 1118 Tbn.
845 1065 932 1118 habet
951 1071 1004 1119 est
1031 1065 1157 1119 sublatus
1173 1070 1279 1117 metus:

126 1140 162 1191 eis
186 1139 362 1203 coniectura,
390 1137 452 1189 sine
476 1137 570 1189 dubio.
607 1136 753 1206 Equidem
780 1138 868 1190 etiam
898 1137 930 1188 in
955 1136 1099 1207 Symbolis
1126 1136 1211 1188 (tritt.
1246 1135 1281 1188 ad

78 1259 82 1266 .
127 1209 187 1262 cic.
205 1208 229 1261 1.
248 1227 278 1279 p.
297 1211 331 1265 18
350 1226 391 1282 sq.
412 1207 488 1262 illud
506 1213 532 1261 el
550 1208 645 1261 abesse
664 1215 790 1279 etpnsse
810 1217 839 1260 et
858 1207 960 1263 debere
979 1209 1088 1272 censui,
1107 1205 1235 1276 dixique,
1254 1206 1280 1258 si

125 1281 174 1334 vel
199 1277 323 1332 maxime
348 1284 375 1333 et
396 1279 523 1347 positum
542 1296 602 1349 pro
625 1278 711 1331 etiam
735 1279 819 1338 ferre,
837 1277 921 1342 velis,
948 1279 1051 1331 melius
1078 1277 1190 1329 dictum
1217 1279 1281 1330 fore
1330 1325 1332 1329 ,

126 1350 250 1474 saplutus
269 1355 309 1473 epp
327 1355 353 1402 et
370 1355 476 1403 metue:
496 1349 571 1418 quod
590 1368 606 1402 a
623 1350 693 1402 Dav.
713 1349 747 1400 iu'
762 1348 815 1402 Ed.
836 1349 1007 1417 appositum
1034 1366 1093 1401 esse
1111 1356 1175 1401 tum
1199 1348 1282 1423 igno-

128 1437 160 1474 ra
179 1439 234 1475 ain.
308 1436 333 1471 r.
548 1456 551 1462 -
586 1472 588 1481 ,
862 1460 865 1464 ,
899 1456 902 1461 .
1364 1468 1368 1487 ,

164 1495 166 1498 ’
196 1491 315 1544 Restant
343 1491 415 1554 duae
434 1489 674 1557 perturbationes]
711 1488 778 1541 (lod.
797 1492 872 1544 lllon.
896 1495 919 1545 1.
944 1491 1008 1545 duo.
1046 1490 1112 1543 lVlox
1138 1507 1212 1541 nnus
1231 1489 1282 1543 Ox.

128 1563 240 1626 cadunt,
269 1561 345 1630 quod
363 1561 433 1613 alios
451 1560 557 1613 habere
576 1560 617 1612 ait
634 1559 718 1612 Verb.
743 1559 775 1610 in
797 1578 860 1611 mar
882 1601 888 1615 .
913 1569 942 1612 et
965 1561 1006 1612 sic
1025 1560 1140 1628 reperio
1159 1561 1191 1610 in
1208 1560 1281 1613 Edd.

127 1633 242 1685 Lambb.
262 1631 349 1685 Goth.
370 1630 397 1682 S.
417 1632 452 1683 E.
470 1631 596 1685 HWolf.
616 1630 684 1683 Cod.
712 1632 792 1682 lVlon.
808 1633 834 1686 2.
858 1579 946 1685 {abet
968 1629 1081 1683 cadunt.
1119 1632 1186 1681 ltlox
1213 1630 1281 1682 Cod.

128 1703 210 1754 vind.
223 1706 247 1758 l.
267 1701 323 1756 erit
341 1701 503 1770 tranquilla¹
515 1717 603 1765 niem,
622 1699 713 1756 Rehd.
733 1708 762 1752 et
770 1700 869 1756 Duisb.
889 1699 1200 1769 aritmenstranpuillu.
1220 1700 1280 1754 Me.

204 1789 330 1844 Utrum
356 1788 453 1857 igitur
477 1789 587 1841 mauis?
617 1787 762 1842 statimne
788 1804 839 1842 nos
864 1789 925 1842 neta
950 1789 1054 1853 faeere,
1081 1802 1124 1840 an
1142 1820 1176 1831 -
1195 1791 1282 1843 remi·

127 1859 238 1929 garet]
276 1860 452 1913 Goerenzius
471 1859 505 1911 ad
523 1859 582 1912 cic.
600 1859 706 1911 Acadd.
726 1860 764 1912 11.
783 1861 828 1913 22.
849 1862 890 1912 tl.
916 1861 1026 1928 pass.
1054 1858 1134 1910 iubet
1160 1875 1211 1911 nos
1233 1860 1283 1912 de-

128 1932 190 1984 lere
214 1930 412 2005 interrogandi
439 1929 555 2003 signum
567 1981 569 1985 ,
581 1924 646 2000 post
670 1929 768 1991 mame,
791 1929 934 1982 ,videlicet
953 1937 986 1980 ut
1010 1936 1144 1998 appareat
1164 1929 1218 1981 ista
1236 1946 1283 1982 re·

127 2001 283 2055 dundantia
300 2018 383 2070 saepe
400 2019 417 2052 a
433 2000 563 2053 librariis
572 1999 648 2070 apud
656 2000 831 2054 Ciceronem>
845 1999 1008 2061 obliterata,
1020 2016 1084 2068 >qua
1102 2006 1166 2068 post
1184 2004 1283 2053 utrum

127 2081 194 2130 ante
213 2088 250 2125 an
268 2070 359 2124 alicui
375 2071 514 2124 vocabule
534 2070 705 2139 interposito
724 2069 843 2122 addatur
866 2086 909 2124 ne.
945 2068 1079 2133 Additur,
1107 2069 1156 2132 ait,
1180 2070 1215 2122 ad
1233 2069 1283 2141 ep-

127 2142 277 2214 positionis
296 2144 438 2195 rationem
457 2141 564 2194 clarius
581 2141 764 2195 ‘indicandam
783 2149 812 2192 et
828 2141 911 2210 qnasi
928 2140 1093 2192 acuendam.
1137 2139 1176 2191 Et
1200 2149 1282 2192 recte

127 2214 180 2267 ille
200 2213 317 2284 quidem
334 2213 418 2266 haam
439 2212 492 2264 illa
509 2229 569 2264 non
587 2212 668 2264 item.
706 2212 780 2264 llllale
805 2212 884 2263 enim
902 2211 951 2263 vir
975 2208 1153 2266 doctissimus
1179 2210 1209 2262 id
1233 2229 1284 2281 ap-

126 2286 218 2354 pellat
236 2283 447 2347 abundantiam,
466 2299 523 2352 quo
542 2283 645 2336 omisso
663 2283 773 2335 locutio
791 2282 911 2352 proprie
929 2289 987 2333 non
1006 2285 1049 2332 e'st
1071 2280 1168 2351 plenas:
1196 2281 1284 2351 plena
1366 2327 1369 2333 ,

129 2357 208 2408 enim
227 2362 270 2406 est
287 2354 395 2407 locutio
423 2354 457 2405 de
475 2355 512 2409 N.
532 2353 567 2404 D.
586 2354 624 2407 11.
644 2355 694 2408 342
719 2359 837 2406 utrum
860 2367 892 2403 ea
910 2352 1075 2417 tortu-itone
1097 2351 1155 2404 sint
1180 2352 1227 2405 on
1250 2368 1283 2406 eo
1325 2398 1327 2402 .

128 2433 290 2494 statn,1puo
311 2444 355 2478 -ε
387 2423 505 2493 plenior
529 2424 616 2475 etiam
640 2432 722 2488 esset,
738 2425 770 2476 si
796 2424 837 2475 ita
863 2422 1023 2492 scripsisset
1042 2423 1143 2475 Cicero
1168 2420 1284 2490 (absque

128 2497 227 2566 aliqua
244 2493 411 2565 synchysi)-:
430 2494 583 2557 uideamus,
601 2500 720 2547 utrum
738 2497 828 2547 locum
845 2490 959 2555 babeam
975 2492 1144 2557 fortuitane.
1160 2509 1193 2546 ea
1215 2492 1283 2558 sint,
1328 2532 1333 2536 -

128 2583 172 2620 an
196 2583 228 2619 eo
257 2571 355 2631 statu,
369 2580 420 2634 quo
447 2592 491 2614 -·.
527 2561 572 2616 Ad
598 2580 685 2634 quem
708 2563 807 2617 lecum
825 2563 883 2616 rid.
904 2571 1033 2616 nostram
1057 2571 1153 2615 annot.
1178 2561 1211 2614 in
1228 2564 1283 2616 Ed.

128 2638 247 2706 min-p.
270 2639 330 2692 131.
367 2635 416 2689 Sic
435 2635 470 2688 de
487 2635 553 2696 Div.
573 2635 611 2687 11.
631 2639 674 2691 63.
693 2635 799 2703 plene:
834 2634 917 2688 Venit
942 2638 999 2688 iam
1021 2634 1052 2686 in
1074 2633 1283 2703 contentionem,

128 2715 241 2761 utrum
264 2708 302 2761 sit
325 2705 511 2775 probabilius,
536 2705 648 2759 deosne
672 2706 845 2762 immortales
864 2735 897 2746 -
915 2709 1084 2758 conuertere
1107 2703 1283 2760 omnium-.-

129 2779 284 2832 lectoe'-:
314 2783 486 2850 unlnatnra
506 2773 579 2843 fieri,
602 2783 633 2831 ut
651 2807 695 2832 —.
731 2775 811 2842 Quod
834 2791 903 2829 vero
921 2774 969 2827 his
993 2775 1067 2827 locis
1085 2774 1284 2850 interrogandi

130 2850 246 2922 siguum
269 2865 326 2901 nou
349 2849 472 2918 ponitur
492 2852 557 2915 post
584 2863 660 2902 eam.
678 2846 928 2921 interrogationis¹
946 2855 1068 2915 partem,
1100 2845 1132 2898 in
1157 2854 1284 2914 quaest

129 2925 231 2984 utrum,
256 2918 287 2971 id
312 2920 342 2970 in
369 2919 468 2988 priore
491 2919 600 2968 fectum
623 2924 665 2969 est
691 2924 726 2968 ut
745 2918 784 2968 -in
801 2917 962 2987 posteriore
985 2925 1107 2988 propter
1123 2917 1284 2970 orationem

130 2991 286 3058 obliquam,
312 2988 461 3057 inpriore
486 2987 574 3038 etiam
598 2988 641 3039 ob.
660 3003 739 3049 eam,
758 3005 846 3057 quam
863 2988 1033 3062 significavi,
1053 2987 1224 3057 synchysin:
1254 2995 1285 3040 et

129 3061 215 3131 plane
233 3059 274 3119 ita
292 3067 335 3110 est
354 3058 440 3109 etiam
457 3058 491 3109 de
509 3056 575 3114 uir.
594 3056 632 3109 11.
652 3059 775 3113 salte.
794 3057 844 3110 nbi
861 3059 912 3110 vid
939 3066 1034 3110 annot.
1054 3067 1143 3110 nostr.
1170 3075 1198 3127 p.
1219 3061 1283 3112 eet.

129 3122 201 3194 A'dd.
228 3128 411 3183 inf.1V.tt.
436 3130 478 3183 59.
507 3126 629 3200 Madvig.
656 3126 690 3179 ad
707 3128 788 3180 eie..
803 3127 966 3197 Philosoph.
986 3129 1010 3180 1.
1029 3146 1057 3196 p.
1078 3129 1139 3184 164.
1176 3128 1283 3180 Nostro

128 3202 196 3253 loco
220 3198 286 3250 luce
314 3197 421 3250 clarius
449 3196 627 3265 censpicitur
652 3201 745 3249 utrum
762 3213 820 3248 non
838 3215 897 3248 esse
918 3198 1094 3267 particulam
1112 3197 1162 3248 sed
1178 3212 1285 3267 preno-

130 3288 213 3324 men:
234 3269 310 3338 quod
328 3268 369 3321 ita
387 3268 474 3320 latuit
492 3267 657 3330 Ernestum,
675 3275 710 3318 ut
727 3268 804 3319 infra
830 3284 855 3320 e.
874 3270 918 3324 27.
944 3275 993 3320 aut
1010 3273 1106 3320 utrum
1129 3267 1285 3320 delendum
1378 3269 1381 3273 ’

131 3341 285 3404 censuerit,
310 3348 360 3394 aut
385 3354 427 3391 ne.
448 3370 481 3381 -
509 3337 581 3391 Gud.
601 3339 628 3392 2.
652 3352 706 3406 pro
730 3336 820 3391 mauis
842 3337 1056 3404 habetmagie.
1084 3340 1158 3390 Mon.
1177 3340 1203 3393 2.
1223 3343 1291 3390 eta-t

132 3420 265 3478 tumne,
283 3428 357 3463 unus
376 3411 426 3466 Ox.
446 3424 575 3464 nnncne
599 3423 659 3472 nos,
685 3408 759 3471 alius
778 3408 875 3465 statim
893 3424 954 3474 noe,
979 3409 1052 3484 Aug.
1077 3409 1168 3460 Vind:
1182 3412 1205 3464 1.
1231 3425 1285 3462 noe

131 3485 235 3545 statim.
263 3480 348 3534 Vides
362 3480 435 3533 ,duos
452 3481 626 3550 posteriores
645 3478 677 3529 in
696 3480 804 3546 endem,
825 3496 881 3549 qno
899 3481 1050 3545 Ernestus,
1069 3495 1172 3532 errore.
1185 3481 1284 3533 fnisse.

132 3553 176 3606 Ad
184 3614 191 3620 Ἢ
202 3572 230 3608 v.
249 3552 311 3604 uela
335 3554 429 3617 facere
452 3552 553 3622 paullo
576 3549 725 3603 duriorem
752 3567 811 3603 esse
836 3552 892 3603 ima
914 3551 993 3602 inem
1014 3551 1063 3602 vel
1085 3550 1285 3620 metaphoram

132 3625 174 3677 ait
191 3609 244 3679 W.
264 3624 295 3673 in
313 3622 428 3687 scholis,
448 3632 476 3675 et
494 3622 584 3696 inagis
604 3621 699 3685 etiam,
718 3622 796 3690 quod
820 3639 876 3691 pau
904 3621 1069 3686 oinferius
1096 3621 1205 3673 dicitur
1222 3623 1286 3675 dia·
1316 3675 1318 3681 ,

133 3696 296 3748 lecticorum
312 3692 398 3745 remis
412 3693 585 3762 propellere:
614 3690 663 3744 sed
678 3709 747 3744 vere
770 3700 868 3744 monet
887 3693 933 3746 Or.
957 3691 1091 3745 Romanis
1110 3691 1285 3762 Graecisque

131 3763 294 3818 hominibus
316 3762 476 3816 locutiones
498 3781 515 3816 a
539 3763 611 3815 mari
637 3761 726 3833 reque
752 3763 868 3818 nautica
892 3762 1028 3834 repetitas
1053 3763 1176 3815 minime
1194 3762 1285 3817 offen·

133 3834 209 3887 sioni
227 3833 324 3884 fuisse.
360 3831 516 3900 Bouhierio
534 3833 674 3902 placebat,
704 3835 780 3904 quod
798 3843 947 3911 repererat
974 3834 1005 3886 in
1023 3850 1080 3887 uno
1098 3833 1197 3888 Laide
1225 3841 1286 3888 ela-

133 3906 219 3961 timne
236 3918 286 3954 nos
308 3901 371 3956 uela
394 3903 489 3969 faeere
513 3909 680 3977 tanquam
699 3911 813 3974 eportu
835 3905 1031 3972 egredientes?
1067 3907 1113 3957 An
1132 3906 1286 3975 pandulum

133 3973 297 4041 remigare?
324 3980 404 4025 recte
426 3972 605 4056 improbante
631 3975 773 4045 Nissenio.
809 3977 872 4028 Duo
897 3977 967 4030 Oxx.
989 3978 1154 4032 stillent.
1181 3977 1287 4028 habent

133 4063 175 4101 ex
189 4050 284 4114 partu.
303 4043 400 4098 Duisb.
421 4042 531 4095 om1ttit
549 4060 573 4096 e.
598 4044 671 4109 Gud.
692 4045 716 4101 1.
736 4047 798 4119 uela
815 4046 901 4099 habet
918 4047 1034 4117 nonnisi
1052 4065 1076 4098 a.
1096 4049 1122 4102 2.
1142 4064 1180 4098 m.
1225 4049 1285 4102 Mr.
1335 4100 1342 4108 ,

134 4192 136 4198 ‚
203 4133 359 4204 paullulum
376 4129 556 4198 remigaret]
579 4130 642 4185 Duo
662 4131 732 4189 02³.
751 4137 928 4202 remigrare,
941 4153 1015 4186 unns
1034 4134 1187 4203 nauigare:
1205 4141 1287 4188 nte'r·

131 4223 192 4278 que
216 4204 301 4257 Vind.
325 4202 439 4272 paulum
461 4216 520 4272 pro·
539 4201 703 4269 paullulum.
749 4205 1193 4276 „³1temigare·estv.lente·.pro
1231 4206 1288 4267 edi,

135 4293 240 4347 nempe
264 4274 416 4333 subtiliore
437 4272 635 4342 disputatione
658 4290 712 4342 per
729 4273 919 4338 definitiones,
948 4276 1187 4330 divisionensis!
1216 4277 1286 4328 Ern.

136 4347 486 4412 Locutioneuelafncere
514 4342 626 4414 passiva
644 4344 730 4403 etiam
748 4345 841 4397 ferina
859 4347 954 4403 utitur
973 4347 1085 4415 Cicero,
1113 4356 1143 4398 et
1181 4347 1288 4416 roprie,

137 4421 170 4471 in
192 4419 274 4470 Verr.
301 4415 668 4497 Act.‚11.h.V³3,188,:
702 4413 764 4486 uela
788 4415 861 4481 fieri.
897 4414 952 4473 Pro
977 4416 1059 4488 istuc,
1077 4433 1147 4487 „que
1192 4424 1233 4468 est
1257 4416 1289 4468 in

114 4518 117 4523 ’
165 4494 546 4576 claromonttupeemeer.
563 4516 632 4561 Mt.
835 4533 838 4536 >
930 4531 958 4578 ¹·
1026 4525 1103 4587 18²
