2842 5070
430 329 441 372 a
544 308 831 388 uturum-ie.
1190 307 1251 375 res

68 453 74 492 ³
131 471 134 477 ’
185 469 281 548 Quod
307 475 335 536 si
357 476 425 555 oui,
447 484 485 537 ut
505 472 672 553 nitidem,
692 469 928 537 eimntdnimns
949 490 982 535 re
1009 489 1075 533 cnm
1097 466 1250 550 coincidit,
1268 477 1312 533 40.

103 559 302 643 agravib'us
327 559 395 619 illis
415 559 560 639 antiquis
580 556 788 641 philosophis
816 552 957 639 petenda
992 552 1154 616 medicina
1188 563 1249 633 est

102 659 169 701 non
198 641 239 702 ab
270 639 323 700 his
350 641 559 728 voluptariis.
608 640 714 704 (tuam
741 640 830 702 enim
856 640 914 700 isti
934 638 1098 699 bonorum
1120 638 1249 719 eopietn

101 826 245 895 positione
262 841 316 895 pro
334 826 380 890 od,
398 825 481 879 testis
500 833 544 879 est
560 826 683 890 Ennius,
708 825 760 907 qui
782 824 824 877 ait
842 821 1025 877 Acherontem
1046 823 1133 877 obibo.
1162 825 1248 878 item:

267 896 367 948 Omnes
383 895 472 949 eccisi
488 897 699 966 obcensique
717 912 748 949 in
766 899 844 948 nocte
861 910 974 948 serene:

102 965 121 1018 i.
143 966 303 1020 eaccensi.
340 965 497 1020 Dicebatur
523 981 637 1035 quoque
662 968 789 1019 otmooeo
808 981 862 1036 pro
880 966 1020 1031 admoveo,
1049 963 1176 1018 obiacent
1193 979 1249 1036 pro

102 1038 237 1098 adiacent,
261 1038 391 1091 otinrore
416 1052 472 1108 pro
496 1037 643 1099 adinrare,
672 1044 701 1106 et
720 1035 871 1104 complura
887 1034 945 1089 hoe
963 1035 1085 1109 genus.“
1113 1036 1248 1103 Berootd.

101 1108 209 1160 Locum
228 1107 318 1160 Ennii
341 1127 367 1162 v.
387 1109 419 1160 in
438 1108 473 1173 ei.
493 1108 589 1162 Anall.
609 1108 682 1162 XIV.
701 1109 727 1162 3.
756 1104 798 1160 ed.
819 1107 900 1178 Lips.
921 1106 1027 1172 (1825.)
1045 1125 1073 1177 p.
1095 1109 1154 1162 153.
1175 1107 1247 1176 ibiq.

100 1185 198 1231 annot.
221 1181 330 1232 'Vocem
348 1178 429 1232 cuine
447 1179 558 1231 omittit
575 1196 649 1231 unus
669 1177 719 1231 Ox.
739 1175 814 1230 alius
831 1176 919 1231 habet
936 1179 1041 1246 quouis,
1061 1176 1137 1246 quod
1151 1184 1248 1231 ertum

101 1257 200 1302 estex
218 1248 378 1319 scriptione
397 1249 516 1319 antiqua
535 1266 623 1321 eaque
670 1249 750 1301 reba:
779 1248 886 1318 quoire.
924 1248 1025 1323 Pergit
1042 1265 1129 1300 uuus:
1158 1246 1249 1304 Quid

100 1319 129 1372 ei
145 1319 200 1372 cni.
224 1321 295 1392 Aug.
314 1319 399 1373 habet
417 1326 466 1372 net
484 1335 540 1389 pro
559 1323 610 1376 nit.
648 1266 729 1372 {inus
749 1317 799 1371 Ox.
819 1319 931 1371 omittit
955 1318 1046 1372 simut.

169 1389 263 1442 Simul
269 1388 379 1443 enimes
388 1399 420 1443 re
429 1407 495 1442 cum
505 1389 636 1455 concidit]
646 1390 741 1512 Vulpo
752 1405 812 1442 cnm
821 1402 864 1442 re.⁴
872 1388 990 1444 Codices
997 1406 1056 1443 rem
1062 1387 1198 1442 condidit.
1210 1389 1247 1443 D.

170 1461 256 1514 simut
272 1461 382 1513 enimus
401 1477 432 1513 re
450 1476 512 1512 cum
529 1458 662 1525 concidit]
705 1467 742 1526 ta
760 1461 865 1529 scripsi
883 1477 948 1512 cum
968 1459 1038 1513 Dav.
1056 1459 1089 1512 in
1107 1458 1197 1515 EM.
1218 1467 1249 1514 ct

99 1534 127 1596 3,
149 1549 321 1602 quamquam
340 1531 439 1584 nullus
457 1531 543 1600 plane
568 1532 610 1584 sic
636 1529 753 1584 exhibet
771 1531 840 1586 eod.
865 1528 920 1583 MS.
950 1529 1005 1583 Est
1032 1531 1110 1583 enim
1136 1547 1196 1583 cum
1217 1546 1249 1584 re

100 1602 222 1654 concidit
240 1603 271 1659 in
289 1601 407 1667 duobus,
426 1609 460 1652 ut
477 1601 604 1666 videtur,
624 1601 695 1654 Oxx.
713 1602 797 1655 vind.
818 1605 844 1656 l.
863 1602 888 1654 2.
918 1600 990 1654 Gud.
1010 1599 1100 1654 Rehd.
1126 1603 1200 1653 Mon.
1220 1602 1247 1656 2.

100 1670 173 1727 Edd.
192 1671 227 1723 E.
249 1671 279 1722 O.
300 1674 334 1722 V.
353 1674 389 1723 Μ.
409 1671 441 1723 L.
462 1680 491 1724 et
508 1673 627 1740 nostris,
647 1680 766 1742 excepta
784 1672 856 1724 Ven.
884 1671 926 1736 (in
943 1669 1000 1724 hoe
1022 1671 1099 1724 enirn
1125 1678 1182 1724 est:
1208 1669 1250 1723 ei-

100 1743 159 1794 mnt
171 1742 292 1808 petenda
309 1741 449 1794 medicine
466 1748 517 1806 eet,
536 1743 650 1795 omissis
669 1742 782 1796 mediis.
819 1740 875 1795 Sed
893 1759 958 1794 cum
977 1743 1008 1794 in
1028 1741 1146 1812 optimis
1164 1739 1249 1797 libris

102 1812 141 1868 sit
165 1811 249 1863 simet
271 1810 382 1863 enimus
405 1828 478 1864 rem
501 1811 610 1865 condi
617 1813 682 1876 dit,
707 1811 801 1865 veluti
825 1812 866 1866 R'c
889 1849 896 1863 .
922 1813 994 1866 Gud.
1019 1815 1044 1866 1.
1065 1816 1090 1866 2.
1125 1819 1251 1882 quatuor

100 1881 170 1934 Pall.
191 1880 303 1952 Gryph.
330 1881 403 1957 Aug.
423 1882 508 1935 Bern.
529 1881 636 1935 duobus
654 1883 753 1936 lreidd.
773 1884 848 1934 lllon.
867 1831 895 1937 ξ
915 1883 1014 1935 Duisb.
1036 1889 1159 1950 quatuor
1177 1881 1248 1937 011.

100 1961 130 2004 et
147 1952 200 2005 Ed.
221 1952 262 2016 P,
282 1951 399 2017 facilius
416 1953 516 2005 credas
536 1971 600 2006 eum
619 1968 750 2006 errorem
769 1961 867 2005 ortum
887 1969 947 2006 esse
967 1968 1003 2005 ex
1024 1953 1183 2020 scriptione
1209 1966 1250 2003 re

100 2037 173 2074 cnm
191 2021 351 2077 concidit.
370 2022 434 2076 Duo
453 2022 523 2078 Oxx.
542 2022 649 2077 habent
667 2025 755 2077 etiam
773 2039 833 2075 rem
850 2023 986 2085 condidit,
1006 2023 1109 2075 omisso
1129 2020 1247 2075 animus.

99 2111 173 2145 unus
191 2108 251 2144 rein
269 2091 372 2145 condit.
393 2092 461 2146 cod.
481 2095 567 2147 Rern.
586 2095 618 2146 in
636 2111 738 2169 margi,
766 2093 852 2149 Marb.
880 2093 952 2146 Edd.
971 2093 1001 2144 B.
1022 2089 1052 2144 S.
1082 2090 1193 2143 animno
1217 2104 1250 2144 re

100 2161 232 2227 concidit,
250 2170 284 2214 ut
301 2161 381 2217 dedit
398 2163 469 2217 Dav.
489 2165 521 2216 in
538 2163 590 2217 nd.
613 2170 637 2219 1.
657 2181 688 2217 re
710 2163 852 2218 rehensus
882 2179 915 2218 eo
934 2162 1054 2216 nomine
1072 2180 1087 2214 a
1104 2161 1248 2217 Bentleie.

99 2233 226 2288 Eandem
255 2232 411 2286 lectionem
435 2236 547 2303 reperit
574 2237 661 2288 etiam
685 2183 777 2288 iouh.
805 2235 837 2286 in
863 2252 913 2288 sua
934 2232 987 2286 Ed.
1014 2241 1082 2297 vet„
1109 2249 1191 2303 quae,
1215 2240 1250 2284 ut

101 2319 160 2356 non
179 2303 269 2358 semel
288 2305 396 2370 monui,
416 2306 479 2357 sine
496 2305 583 2357 dubio
601 2311 645 2360 eet
664 2305 771 2368 eadem,
792 2320 864 2374 quae
884 2303 988 2357 Orellii
1005 2302 1059 2356 Ed.
1074 2305 1103 2359 P.
1124 2332 1158 2341 —
1178 2301 1248 2357 cod.

97 2373 158 2426 Pal.
184 2381 279 2443 quart.
305 2373 392 2426 habet
421 2375 587 2428 recondidit.
630 2374 715 2429 Solus
741 2376 847 2427 Brutus
873 2374 996 2428 lectioni
1026 2374 1112 2428 simut
1136 2373 1250 2428 oniense

98 2460 159 2497 rem
176 2444 310 2506 condidit,
330 2459 414 2508 quam
433 2453 582 2516 repererat
600 2445 632 2497 in
641 2446 704 2508 Gr,
723 2462 783 2498 eam
797 2445 971 2498 sententiam
989 2446 1083 2499 inesse
1101 2445 1249 2499 existime-

86 2515 162 2637 M}
175 2523 209 2566 ut
226 2513 386 2638 signifipqt:
404 2517 524 2589 concepit
542 2515 639 2568 attins.
676 2515 746 2569 (tum
769 2515 902 2569 receti.
923 2530 1038 2583 speum
1055 2531 1089 2569 re
1109 2514 1249 2570 familiari

100 2591 129 2638 et
161 2593 284 2638 ortunrs.
353 2601 381 2637 r.
958 2612 970 2629 ι

98 2723 124 2776 Α
168 2654 301 2719 concidit,
320 2670 337 2707 o
355 2658 491 2722 graviter
509 2655 598 2739 trent
617 2659 685 2742 l’ost
703 2658 823 2712 concidit
840 2655 985 2710 adduntur
1002 2655 1034 2707 in
1045 2654 1131 2708 Godd·
1141 2656 1211 2709 Ven.
1219 2660 1246 2710 1.

99 2729 327 2863 sittim,
341 2725 427 2863 itit:
452 2725 1247 2867 tttd‘tttttttttttsttttt‘tttttttt

98 2865 164 2920 Asc.
181 2869 209 2920 t.
231 2866 275 2935 C,
293 2865 329 2918 ad
349 2867 425 2934 quod
443 2867 625 2921 Camerarius
644 2867 741 2934 „Hoc,
760 2869 811 2933 ait,
829 2869 861 2920 in
878 2868 997 2922 Venetis
1015 2867 1100 2920 libris
1118 2882 1178 2920 non
1196 2870 1247 2922 e'x·

99 2942 166 2998 stat,
185 2943 215 2987 et
232 2935 436 3003 antiquitatem
456 2945 534 2992 certe
552 2946 648 2992 tamen
666 2940 780 3008 resipit,
805 2947 838 2991 ut
864 2939 997 3008 equidem
1024 2936 1162 2992 inducero
1186 2953 1247 2991 nen

13 3042 19 3047 -
43 3076 47 3085 .
98 3005 224 3058 aueim.“
259 3007 323 3088 Ege
341 3021 422 3070 vero,
449 3009 473 3060 si
492 3006 642 3061 Ciceronis
666 3008 737 3063 haee
757 3017 833 3072 sunt,
855 3009 976 3064 ,aliunde
994 3007 1051 3061 hoe
1074 3011 1139 3061 loco
1157 3025 1191 3062 ee
1207 3008 1247 3060 il-

97 3075 158 3126 lata
177 3091 236 3126 esse
254 3075 397 3126 existimo.
419 3074 487 3129 Cod.
507 3077 581 3130 Gud.
600 3077 686 3132 habet
709 3079 851 3133 medicine
869 3085 913 3132 est
928 3079 1048 3147 petendo
1062 3076 1246 3147 piitosopiic.

98 3145 176 3196 Men.
195 3147 221 3198 2
240 3149 280 3196 eet
297 3146 443 3198 medicina.
479 3147 541 3199 Mr.
791 3152 804 3194 λ

170 3231 189 3267 e
206 3214 341 3280 monitm
357 3214 418 3268 titia
433 3217 556 3286 antiquie
576 3215 760 3286 philosoplis]
798 3218 991 3293 Pythagoram
1016 3219 1170 3304 intelligit,
1197 3215 1251 3272 So·

98 3291 209 3369 cratem
227 3293 312 3369 atque
331 3283 490 3369 lflqtenem,
509 3287 664 3358 dequibus
683 3287 799 3340 locutus
818 3289 1027 3359 estprincipio
1047 3287 1248 3360 capitisXVlla

98 3355 280 3420 Bouhmmnu,
300 3374 352 3425 qur
371 3374 403 3408 tn
420 3372 478 3409 uno
497 3357 566 3410 Cod.
585 3358 666 3413 Leid.
685 3358 843 3428 reperisset
861 3377 879 3413 o
896 3360 1124 3429 gravioribus,
1154 3358 1187 3412 id
1203 3364 1251 3415 're-

98 3435 217 3496 ceptum
235 3427 357 3495 volebat.
395 3426 600 3482 offendebatur
617 3432 740 3482 fortasse
758 3428 866 3482 duobus
885 3430 1037 3484 adiectivis
1055 3431 1098 3484 ita
1114 3431 1166 3482 uni
1184 3430 1251 3484 suo-

98 3497 225 3580 stantieo
250 3495 405 3619 appositis,
437 3504 471 3551 ut
493 3508 641 3570 exspectes
666 3499 862 3574 coniungendi
888 3500 1063 3571 partioulam
1081 3520 1112 3555 v.
1131 3517 1155 3552 c.
1175 3501 1250 3554 anti·

98 3583 232 3647 quicque
249 3585 285 3621 vc
310 3568 409 3652 ‘iisque
426 3571 566 3637 antiquie.-
585 3566 610 3624 si
627 3586 699 3624 vero
717 3572 899 3638 gravioribus
911 3571 1098 3638 scriberetur,
1114 3570 1250 3646 intelligi

97 3635 153 3691 hoc
171 3653 254 3707 pesse
271 3639 453 3697 existimabat
471 3642 552 3708 quasi
569 3643 609 3694 sit
624 3641 829 3711 perticipium:
848 3644 895 3708 qui
912 3644 1059 3708 grauiores
1081 3648 1154 3694 cent.
1192 3639 1250 3695 Sed
1281 3693 1285 3699 .

97 3722 157 3761 non
175 3715 219 3762 est
236 3710 437 3764 necessarium.
474 3710 597 3782 Antiqui
623 3709 793 3782 philesophi
818 3729 903 3764 unam
922 3712 1004 3783 quasi
1028 3713 1178 3766 notionem
1203 3710 1250 3765 ia·

84 3777 198 3856 ¹eiunt‚·
224 3779 340 3832 additur
363 3779 500 3848 irriderer,
517 3783 567 3835 cui
584 3783 684 3836 statim
703 3781 866 3852 oppositum
883 3781 1073 3857 adiungiturz
1103 3783 1154 3853 qui
1180 3789 1249 3835 suut

97 3864 208 3924 greces,
226 3866 281 3902 nec
297 3866 378 3917 vcro,
396 3859 430 3903 ut
447 3850 488 3917 hi,
507 3853 675 3924 voluptarii.
712 3853 774 3905 Me.
1349 3901 1351 3906 .

143 3919 232 3973 2Non
258 3920 293 3972 ot
315 3917 360 3974 tic
383 3921 563 3990 voluptariis]
598 3924 667 3979 lie.
696 3922 843 3978 Pithocan.
869 3923 979 3977 Eliens.
1011 3932 1090 3979 tert·
1112 3923 1184 3979 Med.
1207 3929 1248 3977 ‘et

96 3987 165 4113 Bpk.
183 3989 216 4113 εὖ
227 4005 282 4043 non
308 3990 342 4050 et
367 3988 412 4043 tic
437 3994 614 4060 ootoptoriic.
639 3941 820 4070 glegendum
837 3995 966 4071 videtur,
993 3998 1044 4050 ced
1068 4010 1124 4050 non
1150 3994 1186 4046 ot
1201 3984 1248 4046 iic

96 4077 151 4114 ee.
181 4106 184 4114 .
218 4098 224 4111 .

168 4147 222 4184 non
240 4131 274 4184 ot
293 4128 338 4184 lie
354 4130 528 4199 voluptariis]
553 4134 667 4187 Habent
683 4135 715 4188 ei
732 4152 787 4190 non
805 4135 879 4188 Gud.
902 4139 927 4191 1.
946 4139 971 4192 2
991 4134 1047 4188 duo
1067 4134 1137 4188 Oxx.
1157 4133 1245 4187 Marti

97 4209 127 4254 et
145 4201 189 4254 ed.
208 4209 266 4256 ret.
276 4200 367 4254 Βοιὼ.
387 4209 416 4255 et
434 4218 487 4256 non
506 4200 574 4258 (lod.
593 4205 669 4258 tlon.
687 4207 714 4258 Ἃ.
733 4206 791 4259 ced
808 4207 862 4259 non
879 4204 951 4280 Aug.
973 4214 1002 4260 et
1019 4223 1092 4259 unus
1106 4204 1157 4258 Ox.
1177 4203 1247 4269 Quis

97 4271 131 4324 in
154 4271 202 4325 his
225 4272 399 4329 lectionibus
422 4271 501 4326 aliud
523 4273 604 4344 quid,
629 4293 715 4345 quem
739 4276 883 4359 glossica
926 4274 1013 4341 occat,
1029 4291 1142 4345 'meque
1160 4272 1247 4345 plane

97 4358 337 4412 supervacaneae:
366 4345 397 4397 in
420 4344 579 4416 scriptione
605 4353 701 4399 eutem
724 4362 759 4401 ec
776 4349 831 4401 non
851 4363 888 4401 vc
926 4349 1082 4416 pessimam
1106 4344 1156 4396 vel
1181 4357 1247 4395 cer·

98 4416 235 4484 ruptam?
257 4415 474 4485 Volupteariic
490 4413 598 4472 habent
621 4415 748 4474 vind-l.
775 4425 805 4472 et
821 4435 897 4475 unus
914 4417 976 4484 01,
994 4416 1069 4472 alim
1087 4411 1245 4499 cqtnptotisi
