2842 5070
548 288 679 388 nrsee
698 287 759 366 111,
778 287 830 352 ss.
1211 287 1273 352 129

125 475 241 536 sopore
259 445 496 537 percipiuntur:
524 452 694 515 detraheris
722 469 785 523 ecs,
813 469 895 532 quoe
915 449 1029 513 audito
1049 456 1081 510 et
1110 449 1271 518 cantibus

125 538 296 605 nonime
317 557 372 598 eae
392 538 498 612 etism,
526 554 667 616 quaeest
686 532 801 612 formis
814 534 1043 612 percipiuntur
1063 530 1173 603 oculis,
1200 553 1271 594 soa-

126 641 181 684 ves
200 624 365 693 motiones,
392 621 459 681 sive
479 636 559 699 quae
580 617 664 679 aliae
684 616 866 695 voluptates
893 618 929 678 in
958 623 1026 676 toto
1055 611 1175 675 homine
1194 619 1273 695 gig-

124 712 246 766 nuntur
267 700 410 784 quotibet
429 719 534 763 senso.
576 700 647 762 Nec
667 716 740 759 vero
761 701 812 761 ito
832 699 898 761 dici
916 706 1036 776 potest,
1056 698 1169 759 nentis
1182 696 1275 760 taeti-

125 789 202 849 tiam
223 785 321 847 solam
342 802 408 845 esee
433 784 467 844 in
489 781 591 857 bonis.
641 777 829 842 Lactantem
855 782 934 842 enim
960 787 1089 841 mentem
1116 781 1274 855 iesconi,

123 887 182 949 sps
203 886 308 928 eorum
328 866 470 943 omnium,
501 882 583 945 quae
610 881 710 942 supra
737 863 818 939 disi,
851 861 925 941 fore
944 871 982 923 ut
1009 869 1128 923 natura
1155 863 1198 925 iis
1216 882 1275 968 pq·

126 1055 163 1108 In
176 1071 254 1125 seqq.
274 1052 426 1106 Nissenius
445 1051 572 1105 coniecit
590 1049 789 1119 scribendum:
810 1063 880 1118 quae
899 1047 998 1102 audita
1016 1049 1181 1116 enantibus,
1209 1067 1276 1102 cum
1343 1069 1347 1073 ¹

127 1125 167 1178 sit
192 1126 224 1176 in
250 1141 330 1194 seqq.
358 1138 436 1192 nesae,
460 1137 498 1174 es
521 1121 638 1188 formis
656 1119 852 1188 percipiuntur
878 1121 976 1172 oculis.
1009 1118 1095 1174 Tales
1115 1129 1276 1173 nascuntur

126 1187 320 1258 coniecturae,
340 1193 365 1246 si
384 1201 535 1259 externam.
551 1199 664 1244 tentum
683 1189 822 1243 orationis
835 1191 1095 1244 conformationem
1113 1191 1276 1261 respicient

124 1265 185 1319 viri
203 1263 310 1317 critici.
340 1263 384 1316 Ea
409 1264 498 1325 certe¹
513 1263 680 1316 coniectura
698 1260 811 1312 nihile
867 1259 930 1314 vidi
948 1261 1044 1315 minus
1062 1262 1274 1314 necessarium:

126 1335 188 1390 eius'
214 1341 310 1386 eutem
333 1326 489 1396 formulae}
523 1348 595 1411 ques
621 1330 744 1383 affertur
765 1327 800 1381 ad
838 1331 1069 1384 emonstrsndem
1093 1333 1276 1386 coniecturae

124 1405 152 1458 si
170 1406 229 1457 non
246 1404 458 1467 necessitatem,
477 1409 576 1457 tamen
592 1400 835 1522 probabilitateqr,
854 1401 941 1470 plens
959 1402 1017 1455 elia
1036 1410 1079 1455 est
1096 1402 1180 1454 ratio.
1202 1402 1277 1469 Quid
1351 1437 1355 1445 ·

125 1476 203 1528 enim
222 1474 339 1544 plenius
364 1473 422 1527 illa·
445 1473 595 1541 locutione
619 1470 703 1540 quasi
726 1489 780 1540 per
813 1489 829 1521 ν

124 1543 274 1599 cantibus?
310 1544 371 1596 Iam
389 1559 461 1597 vero
480 1559 566 1615 quam
590 1544 690 1610 inepta
709 1548 784 1594 esset
802 1539 927 1596 locutio:
948 1558 1016 1609 quae
1034 1540 1138 1608 fomis
1153 1543 1276 1610 percipi-

125 1621 215 1669 untur
234 1620 259 1666 et
278 1615 375 1679 oeulis,
394 1613 444 1667 vel
462 1615 578 1668 inverso
590 1611 707 1664 ordine:
728 1627 797 1678 quae
813 1612 1106 1681 ocutispercipiuntur
1119 1618 1146 1664 et
1160 1613 1277 1676 fomis!

124 1684 209 1739 Tune
227 1686 304 1737 feras
324 1683 506 1749 Ciceronem,
529 1682 658 1752 pedestri
681 1682 810 1735 oratione
837 1690 979 1749 utentem,
1003 1682 1068 1736 loco
1087 1679 1186 1751 aliquo
1205 1684 1290 1737 sori··

124 1756 254 1816 bentem‚
273 1754 406 1826 utVirg.‚
432 1753 537 1827 Georg.
564 1753 603 1804 ΙΙ.
616 1751 697 1806 ’192ε
720 1751 828 1818 pateris
847 1753 969 1805 libamus
988 1759 1014 1806 et
1033 1768 1103 1806 auro
1122 1754 1177 1805 a?
1197 1753 1278 1820 Quod

125 1823 223 1900 igitur
239 1824 269 1874 in
289 1823 380 1876 altera
399 1817 474 1894 ῥήσει
491 1821 687 1876 necessarium
709 1822 770 1873 tuit
787 1823 937 1891 scriptori,
957 1822 1034 1876 idem
1054 1831 1097 1888 tu,
1115 1831 1149 1875 ut
1166 1823 1198 1875 in
1216 1825 1279 1892 pri·
1338 1820 1341 1825 ⁴

125 1911 178 1948 ore
195 1893 288 1947 etism,
315 1893 405 1945 faciet
428 1909 494 1946 eum
521 1893 624 1968 coges?
646 1891 780 1952 Ceterum
800 1893 888 1945 verbs
905 1891 1052 1945 detrahens
1070 1908 1225 1962 casusque
1243 1893 1279 1946 ad

123 1962 254 2018 cantibus
273 1963 377 2015 desunt
394 1963 426 2014 in
444 1963 560 2015 unoOx.
581 1976 652 2030 quae
670 1966 735 2032 ante
754 1961 856 2015 auditu
873 1963 906 2014 in
918 1962 992 2016 Gud.
1012 1965 1038 2018 2.
1058 1962 1093 2013 ln
1112 1963 1181 2015 cod.
1201 1962 1277 2016 Gud.

125 2034 276 2088 omittitur
301 2034 334 2084 in
361 2049 440 2101 seqq.
470 2034 564 2097 etiam,
594 2031 678 2084 Vind.
700 2035 723 2084 1.
753 2049 818 2084 cum
836 2032 911 2108 Aug.
935 2031 1023 2086 habet
1040 2031 1127 2084 etiam
1145 2048 1202 2097 eas,
1221 2033 1278 2087 duo

125 2105 196 2159 Oxx.
216 2102 369 2170 tertiam.
388 2103 455 2154 Post
500 2101 676 2169 rccipiuntur
706 2101 775 2156 cod·
801 2103 876 2156 Mon.
898 2107 924 2159 2.
950 2104 1056 2156 inserit
1074 2111 1211 2171 quartum
1230 2104 1278 2156 de·

126 2172 249 2229 trahens.
275 2171 344 2226 (lod.
373 2170 462 2225 Rshd.
478 2121 569 2226 lebet
587 2171 777 2244 suavissimas.
798 2171 932 2244 scriptor
950 2174 1029 2226 enim
1048 2173 1130 2226 illius
1150 2172 1278 2239 Codicis,

125 2244 173 2298 sui
191 2260 312 2312 suaeque
335 2242 483 2296 doetrinae
506 2242 626 2313 plenus,x
648 2259 713 2294 sum
733 2243 878 2314 scriptum
896 2245 1055 2315 reperisset
1079 2243 1178 2314 prisco
1196 2260 1279 2299 more

125 2313 251 2379 suavis,
272 2320 304 2365 ut
322 2314 414 2366 estin
434 2313 502 2366 (lod.
523 2313 598 2368 Gud.
620 2313 811 2375 1.‚mutita1n
830 2330 892 2368 esse
909 2314 1031 2368 dimidia
1050 2315 1095 2366 sui
1112 2322 1196 2384 parte
1216 2331 1279 2367 eam

123 2399 227 2437 -vocem
238 2392 358 2452 putans„
373 2382 536 2436 liberaliter
555 2383 589 2436 de
601 2397 652 2434 suo
664 2380 786 2448 addidit,
804 2383 882 2454 quod
899 2385 982 2440 deese
1001 2385 1194 2438 existimabat.
1206 2382 1276 2437 oon.

94 2460 97 2467 '
125 2454 202 2509 Mon.
212 2455 240 2505 2.
260 2449 444 2505 Tertulliano
463 2453 533 2506 adeo
543 2453 713 2506 Ciceronem
731 2453 796 2505 beat
813 2454 952 2508 vocabulo
970 2454 1166 2507 motationes.
1189 2454 1280 2507 Volu-

123 2520 250 2646 Ptlrllm
269 2523 455 2645 effationem
471 2523 611 2606 >lonicem
630 2522 855 2599 intelligendam
874 2542 934 2579 esse
960 2533 1060 2608 monet
1078 2524 1222 2581 FAWolf.
1247 2525 1280 2577 in
1350 2554 1354 2566 ·

124 2611 157 2649 sc
179 2610 194 2646 ο
220 2613 241 2647 s.
314 2611 338 2648 r.
750 2611 751 2614 ¹
815 2626 818 2636 ,

197 2681 258 2734 sive
276 2697 345 2750 quae
364 2679 438 2733 oliae
458 2681 614 2750 voluptates
638 2685 669 2737 in
688 2688 745 2737 toto
763 2647 883 2749 liciniae]
907 2681 976 2736 oon.
997 2659 1089 2738 niet.
1109 2682 1279 2750 voluptates-

847 1472 895 1524 διὰ
919 1471 1000 1525 δυοῖν
1017 1471 1107 1525 dicte:
1135 1472 1232 1526 auditu
1250 1479 1278 1524 et
1339 1510 1342 1519 .

126 2768 201 2822 que.
221 2751 294 2805 Gud.
314 2751 346 2804 in
365 2757 419 2804 toto
437 2767 602 2821 corpores
628 2753 678 2806 ubi
695 2753 781 2806 habes
834 2769 926 2807 ossam
946 2754 1037 2806 eiecto
1056 2755 1208 2822 scriptoris
1228 2770 1280 2807 vo·
1353 2784 1355 2788 ·

127 2822 240 2876 cabulo.
269 2822 356 2874 Tanto
375 2837 429 2891 pro
449 2828 506 2875 toto
526 2825 619 2877 estin
636 2839 695 2876 nno
714 2824 765 2879 Ox.
819 2823 885 2876 dem
904 2824 1016 2877 omittit
1034 2824 1161 2890 quolibet.
1201 2823 1280 2878 Sori-

126 2893 210 2947 bitur
234 2892 354 2961 quolibet
379 2908 394 2943 e
418 2908 501 2945 sensu
530 2895 562 2945 in
590 2894 660 2947 cod.
686 2897 760 2948 Mon.
782 2898 806 2949 l.
830 2894 903 2948 Edi.
932 2895 959 2946 P.
979 2894 1014 2946 A.
1034 2893 1062 2948 S.
1082 2897 1116 2948 Ε.
1137 2895 1168 2949 0.
1188 2894 1221 2946 V.
1240 2897 1278 2948 Μ.

125 2965 159 3016 1..
188 2963 352 3030 nostrisque
377 2969 444 3014 ente
470 2961 561 3015 Gebh.
582 2964 726 3028 omnibus,
751 2973 871 3035 excepta
889 2965 975 3017 Leod.
994 2965 1039 3019 Ae
1055 2983 1082 3017 v.
1102 2964 1204 3019 mentis
1221 2966 1280 3018 lae·
1329 3017 1336 3036 ‚

128 3033 226 3084 titiam
252 3030 341 3083 solam
359 3045 420 3083 esee
438 3033 468 3084 in
486 3031 567 3084 bonis
584 3033 783 3088 additNissen.
804 3053 843 3090 sc.
863 3051 924 3086 cum
942 3035 983 3088 iis
1001 3036 1123 3100 fruitur:
1143 3037 1280 3089 coniicit·
1324 3049 1326 3060 ¹

128 3097 186 3170 qne
203 3099 358 3176 legendum
387 3117 447 3153 esse
474 3101 570 3153 solum.
613 3102 798 3157 Illud'bone:
817 3104 874 3157 hoc
892 3121 950 3156 non
968 3105 1055 3173 plene
1072 3107 1278 3161 necessarium.
1306 3160 1309 3166 ,

128 3173 198 3224 Post
214 3176 331 3222 mentem
345 3170 425 3223 deest
443 3170 486 3222 ita
504 3172 536 3222 in
555 3171 641 3224 codd.
663 3172 736 3226 Gud.
758 3176 783 3228 2.
803 3176 876 3227 Mon.
891 3178 917 3228 2.
939 3174 1026 3232 codd.
1045 3175 1120 3228 Gud.
1141 3183 1170 3228 et
1187 3175 1278 3228 Rehd.

126 3241 237 3364 hefent
262 3241 304 3292 ito
331 3246 412 3365 nqqo
437 3243 475 3294 in
499 3256 564 3308 spe.
589 3241 644 3307 lta,
663 3243 704 3295 sit
721 3243 773 3299 W.
794 3243 826 3296 in
844 3242 961 3309 scholis,
980 3251 1038 3297 ests
1063 3262 1095 3297 ea
1114 3245 1280 3299 conditione

126 3329 164 3366 ve
196 3313 319 3365 ratione.
389 3326 414 3362 r.
467 3328 469 3332 ·
961 3309 964 3319 '
1083 3316 1086 3319 ’

118 3439 131 3456 2
174 3403 364 3466 'spe'eorsm
387 3398 524 3471 omnium,'
545 3415 612 3466 qnae
629 3416 716 3468 supra
735 3399 805 3465 dixi,
833 3400 896 3464 sore
921 3384 952 3453 ist
971 3402 1040 3469 etc]
1065 3402 1085 3454 i.
1105 3419 1141 3466 e.,
1168 3403 1210 3455 ait
1226 3404 1281 3460 W.

129 3471 162 3521 in
181 3469 303 3522 scholis:
329 3481 377 3534 spe
404 3472 469 3523 ior'e
497 3477 530 3521 ut
548 3477 651 3522 natura
669 3472 784 3541 potiens
803 3471 840 3523 iis
859 3472 1001 3537 omnibus,
1022 3489 1094 3541 quae
1113 3490 1199 3543 supra
1218 3474 1281 3528 (lixi

129 3547 184 3593 etc.
212 3542 267 3593 Pro
294 3540 357 3604 fore
382 3540 457 3593 Gud.
480 3545 546 3593 l·.s.
569 3546 593 3595 1.
615 3559 653 3592 m.
672 3543 755 3605 forte.
784 3541 871 3594 Merb.
893 3543 1006 3594 omittit
1029 3544 1099 3606 fore.
1138 3542 1217 3609 Quod
1237 3563 1281 3599 se-

128 3610 233 3679 quitur-
250 3618 354 3663 notura
371 3611 411 3662 iis
434 3612 543 3678 potiens
560 3610 667 3664 habent
684 3629 853 3681 pauerssrm1
871 3611 952 3676 hbri,
973 3627 1146 3681 quamquam
1165 3616 1282 3669 verissi-
1313 3639 1323 3644 “

128 3682 281 3734 mnm'est.
309 3681 349 3733 Le
372 3683 433 3732 itur
459 3682 647 3734 naturalis
670 3685 780 3749 potiens
803 3685 833 3735 in
853 3682 940 3739 codd.
960 3681 1029 3758 Reg.
1050 3684 1138 3737 Merb.
1159 3683 1234 3736 Gud.
1254 3688 1281 3741 2.

128 3749 204 3802 Mon.
227 3755 252 3804 l.
272 3767 330 3802 uno
348 3698 414 3814 ὅπως
442 3751 570 3806 naturali
583 3756 677 3822 potius
695 3755 726 3805 in
745 3753 832 3807 Codtl.
852 3750 949 3818 vind„
976 3753 1049 3829 Aug.
1069 3753 1167 3806 Duisb.
1187 3755 1281 3809 tribus

130 3820 200 3874 ΟΠ.
221 3821 294 3875 End.
318 3820 351 3872 A.
373 3818 401 3874 S.
420 3821 454 3872 Ε.
475 3823 545 3875 Ven.
565 3832 657 3876 nostr.
678 3826 759 3876 Junt.
778 3823 843 3876 Asc.
864 3829 889 3879 l.
911 3832 939 3877 et
958 3841 1048 3900 marg.
1069 3824 1135 3877 Asc.
1155 3828 1180 3881 2.
1201 3835 1282 3881 notu-

130 3891 240 3943 rulibus
247 3897 348 3957 potens
361 3891 392 3942 in
402 3909 459 3944 uno
470 3893 512 3946 Ox
523 3922 534 3956 ,-
546 3895 685 3948 naturalis
694 3896 809 3963 potiens
818 3896 888 3948 item
899 3895 930 3947 in
938 3907 997 3946 nno
1007 3895 1069 3957 Ox„
1080 3902 1282 3964 notterapoties

129 3961 162 4013 in
172 3961 224 4014 Ed.
232 3962 274 4027 B.‚
285 3961 412 4014 naturali
430 3967 541 4028 potiens
564 3965 595 4018 in
610 3966 696 4018 Vind.
712 3968 736 4017 2.
746 3979 761 4030 3·
779 3966 823 4018 vel
835 3972 936 4018 notura
950 3968 995 4018 sel
1004 3967 1098 4034 potius
1108 3965 1193 4019 habet
1211 3969 1281 4021 Coi.

128 4034 205 4086 Mon.
216 4032 369 4101 2'Rsliqui
388 4031 458 4084 libri
474 4033 623 4087 nobiscum
641 4035 763 4100 faciunt,
779 4037 838 4089 nisi
855 4037 932 4107 quod
950 4037 1085 4089 nonnulli
1102 4036 1209 4089 habent
1222 4039 1277 4091 itis.

132 4105 239 4157 Veram
264 4103 498 4156 lectionemism
517 4105 873 4159 Beroaldusconiecttsra
891 4116 1042 4170 essecutus
1063 4115 1115 4161 est.
1142 4107 1177 4159 ln
1197 4126 1277 4178 seqq.

128 4173 203 4245 Aug.
228 4172 359 4243 iecpro
388 4171 587 4230 iaec-Mon.
607 4178 632 4229 2.
668 4175 1120 4244 Atqueequidemlisoerbis.
1158 4178 1212 4229 Est
1230 4180 1280 4231 iis

109 4241 226 4311 ⁸ostiis
258 4245 290 4296 in
322 4243 409 4300 Codtl.
434 4241 532 4296 Duisb.
562 4237 642 4310 (hiis)
665 4248 741 4316 Mon.
762 4251 785 4300 1.
808 4245 884 4310 Edi.
914 4245 940 4299 S.
969 4248 1132 4322 mergit
1156 4251 1237 4300 lll'on.n
1254 4255 1277 4303 l.

127 4317 210 4384 quis
227 4319 265 4366 stt.
284 4317 395 4371 Meni·
416 4323 445 4367 ot
460 4314 514 4369 Ed.
524 4316 553 4366 P.
573 4315 671 4384 quivis,
692 4316 797 4369 omisso
815 4323 861 4383 οἱς
879 4318 934 4370 duo
953 4319 1022 4371 Oxx.
1043 4321 1107 4388 quis
1125 4336 1184 4371 non.
1206 4321 1278 4371 Gud.

128 4387 155 4440 2.
165 4387 237 4459 quis,
247 4386 405 4449 omissoitt3
424 4385 480 4440 duo
491 4385 560 4438 Oxx.
571 4387 642 4439 nolit
650 4401 705 4457 pro
715 4388 807 4452 nooit;
828 4389 902 4444 Gud.
911 4391 937 4445 2.
947 4389 1037 4442 novit.-
1056 4397 1208 4458 repererat
1218 4391 1278 4443 for·

154 4514 234 4559 escere
250 4513 315 4558 rue.
331 4515 397 4571 seq»¹⁴
412 4516 447 4562 es.
462 4494 545 4561 noser.
568 4516 591 4560 r.
606 4517 641 4561 rs.
1012 4497 1033 4558 9
