2842 5070
206 314 266 380 1⁰8
384 378 387 386 ,
407 309 637 380 CICERONIS
658 307 907 375 TUSCULAN.
928 309 1158 376 DISPUTAT.

206 481 409 540 futurarum.
458 475 553 536 Nihil
585 484 635 537 est
656 478 755 554 enim,
787 475 876 558 quod
904 485 971 537 tam
992 474 1155 537 obtundat
1181 475 1356 557 elevetque

204 558 459 644 aegritudinem,
487 578 583 639 quam
605 569 768 639 perpetua
788 561 823 618 in
844 561 935 619 omni
964 560 1034 620 vita
1069 559 1241 641 cogitatio,
1270 559 1357 619 nihil

204 662 274 703 esse
297 640 385 722 qnod
407 661 473 702 non
496 637 647 702 accidere
673 642 793 722 possit3
824 661 919 720 qnam
949 639 1123 701 meditatio
1151 639 1356 702 conditionis

145 788 149 794 ,
204 725 385 804 humanae3
408 742 506 802 quam
517 725 606 785 vitae
617 723 681 798 lex,
703 724 1001 802 commentatioque
1016 719 1171 804 parendi:
1195 741 1356 803 qnaenon

204 909 340 975 Bentleii,
358 918 391 960 ut
410 909 522 978 opinor,
541 909 713 961 anctoritate
731 916 886 977 permotus,
905 906 974 958 Dav.
995 907 1026 957 in
1036 906 1088 958 Ed.
1105 909 1130 960 2.
1152 906 1242 958 edidit
1260 923 1357 973 repre-

164 1013 167 1019 *
207 976 310 1045 itendit,
338 980 420 1030 nulla
438 980 523 1049 plane
542 979 711 1030 necessitate
728 986 859 1050 urgente.
881 977 954 1030 Gud.
976 982 1000 1031 l.
1024 976 1109 1029 habet
1128 975 1355 1044 repraehendent.

206 1048 251 1100 Au
274 1093 280 1106 ,
301 1050 478 1118 reprendunt.
517 1051 582 1101 Mox
607 1049 683 1102 idem
707 1050 869 1113 suturarum
892 1063 993 1100 rerum.
1031 1049 1111 1100 ldem
1138 1064 1203 1099 cum
1226 1047 1300 1100 Gud.
1321 1059 1356 1111 ,et

207 1120 260 1174 duo
279 1139 312 1171 us
331 1121 400 1172 Oxx.
421 1119 531 1171 omittit
551 1117 630 1171 enim.
651 1119 724 1171 Gud.
744 1119 854 1170 omittit
872 1119 960 1169 etiam
987 1124 1053 1169 tam.
1090 1118 1151 1169 Mr.

277 1190 420 1256 obtundat]
456 1189 614 1256 „Hebetet,
634 1185 727 1240 in'trin
749 1198 786 1255 at,
806 1188 938 1241 debilitet
952 1197 980 1241 et
999 1188 1127 1240 obtusam
1145 1187 1243 1240 reddat
1262 1186 1356 1272 aegri-

206 1261 345 1333 tudinem.
382 1262 460 1314 Alias
478 1260 634 1312 obtundere
654 1269 696 1312 est
714 1207 832 1329 aliquid,
852 1268 885 1310 ut
903 1260 986 1312 docet
1003 1259 1137 1322 Donatus,
1160 1275 1241 1328 saepe
1260 1260 1354 1312 odiose

206 1341 351 1401 repetere:
379 1331 550 1384 translatum
567 1349 583 1381 a
600 1331 675 1381 fabri
693 1329 807 1382 malleo.
836 1330 952 1382 Terent.
972 1345 1067 1382 neme
1086 1330 1119 1381 de
1138 1325 1190 1381 hac
1208 1346 1240 1382 re
1259 1331 1355 1384 obtun-

205 1401 259 1454 dat
276 1401 389 1470 saepius
413 1400 546 1470 [Adelph.
566 1402 588 1453 Ι.
609 1403 635 1454 2.
655 1399 721 1465 33.].
760 1400 895 1453 Obtusurn
923 1401 1045 1452 dicimus
1070 1399 1232 1472 ingenium,
1257 1400 1354 1468 hebes,

206 1488 331 1524 crassum
350 1482 379 1525 et
397 1473 458 1524 sine
476 1471 616 1524 acumine.
655 1469 703 1522 Sic
722 1470 873 1545 aegritudo
892 1470 1009 1521 obtundi
1035 1469 1151 1534 dicitur,
1180 1471 1291 1541 qnando
1310 1490 1356 1524 re-

206 1550 268 1594 tusa
292 1543 496 1612 debilitataqne
524 1558 581 1593 non
613 1540 720 1593 fodicat
747 1558 840 1609 neque
866 1541 943 1592 vires
971 1541 1118 1614 pungendi
1145 1541 1244 1594 habet:
1282 1541 1355 1594 sicut

205 1615 318 1665 ferrum
336 1614 468 1666 obtusum
486 1611 605 1673 dicitur,
625 1612 702 1681 qnod
719 1619 919 1663 mucronatum
938 1627 996 1662 non
1015 1620 1057 1662 est
1075 1628 1168 1680 neque
1187 1619 1270 1663 acute
1288 1627 1355 1683 pere

206 1684 314 1736 forat.“
350 1684 485 1739 Beroald.

276 1754 436 1824 Elevetque
455 1750 672 1820 aegritudinem]
708 1754 815 1805 Forsan
833 1752 996 1819 allevetque,·
1020 1760 1053 1803 ut
1076 1767 1237 1804 aerumnam
1264 1751 1353 1806 dictis

206 1823 331 1875 allevans
356 1826 433 1877 infra
456 1842 517 1894 cap.
543 1828 586 1879 29.
623 1824 763 1885 Lucceius
790 1824 863 1892 apud
887 1831 1019 1875 nostrum
1047 1819 1126 1874 Fam.
1152 1823 1186 1888 V,
1212 1826 1253 1876 lt.
1291 1822 1356 1876 Non

206 1893 351 1962 intelleges
370 1894 513 1963 duplicari
539 1894 753 1960 sollicitudines,
784 1908 853 1963 quus
878 1894 990 1946 elevare
1014 1899 1109 1945 tuate
1129 1893 1286 1960 prudentia
1303 1909 1356 1960 po-

205 1960 301 2017 etutat
338 1967 415 2040 bego
443 1967 573 2031 allevare,
602 1964 842 2034 quemadmodum
872 1965 935 2017 fere
962 1963 1029 2015 dant
1056 1964 1111 2015 dun
1135 1963 1214 2019 Mssti
1241 1963 1356 2016 Guliel-

205 2035 304 2088 miani.
342 2035 468 2089 Absurde
493 2053 562 2088 vero
588 2034 701 2087 Balliol.
730 2042 758 2087 et
776 2035 885 2086 Eliens.
915 2051 969 2088 sec.
990 2041 1167 2104 enervatque.-
1193 2050 1259 2084 nam
1277 2035 1355 2086 nulli

205 2115 271 2157 sunt
290 2103 479 2180 aegritudinis
498 2106 589 2158 nervi.
618 2106 728 2159 Eliens.
747 2113 815 2157 tert.
837 2114 865 2156 et
883 2107 1008 2156 Petrens.
1029 2105 1159 2172 levetque,
1187 2111 1216 2156 et
1234 2103 1276 2156 ita
1293 2123 1356 2174 pas-

123 2170 125 2177 *
206 2175 260 2238 sim
279 2185 384 2229 noster.
422 2177 494 2228 Vide
513 2176 595 2237 modo
615 2178 759 2247 capp..18‚
779 2177 823 2230 25.
844 2183 873 2237 et
890 2176 969 2227 Fam.
988 2177 1029 2241 V,
1043 2180 1084 2231 16.
1124 2175 1158 2227 D.

276 2248 411 2314 elevetque
429 2246 649 2314 aegritudinem]
687 2247 779 2310 „Non
798 2253 868 2310 erat,
888 2246 963 2315 quod
981 2245 1139 2298 coniiceret
1153 2244 1222 2296 Dav.
1243 2245 1356 2301 allevet-

205 2331 263 2384 que,
283 2318 366 2400 quod·
377 2317 519 2369 minorem
539 2316 625 2369 etiam
642 2318 703 2368 vim
720 2316 815 2382 habet,
835 2334 920 2384 quam
933 2316 1049 2368 elevet.“
1067 2313 1155 2369 Bout.
1175 2352 1194 2380 „
1204 2315 1279 2368 MSS.
1300 2317 1355 2369 duo

164 2411 169 2421 s
205 2376 1355 2527 titttttttlt‘ttt.itt..lis.{³.tlfs.ttm.t⁶ttt.t0‘..tlt”t{...{ttttff

203 2525 239 2578 'ih
256 2526 308 2601 Ed.
324 2528 360 2580 ΙΙ.
379 2528 485 2581 habere
503 2529 591 2598 [quod
606 2528 685 2581 dedit
698 2527 783 2595 Erm]
803 2528 942 2595 levetque.-
969 2508 1145 2597 quamquam*
1165 2526 1196 2578 in
1218 2528 1355 2582 lemmate

205 2599 397 2658 annotationis
407 2599 512 2651 ibidem
524 2599 640 2668 scripsit
649 2600 791 2664 elevetque.
811 2599 873 2650 Duo
883 2599 952 2650 Oxx.
962 2598 1067 2651 habent
1083 2600 1215 2667 levetque,
1227 2600 1354 2668 itemque

206 2669 311 2734 ltlarb.,
329 2669 384 2722 duo
403 2672 471 2722 Oxx.
493 2669 618 2723 etRehd.
639 2675 809 2738 enervetque,
829 2677 858 2720 et
876 2669 916 2720 ita
934 2668 1002 2720 Dav.
1024 2670 1055 2719 in
1072 2670 1162 2723 ΕΜ.
1182 2669 1265 2726 Verb.
1279 2669 1354 2721 Lall.

206 2738 280 2791 oliv.
309 2741 344 2810 In
363 2739 435 2792 Gud.
456 2743 481 2794 2.
502 2749 544 2792 est
562 2739 725 2806 alienetque,
744 2741 776 2791 in
793 2738 866 2822 Aug.
892 2747 925 2789 ut
949 2739 981 2789 in
1000 2739 1096 2791 Guelf.
1117 2757 1202 2808 quem
1229 2741 1273 2803 ins
1288 2740 1355 2792 'exit

205 2808 276 2862 Ern.
296 2811 370 2861 Mon.
379 2813 404 2864 2.
423 2809 509 2862 habet
526 2813 690 2880 relevetque
708 2809 906 2877 aegritudine.
926 2809 978 2864 Ed.
993 2812 1021 2861 P.
1038 2811 1149 2863 omittit
1166 2825 1256 2877 quum.
1304 2828 1355 2862 nus

132 2895 134 2900 ’
207 2879 256 2932 Ox.
275 2879 361 2932 habet
376 2877 527 2948 ¹perpetuo.
564 2881 644 2933 Idem
662 2898 729 2931 cum
747 2881 835 2933 Rehd.
857 2881 887 2929 in
906 2897 984 2948 seqq.
1006 2880 1117 2932 omittit
1135 2878 1198 2934 nonss
1234 2882 1268 2932 ln
1285 2881 1353 2934 ooo.

204 2951 280 3001 ltlon.
300 2952 325 3003 2.
351 2957 394 3002 est
418 2950 494 3003 nihil
518 2957 570 3002 est
590 2952 749 3012 quodiam
767 2950 879 3002 abscidi
899 2947 988 3015 [sict]
1010 2953 1109 3018 poscit.
1148 2952 1182 3003 ln
1200 2952 1274 3018 Edd.
1293 2953 1355 3004 fere

207 3019 338 3072 omnibus
355 3021 467 3095 legitur
485 3021 613 3074 accidere
632 3022 803 3089 non'poesit,
823 3020 923 3073 ordine
942 3021 1033 3095 magis
1058 3031 1205 3074 consueto:
1234 3022 1355 3075 sednon

206 3090 447 3160 acciderepotest
465 3092 665 3162 recipiendum
683 3092 835 3145 videbatur
854 3109 921 3143 cum
939 3090 1007 3142 Dav.
1026 3109 1065 3144 ex
1084 3091 1168 3144 Codd.
1188 3094 1258 3168 Reg.
1279 3093 1353 3146 Gnd.

207 3166 231 3216 l.
251 3164 275 3216 2.
301 3162 374 3236 Aug.
402 3163 484 3215 Vind.
506 3168 530 3218 l.
550 3166 575 3217 2.
604 3162 690 3215 ltlarb.
716 3165 789 3214 ltlon.
816 3167 840 3217 l.
876 3161 1013 3230 Idemque
1044 3161 1105 3215 sine
1138 3163 1223 3216 dubio
1249 3163 1355 3216 habent

207 3232 294 3285 etiam
319 3230 479 3304 cornplures
502 3234 568 3300 alii,
602 3233 772 3302 praesertim
796 3234 864 3287 oxa.
902 3231 958 3284 Sed
983 3232 1175 3306 neglexerunt
1200 3234 1355 3287 verborum

206 3305 338 3360 ordinem
356 3305 378 3356 ii
396 3305 536 3369 homines,
568 3305 669 3373 quibus
688 3304 807 3356 illorum
825 3301 909 3355 Codd.
936 3303 1175 3356 conferendorum
1199 3321 1269 3358 cura
1294 3312 1355 3357 erat

206 3376 344 3426 mandata.
372 3378 437 3427 Mox
454 3375 551 3426 Duisb.
573 3374 743 3445 conditionis
760 3373 895 3426 humanae
913 3371 1065 3430 meditatio.
1094 3374 1160 3427 (lod.
1180 3374 1252 3450 Aug.
1273 3390 1355 3445 quam

208 3458 280 3512 quae
296 3445 369 3495 vitae
388 3445 442 3496 ter.
488 3446 548 3497 Mc.
570 3442 581 3452 ’

276 3514 520 3584 commentatioque
536 3515 678 3582 parendi]
705 3513 772 3567 (lod.
797 3514 884 3566 Marb.
911 3519 1181 3584 commentumque
1202 3533 1231 3583 p.
1274 3517 1355 3570 Unus

208 3580 257 3637 Ox.
278 3593 503 3639 commentum
520 3585 658 3653 parendi:
679 3586 752 3636 alius
771 3583 996 3636 conditionis
1014 3586 1206 3639 commentatio
1218 3603 1247 3653 p.
1274 3586 1355 3640 Unus

159 3654 162 3660 ’
206 3655 255 3709 Ox.
275 3656 521 3724 commentatioque
536 3654 719 3724 patiendi.
756 3656 860 3707 Nostra
878 3654 964 3707 verba
990 3666 1069 3709 recte
1097 3657 1224 3726 explicat
1242 3657 1353 3710 Kiihn.:

205 3727 342 3799 cogitatio
369 3728 503 3779 instituta
530 3730 564 3779 de
589 3727 756 3778 necessitate
779 3727 855 3777 vitae
881 3725 928 3776 vel
947 3733 1065 3780 naturae
1091 3728 1153 3802 legi
1171 3728 1299 3797 parendi.
1322 3755 1355 3765 -

205 3799 267 3848 Nec
285 3814 353 3849 vero
371 3798 553 3872 negligenda,
573 3814 744 3867 quarnquam
763 3812 821 3847 non
838 3797 1013 3864 recipienda,
1038 3799 1095 3849 fuit
1113 3799 1202 3851 lectio
1221 3814 1355 3852 commen-

205 3865 331 3935 tatioque
347 3868 537 3935 pereundi=
562 3876 595 3918 ut
617 3868 720 3941 legisse
746 3867 864 3919 videtur
884 3867 1047 3933 Beroaldus,
1072 3870 1152 3921 cuius
1171 3869 1242 3922 haec
1261 3876 1302 3922 est
1321 3869 1355 3922 ad

118 3958 120 3961 ’
204 3937 291 3989 verba
308 3939 457 3991 meditatio
475 3936 644 3992 conditionis
662 3937 822 3989 annotatio:
842 3938 977 4007 „Repete
997 3939 1082 3991 illud:
1112 3938 1189 3990 nihil
1209 3948 1260 4006 est,
1281 3940 1355 4009 quod

204 4015 262 4059 tam
288 4010 426 4067 obtundat
451 4008 672 4084 aegritudinem,
705 4024 790 4076 quam
821 4007 970 4060 meditatio
999 4009 1170 4062 conditionis
1196 4009 1353 4077 hmnanae3

204 4078 280 4130 nihil
298 4080 340 4131 ita
358 4079 490 4133 obtundit
509 4078 728 4152 aegritudinem,
748 4095 832 4146 quam
851 4079 928 4130 vitae
945 4078 1010 4130 lex:
1040 4097 1111 4149 quae
1131 4089 1173 4133 est
1191 4081 1251 4152 ipsa
1269 4083 1354 4146 ratio,

134 4204 136 4211 ,
186 4149 235 4208 ,ἰὰ
253 4159 295 4202 est
315 4151 390 4224 iugis
408 4149 546 4233 cogitatio
564 4148 708 4216 pereundi,
735 4149 792 4213 vel,
816 4157 849 4199 ut
868 4147 919 4200 alii
944 4149 1060 4203 Codices
1085 4150 1199 4217 habent,
1222 4151 1353 4220 parendi,

204 4220 318 4273 scilicet
342 4220 504 4273 necessitati
531 4219 789 4272 intervenientium
814 4219 1051 4272 infortuniorum.
1089 4223 1172 4286 Nam,
1200 4231 1234 4274 ut
1256 4223 1355 4292 inquit

204 4291 266 4357 ille,
294 4290 416 4343 Durumt
453 4290 503 4343 ced
533 4288 619 4342 levius
644 4291 676 4355 fit
699 4289 839 4356 patientia
867 4289 1007 4358 Quicquid
1030 4290 1177 4358 corrigere
1204 4299 1246 4346 est
1273 4294 1354 4359 nefas

205 4361 314 4427 [Horat.
342 4361 390 4413 0d.
410 4361 432 4412 Ι.
461 4363 504 4414 25.
532 4363 565 4414 19
584 4359 647 4428 sq]
686 4361 737 4413 Ait
763 4361 926 4414 Cleanthes:
955 4360 1064 4427 Ducor,
1081 4379 1198 4430 parens
1227 4365 1353 4433 celsique

205 4432 362 4486 dominator
383 4427 453 4500 poli,
479 4431 641 4501 Quocunque
667 4431 789 4499 placuitr
817 4433 895 4485 nulla
911 4433 1031 4499 parendi
1053 4449 1132 4486 mora
1150 4441 1206 4488 est:
1243 4434 1353 4489 Adsum
