2842 5070
356 268 374 360 ζ
469 293 829 376 ,00000100
1059 285 1272 361 &aar

122 485 201 536 rens
227 430 334 528 lilium
365 460 592 528 consularem:
620 461 726 605 Qualis
750 459 791 524 1..
814 457 970 537 Paullus,
997 455 1128 522 dnobus
1159 432 1274 545 paucis

122 547 377 612 diebusamissis
391 545 486 607 filiis:
506 545 613 626 qualis
679 542 772 620 Cato,
785 551 943 625 praetore
957 537 1128 626 designato
1137 553 1272 606 mortuo

121 632 210 696 lilio:
233 630 348 712 quales
369 628 500 708 reliqui,
523 645 603 708 quos
626 626 661 686 in
683 623 920 688 Consolatione
941 623 1146 707 collegimus.
1186 624 1275 706 Quid
1290 633 1334 696 tl.

122 712 184 775 hos
204 711 296 774 aliud
316 711 472 791 placarit,
501 710 573 787 nisi
588 705 677 790 qnod
698 708 823 768 luctum
854 717 888 768 et
906 725 1096 768 maerorem
1116 726 1187 770 esse
1208 726 1276 769 non

122 795 286 876 putabant
304 789 392 855 viril
412 784 501 875 Ergo
523 787 568 867 id,
592 788 681 872 quod
700 789 760 850 alii
781 797 910 850 rectum
933 790 1108 869 opinantes
1128 791 1275 874 aegritu·
1317 843 1321 854 .

122 877 196 937 dini
217 895 253 938 se
273 875 380 937 solent
399 871 532 951 dedere,
556 870 593 933 id
609 873 645 932 hi
658 879 757 952 turpe
778 879 934 952 putantes
956 868 1202 956 aegritudinem
1223 891 1275 934 re-

196 1061 286 1132 pualis
302 1057 360 1127 suit
379 1060 429 1117 Qu.
448 1056 594 1114 Maximus
617 1056 668 1125 -]
705 1057 772 1111 cod.
798 1056 872 1110 Gud.
892 1060 916 1111 l.
945 1054 1001 1121 fuit
1029 1069 1274 1127 quaemacumus:

123 1131 173 1185 sed
195 1147 219 1184 ea
240 1131 356 1201 punctis
375 1138 514 1184 notatum.
534 1129 609 1183 Gnd.
629 1130 655 1184 2.
676 1128 787 1181 omittit
804 1128 987 1184 cumularem.
1008 1154 1038 1165 -
1060 1129 1169 1182 Moml.
1188 1128 1275 1184 habet

124 1202 250 1268 afferam.
288 1200 432 1267 Effereudi
457 1201 545 1264 verbo
570 1200 605 1252 de
633 1199 780 1269 sepultura
810 1198 854 1261 (ut
879 1198 984 1251 Graeci
1011 1197 1112 1250 dicunt
1137 1195 1274 1270 ἐκφέρειν)

122 1288 181 1324 non
198 1270 287 1325 semel
303 1290 370 1324 usus
389 1280 430 1325 est
449 1272 559 1326 Cicero.
580 1270 662 1323 Conf.
680 1268 868 1323 Kircbrnann.
888 1269 923 1321 de
946 1269 1082 1322 Funerib.
1102 1271 1213 1323 Romm.
1233 1271 1272 1325 11.

121 1347 148 1398 1.
168 1361 197 1413 p.
217 1346 251 1398 ⁷5
270 1361 311 1412 sq.
332 1374 366 1386 -
403 1343 444 1394 De
463 1344 495 1394 1..
514 1341 613 1394 Paullo
631 1340 702 1394 baec
718 1339 886 1393 Beroaldus:
915 1339 1052 1393 Scribunt
1069 1341 1199 1394 Valerius
1217 1343 1294 1395 Ma·'

121 1413 226 1480 ximus,
246 1413 361 1478 Seneca,
380 1413 559 1479 Plutarchus,
578 1411 702 1465 Aemilio
715 1412 813 1464 Paullo
832 1417 956 1480 quatuor
970 1411 1060 1464 *fuisse
1077 1411 1154 1465 filios
1171 1428 1274 1480 mares,

123 1502 159 1536 ex
195 1485 297 1555 quibus
324 1483 392 1536 duos
421 1483 486 1538 iure
508 1483 669 1554 adoptionis
700 1482 732 1534 in
759 1481 924 1535 Corneliam
954 1480 1128 1550 Fabiamque
1156 1490 1275 1559 gentem
1296 1500 1298 1504 ·

122 1555 288 1609 transtulit:
318 1556 397 1620 duos,
423 1571 493 1624 quos
512 1555 566 1606 sibi
584 1562 758 1618 servaverat,
779 1551 899 1605 extulit:
922 1567 1047 1621 quorum
1073 1553 1149 1607 alter
1171 1554 1275 1624 quinto

122 1635 189 1679 ante
206 1625 388 1696 triumphurn
408 1628 562 1695 paternum
580 1624 636 1690 die,
660 1625 734 1684 alter
756 1623 845 1687 tertio
862 1631 928 1745 post
950 1621 1134 1700 triumphum
1154 1624 1201 1677 die
1227 1643 1275 1678 ex-

123 1698 279 1767 spirarunt.
316 1696 487 1764 ltaque*qui
505 1695 541 1747 ad
558 1694 700 1748 donandos
724 1712 814 1764 nsque
839 1693 863 1744 li
883 1692 1172 1760 erostabundaverat,
1198 1695 1222 1746 is
1235 1695 1276 1749 'ad

124 1766 278 1819 orbitatem
295 1774 414 1837 repente
433 1766 566 1818 redactus
584 1774 635 1817 est.
673 1765 762 1831 Quem
781 1771 885 1823 ,casum
908 1764 1009 1817 robore
1032 1763 1123 1818 animi
1148 1765 1277 1818 incredi-

122 1835 178 1889 bili
196 1837 344 1889 sustinuit:
364 1835 394 1887 in
415 1843 537 1900 tantum,
557 1843 589 1887 ut
606 1836 746 1905 populum
765 1834 826 1905 ipse
844 1833 879 1886 ob
897 1834 928 1886 id
945 1834 1184 1910 ingemiscentem
1207 1853 1277 1890 con-

123 1908 328 1977 dolentemque
352 1907 451 1980 magis·
472 1906 677 1975 consolaretur,
704 1922 790 1975 quam
806 1903 868 1973 ipse
886 1905 964 1957 foret
986 1905 1181 1959 consolandus.
1220 1905 1275 1972 Qui

103 1979 156 2030 'in
176 1979 314 2042 oratione,
333 1995 418 2047 quam
437 1976 511 2047 apud
520 1976 670 2047 ¹populum
687 1974 797 2039 habuit,
817 1974 858 2026 sie
876 1975 989 2044 locutus
1007 1975 1118 2028 fertur:
1157 1977 1225 2029 Cum
1243 1976 1276 2034 iu

122 2052 247 2103 maximo
261 2054 395 2118 prouectu
418 2048 569 2113 felicitatis
587 2053 707 2119 nostrae,
740 2044 874 2110 Quirites,
902 2047 1036 2111 timerem,
1060 2063 1095 2099 ne
1113 2047 1183 2115 quid
1204 2045 1277 2100 nauti

122 2120 235 2186 fortuna
259 2119 413 2184 moliretur,
442 2116 538 2172 ,lovem
562 2115 704 2187 Optimum
726 2116 899 2179 Maximum,
927 2113 1115 2186 Iunonemque
1136 2117 1276 2185 Reginam

124 2197 151 2244 et
170 2191 329 2244 Mineruam
345 2195 477 2257 precatus
493 2204 563 2253 sum,
585 2194 625 2252 ut,
652 2185 764 2258 siquid
782 2186 1011 2254 adversipopulo
1029 2187 1154 2242 Romano
1181 2185 1277 2239 immi-

122 2268 209 2326 neret,
236 2267 321 2313 totum
347 2259 379 2313 ia
396 2274 486 2312 meam
511 2256 623 2312 donrula
647 2263 865 2311 conuerteretur:
903 2263 1073 2326 quapropter
1098 2259 1162 2311 beas
1179 2256 1273 2312 labet.
1312 2258 1314 2263 ’

123 2332 269 2385 annuendo
287 2329 360 2382 enim
378 2331 452 2382 votis
470 2328 589 2390 meisid
607 2335 731 2396 egerunt,
755 2333 786 2380 ut
803 2342 852 2379 sos
875 2329 968 2394 potius
991 2344 1083 2381 meum
1104 2334 1201 2381 casum
1224 2329 1276 2382 do·

123 2402 216 2467 lentie,
235 2415 320 2471 quom
338 2416 391 2468 ego
409 2406 530 2452 vestrum
548 2397 766 2466 ingemiscerem.
802 2398 854 2449 Est
872 2397 952 2450 locus
970 2399 1081 2451 Valerii
1105 2399 1222 2452 Maximi
1238 2400 1273 2457 V.

126 2475 169 2526 10.
193 2475 221 2527 l.
258 2468 382 2524 Senecae
409 2469 442 2520 in
469 2468 581 2521 Consul.
608 2468 642 2520 ad
665 2469 753 2520 Marc.
782 2483 806 2518 e.
828 2469 869 2522 13.
906 2467 1051 2520 Plutarch.
1079 2467 1158 2525 Aem.
1182 2469 1273 2523 Paull.

124 2557 152 2592 c.
171 2543 216 2597 36.
237 2567 270 2578 -
289 2540 326 2592 ln
344 2538 410 2592 Cod.
430 2538 514 2591 Viud.
536 2542 560 2593 l.
580 2537 731 2594 scribitur:
760 2533 793 2588 L.
812 2535 927 2590 Paullus
951 2537 1144 2605 Aemilius,
1171 2541 1276 2595 duobus

124 2611 196 2677 filiis
210 2609 308 2679 paucis
327 2608 424 2663 diebus
440 2611 563 2663 amissis.
581 2610 646 2663 Post
663 2605 779 2662 amissis
786 2625 859 2660 unus
868 2609 919 2662 Ox.
934 2609 1046 2662 omittit
1062 2608 1142 2677 filiis,
1161 2610 1234 2663 Gua
1245 2613 1273 2667 2.
1304 2661 1309 2666 .

122 2682 208 2736 habet
225 2683 309 2746 filius.
347 2681 407 2733 Mr.
1064 2681 1071 2695 '

193 2749 460 2823 qualismata]
497 2751 559 2815 „st
586 2749 654 2803 Cato
673 2748 748 2820 apud
765 2747 934 2802 Ciceronem
953 2749 987 2802 de
1006 2748 1112 2803 Catone
1136 2748 1194 2802 boc
1211 2749 1274 2805 filio

123 2822 258 2876 defuncto
277 2822 332 2875 sie:
351 2820 519 2886 Proficiscar
537 2821 576 2872 ad
594 2820 728 2874 Catonem
745 2824 844 2885 meum,
869 2821 927 2890 quo'
939 2836 1017 2873 nemo
1043 2819 1143 2873 melior
1161 2819 1208 2874 vir
1225 2837 1275 2874 na·

123 2898 236 2957 tuaest,
258 2909 335 2945 uento
357 2893 460 2959 pietate
487 2890 687 2958 praestantior,
718 2887 795 2942 cuius
817 2904 836 2941 a
860 2908 902 2943 me
924 2906 1024 2958 eorpus
1050 2897 1199 2946 crematum
1222 2897 1275 2959 est,

123 2965 198 3032 quod
217 2969 313 3015 contra
334 2962 424 3015 decuit
442 2961 476 3013 ab
495 2960 546 3013 illo
565 2973 667 3012 meum-¹
686 2968 803 3013 etmox:
824 2961 908 3015 Quem
926 2977 979 3030 ego
994 2978 1084 3018 meum
1102 2977 1197 3014 casum
1213 2963 1275 3027 far·

122 3036 191 3087 titer
208 3030 379 3097 ferre-risus
395 3046 465 3095 aum,
483 3046 537 3082 uon
556 3030 627 3099 quod
640 3028 729 3098 'aequo
747 3033 840 3085 anime
857 3033 971 3097 ferrem,
997 3031 1047 3085 s'eal
1064 3048 1106 3085 me
1130 3032 1191 3100 ipse
1209 3049 1274 3086 eors-

123 3103 240 3155 solubar
265 3100 428 3154 existimaus
451 3116 504 3153 nou
528 3099 707 3168 longinquum
734 3099 809 3152 iuter
826 3117 876 3153 nos
894 3101 1045 3155 discessum
1071 3109 1097 3154 et
1115 3102 1276 3168 digressum

123 3172 217 3238 fore.“
235 3170 367 3224 Beroald.
387 3173 478 3222 Locus
497 3177 539 3221 est
558 3170 618 3222 Cat.
638 3168 703 3234 mai.
723 3171 766 3234 2³,
786 3172 829 3224 8⁵.
851 3197 884 3207 -
903 3170 1048 3224 Scribitur
1065 3173 1096 3222 iu
1115 3171 1181 3224 Cod.
1199 3170 1273 3246 Aug.

122 3242 185 3309 filio'
202 3248 326 3306 mortuo:
352 3240 426 3293 Gud.
447 3246 472 3295 l.
493 3248 522 3292 et
538 3256 612 3292 unus
631 3238 681 3291 Ox.
703 3238 963 3304 Gomolatiouem:
979 3241 1052 3294 alius
1071 3240 1121 3293 Ox.
1143 3241 1275 3295 000001οε

123 3313 183 3378 tio:
202 3313 274 3365 alius
293 3312 360 3363 :uox
378 3310 446 3381 quid
463 3308 534 3363 lis:
564 3309 640 3361 idem
659 3327 726 3362 cum
744 3309 802 3362 alio
820 3318 850 3362 et
868 3311 941 3384 Aug.
960 3309 1046 3363 habet
1061 3310 1178 3379 placuit.
1205 3312 1272 3373 (lod.
1362 3366 1365 3373 .

121 3384 207 3437 vind.
227 3386 252 3438 1.
279 3381 329 3435 bas
348 3381 493 3449 placabit
515 3379 618 3435 illud.
655 3381 830 3451 Expressum
856 3389 898 3435 est
919 3380 1061 3450 placabit
1087 3380 1119 3432 in
1142 3381 1202 3437 sola
1218 3382 1274 3441 Ed.

121 3453 181 3506 Alt.
202 3458 361 3524 operarum,
380 3459 413 3503 ut
432 3452 545 3523 opinor,
566 3467 674 3504 errore.
710 3452 746 3504 In
764 3451 824 3505 solo
843 3451 914 3505 item
931 3452 999 3513 (lod.
1018 3451 1092 3528 Aug.
1118 3444 1161 3506 est
1186 3451 1275 3511 selim

123 3527 232 3595 quimus
248 3540 303 3594 pro
322 3522 493 3592 collegimus.
530 3521 590 3575 Mr.
678 3562 685 3589 ,

193 3613 352 3667 Moerorsm
370 3629 428 3666 esse
447 3627 503 3664 reon
517 3611 656 3680 pusulam
673 3592 743 3676 aira]
778 3579 908 3663 Secunda
924 3625 983 3663 vox
999 3608 1031 3662 in
1041 3609 1166 3685 vulgatis
1184 3610 1272 3673 deest.

122 3682 194 3765 Eam
212 3681 431 3752 suppeditarunt
453 3683 523 3755 lieg.
549 3681 699 3736 Pithoean.
722 3678 832 3734 Elisus.
856 3688 925 3733 tert.
949 3682 1077 3734 Petrens.
1105 3689 1135 3735 et
1159 3688 1274 3734 veteres

122 3751 328 3874 edrnpaeglpm
342 3822 479 3890 putulaut
496 3820 568 3889 virs]
606 3821 750 3876 omittunt
768 3836 829 3875 esse
846 3819 933 3874 Godd'.
952 3816 1025 3873 Gud.
1043 3820 1133 3876 nent
1152 3829 1191 3887 et,
1209 3831 1274 3892 post

123 3894 157 3944 V.
177 3900 205 3945 et
223 3891 292 3943 Rob.
312 3891 420 3961 steph,
441 3890 533 3946 Gebh.
552 3893 624 3946 Ern.
644 3893 703 3945 Alt.
724 3891 810 3947 Scbz.
842 3892 963 3945 Ponitur
980 3907 1040 3945 esse
1057 3901 1123 3963 poet
1137 3894 1274 3961 putabant

123 3961 155 4013 in
173 3960 245 4013 Edd.
265 3961 329 4012 Aac.
340 3963 366 4015 2
385 3964 465 4015 Juut.
487 3963 563 4016 Orat.
585 3971 614 4016 et
633 3962 718 4016 Codd.
741 3965 815 4015 Mon.
833 3962 859 4018 2.
878 3963 1009 4030 Utroque
1027 3962 1091 4016 1000
1113 3963 1199 4017 habet
1217 3980 1275 4017 esse

94 4063 99 4068 -
122 4032 176 4086 Ed.
196 4033 267 4083 Van.
288 4039 376 4083 nostr.
404 4032 486 4085 Unus
505 4034 555 4086 Ox.
572 4039 679 4100 putent,
705 4032 834 4099 Vindi-
852 4037 1009 4101 putarunt*
1022 4032 1095 4085 Gud.
1114 4036 1143 4089 2.
1163 4035 1274 4087 omittit
1312 4075 1314 4077 .
1410 4084 1413 4092 .

122 4102 196 4166 riri:
215 4102 288 4155 Gnd.
308 4115 362 4171 pro
380 4099 440 4156 uiri
457 4101 542 4155 habet
560 4102 655 4156 leniri.
692 4103 780 4156 Recte
799 4102 873 4155 Nisa.
902 4111 930 4157 et
949 4104 996 4156 Or.
1021 4120 1038 4154 a
1054 4103 1171 4157 Davisio
1188 4105 1275 4157 resti-

122 4181 219 4225 tutum
237 4190 272 4225 ex
291 4171 407 4242 optimis
426 4171 510 4223 libris
527 4187 588 4225 esse
604 4173 739 4242 probant:
758 4181 1033 4242 nequersuspectum
1051 4173 1200 4228 essedebet
1217 4168 1274 4227 bob

123 4245 244 4297 verbum
269 4242 304 4295 ob
331 4259 433 4314 vagam
459 4241 555 4294 sedem
580 4242 630 4294 vel
654 4243 689 4295 ob
712 4259 744 4294 re
766 4242 917 4296 stitionem
941 4242 972 4293 in
998 4240 1069 4310 Ed,
1099 4262 1184 4313 quam
1201 4243 1272 4308 dixi,

123 4316 193 4368 Vsu.
214 4341 247 4351 -
267 4313 340 4366 Gnd.
360 4315 386 4369 2.
406 4311 518 4365 omittit
537 4317 650 4365 rectum.
680 4260 771 4365 Reid.
788 4312 874 4367 habet
892 4311 1038 4382 opinantes
1060 4322 1173 4369 rectum.
1210 4314 1271 4365 Mr.

194 4402 228 4458 id
245 4401 276 4457 lsi
293 4409 372 4473 turpe
387 4400 529 4472 putantes]
565 4397 603 4454 la
624 4398 766 4452 omittunt
788 4397 855 4454 Geel
874 4400 949 4476 Aug.
967 4400 1046 4462 Edu·
1067 4405 1106 4456 nt.
1124 4403 1159 4455 1..
1184 4399 1271 4454 Goth.
1360 4451 1368 4464 ,
