2842 5070
214 297 277 370 eet
412 299 643 366 crcaaours
665 299 913 393 resonum.
938 277 1169 388 mererer.

209 467 375 532 dicuntur
405 465 448 529 de
480 465 624 549 quodam
649 475 718 558 ¹aut
750 465 964 551 quibusdam
996 485 1081 546 quae
1111 453 1373 571 nnanyo‘cn‘noirn

214 638 294 720 tinne,
324 637 373 708 aed
392 653 536 708 libidinem
559 660 589 708 et
611 652 800 722 indigentiam
816 653 941 707 voluisse
965 652 1151 726 distinguere.
1191 651 1258 718 Quis
1282 653 1371 719 enim,

38 793 44 800 ἢ
105 760 111 770 1
214 725 342 795 exempli
360 726 588 800 grafiannimal
606 733 636 777 et
653 725 811 786 homiuem,
839 725 869 776 id
888 734 930 777 eet
948 742 1038 796 genus
1057 732 1087 777 et
1104 724 1239 792 speciem,
1267 723 1372 783 distin·

254 800 301 848 at?
330 797 546 870 distinguuntur
570 805 666 848 autem
683 797 763 848 varie
788 796 916 860 delinita,
942 783 1036 848 eidem
1054 796 1155 869 generi
1173 795 1322 860 subiecta„
1337 804 1371 849 ut

212 813 300 920 dimo
324 876 354 922 et
376 868 470 938 lupus,
497 867 671 919 desiderium
695 875 723 919 et
748 867 923 941 indigentia.
954 883 1049 936 neque
1078 883 1154 917 nuno
1183 865 1212 918 id
1235 866 1371 919 Ciceroni

212 939 392 1010 Propositum
411 948 462 1005 est,
492 946 524 989 ut
541 936 748 999 libidiniovim
767 946 796 991 et
822 946 954 990 naturam
972 937 1110 1002 ostendat,
1140 937 1189 990 sed
1205 945 1240 988 ut
1259 954 1369 1003 eorum,

213 1026 286 1079 quae
303 1008 433 1072 libidine,
452 1018 501 1061 tan
523 1007 713 1078 uam'species
732 1026 847 1082 genere,
872 1007 1169 1078 comprehenduntur.
1198 1007 1308 1079 alioqui
1328 1009 1371 1062 di-

212 1092 329 1141 versum
347 1080 458 1150 aliquid
476 1027 630 1132 alibidine
647 1079 766 1132 haberet
783 1079 953 1154 indigentia.
990 1078 1070 1145 Quod
1091 1079 1158 1130 lieri
1183 1094 1242 1130 non
1259 1089 1369 1151 potest,

213 1151 292 1204 nihil
310 1152 388 1204 enim
406 1159 448 1203 est
467 1150 498 1201 in
517 1151 622 1219 specie,
642 1150 718 1220 quod
735 1150 816 1202 idem
839 1152 870 1202 in
888 1167 993 1224 genere
1011 1167 1069 1203 non
1088 1151 1141 1203 sit.
1159 1151 1232 1202 licet
1258 1160 1368 1218 contra,
1394 1177 1396 1183 r

199 1239 288 1292 *quae
305 1223 337 1274 in
355 1239 473 1296 genere,
492 1237 550 1272 non
568 1221 666 1274 eadem
684 1221 716 1273 in
734 1222 828 1292 specie
845 1221 904 1274 sint
923 1221 1033 1286 ornnia3
1058 1229 1174 1273 utamur
1192 1221 1272 1275 enim
1290 1240 1370 1275 rece·

213 1294 273 1364 ptis
295 1294 385 1368 vulgo
409 1292 534 1346 attritis
554 1293 611 1344 iam
638 1293 843 1345 consuetudine
861 1291 1056 1345 nominibus.“
1083 1291 1114 1345 P.
1139 1293 1251 1345 Manu,
1289 1293 1368 1358 „Di-

213 1365 361 1430 ttinguunt
380 1366 463 1419 etiam
480 1362 568 1427 illud,
586 1364 722 1415 nonnulli
739 1363 810 1416 libri
827 1372 940 1416 veteres
948 1363 1064 1428 habent,
1083 1363 1271 1429 distinguitur
1283 1364 1369 1417 etiam

213 1436 296 1500 ittae,
324 1445 379 1489 ete.
409 1451 462 1510 ego
485 1433 564 1486 nihil
589 1434 701 1487 rnuto.“
728 1433 856 1487 Lambin.
894 1435 999 1499 „Fert¹
1023 1440 1055 1486 ut
1083 1435 1304 1488 desiderium
1330 1437 1369 1488 ait

213 1522 311 1560 eurum
328 1523 431 1572 rerum,
459 1521 529 1575 quoe
548 1505 680 1558 dicuntur
698 1514 753 1559 etc.
772 1507 841 1559 fort.
861 1513 892 1559 ut
911 1508 1064 1560 aneorum
1087 1521 1191 1571 rerum,
1216 1521 1287 1577 quoe
1312 1508 1366 1560 dic.

214 1577 293 1635 etc.“
328 1578 427 1645 Marg.
447 1576 559 1629 Lumbi.
579 1583 606 1629 et
625 1573 705 1628 Gotlt.
1263 1626 1266 1631 ,

284 1655 315 1702 ut
332 1647 607 1702 disideriumeit
625 1664 722 1700 earum
740 1647 844 1714 retum]
886 1646 949 1711 „ln
966 1646 1095 1721 vulgatis
1120 1646 1206 1702 libris
1232 1649 1368 1702 omnibus

214 1727 260 1774 eet
277 1727 307 1773 ut
325 1719 363 1772 ait
381 1719 393 1771 l
399 1721 410 1773 i
416 1720 451 1773 bi
457 1719 496 1772 do
514 1733 609 1771 cerum
628 1727 739 1783 rerum,
758 1735 826 1786 qaae
844 1719 978 1772 dicuntur
996 1727 1052 1773 cet.
1066 1719 1116 1772 ubi
1130 1719 1302 1774 deciderium
1318 1719 1367 1773 vel

213 1791 311 1845 deense
321 1789 370 1843 vel
388 1789 613 1843 subaudiendum
624 1806 685 1843 asse
697 1790 843 1842 Manutius
861 1790 1075 1844 animadvertit.
1095 1790 1175 1843 Vidit
1188 1791 1266 1844 idem
1277 1809 1367 1861 parva
1384 1848 1385 1853 ,

198 1887 200 1891 ⁷
213 1862 440 1916 commutatione
451 1863 526 1913 facta
537 1860 648 1935 aiclegi
656 1877 754 1930 posse:
773 1861 958 1926 Distinguunt
971 1864 1069 1924 etiam,
1088 1868 1118 1913 ut
1131 1860 1204 1915 illid
1212 1865 1248 1916 ait
1266 1863 1364 1916 libido.

211 1933 346 2001 Lambini
365 1931 527 1986 emendatio
538 1930 624 2000 plana
642 1931 720 1985 est.“
738 1931 929 1984 Fratatric.
966 1932 1171 1998 „Didinguunt
1185 1933 1259 1986 illud
1270 1935 1366 1998 etium,

212 2011 244 2056 tet
262 2006 301 2057 eit
327 2004 415 2057 libido
439 2011 492 2057 etc.
513 1999 612 2070 Steph.
634 2001 725 2069 [Rob]
754 2002 940 2070 distinguitur
964 2003 1036 2056 illud
1053 2005 1151 2068 etiam
1177 2004 1210 2057 in
1223 2003 1367 2070 ,nonullia

213 2075 302 2131 Godd.
322 2073 435 2147 legitur
452 2074 538 2126 etium
555 2072 638 2138 illud,
656 2074 743 2138 unda,
770 2081 881 2126 mutata
899 2074 1145 2143 interpunctione,
1170 2074 1296 2128 rescribo
1322 2076 1367 2126 dt-

212 2145 502 2214 ‘etinguuntett'um
522 2143 617 2197 illud
633 2151 670 2197 ut
686 2145 735 2203 ait
755 2144 844 2199 libido
864 2176 897 2186 -
916 2161 1021 2214 nempe
1040 2145 1222 2207 desiderium
1247 2151 1365 2198 enarrat

212 2219 292 2271 enim
312 2216 414 2270 Cicero
432 2216 662 2277 distinctionem,
688 2233 776 2285 quam
795 2217 884 2269 inter
900 2215 957 2268 hoc
985 2224 1014 2269 et
1038 2215 1227 2290 indigentiam
1249 2222 1367 2282 ponunt

213 2287 315 2342 Stoici.
353 2289 431 2338 Hinc
454 2288 576 2350 factum,
595 2291 628 2336 ut
644 2285 679 2336 D.
699 2284 856 2339 Lambinus
884 2287 1044 2340 coniecerit
1068 2283 1107 2350 [v.
1126 2303 1192 2338 ann.
1211 2285 1311 2352 Febr]
1331 2317 1366 2328 -

212 2358 243 2411 1’.
263 2372 334 2410 vero
352 2357 498 2409 Manutius
519 2353 556 2418 [v.
578 2355 641 2408 eius
653 2357 770 2424 annot]
790 2364 823 2398 -'
866 2357 973 2411 Nostra
991 2366 1087 2411 autem
1105 2358 1249 2410 nomentio
1268 2356 1303 2407 ad
1321 2375 1367 2410 re·

211 2434 329 2499 ceptum
348 2427 478 2480 ordinem
497 2427 619 2496 propius
637 2428 758 2480 accedit.
796 2428 887 2482 Porro
905 2433 1090 2499 κατηγόρημα·
1101 2426 1213 2482 Graece
1225 2427 1366 2481 definitus·

211 2500 243 2552 ab
261 2500 330 2553 nard
345 2516 418 2558 τινος
437 2495 649 2566 ἅγόρευόμενον.
676 2498 740 2551 Vid.
758 2498 960 2572 Diog.,1.ae'rt.
980 2499 1012 2553 1..
1032 2499 1097 2556 Vll.
1117 2516 1147 2568 p.
1169 2503 1228 2555 197.
1246 2506 1284 2562 ¹et
1302 2496 1365 2552 Sui·

212 2570 278 2624 dam
298 2571 329 2623 in
347 2587 427 2624 voce.
439 2569 458 2599 “
480 2569 552 2621 Duo.
572 2570 604 2621 in
621 2567 676 2625 Ed.
698 2575 722 2624 1.
752 2568 1250 2636 ‚,Puto.ecribendum‹¹dintinguunt
1268 2569 1364 2635 etiam,

211 2642 285 2696 illud
301 2648 332 2694 ut
348 2644 387 2694 eit
404 2672 437 2684 -
466 2640 506 2692 ita
524 2656 583 2692 non
602 2655 674 2707 opus
701 2642 759 2695 erit
784 2648 851 2711 post
876 2642 982 2696 addere
1008 2639 1179 2708 deridendum
1203 2649 1233 2695 ut
1259 2643 1308 2709 eit,
1333 2649 1365 2694 ut

211 2713 344 2768 Bentleio
361 2713 458 2766 visum
477 2709 559 2779 est.“
595 2711 662 2764 Ernz

285 2785 321 2838 Ut
339 2781 515 2837 desiderium
527 2781 614 2835 libido
625 2783 676 2850 ait]
711 2782 737 2835 A
751 2783 880 2858 vulgatis
896 2783 976 2837 abeat
988 2783 1174 2847 deciderium3
1192 2773 1272 2852 quod
1285 2782 1365 2837 Paul·

211 2854 260 2909 lus
277 2855 426 2907 Manucius
445 2853 638 2923 supplendum
658 2870 721 2907 esse
739 2854 877 2907 monuit·
899 2855 936 2907 D.
1273 2886 1276 2893 ·

285 2927 465 2993 dietinguunt
482 2925 556 2977 illud
573 2923 670 2989 etiam]
705 2926 750 2988 ‚,i.
771 2941 796 2978 e.
817 2924 965 2995 explicant
983 2924 1160 2979 desiderium
1181 2924 1219 2991 [ἲ]
1253 2925 1302 2978 Sic
1311 2942 1363 2980 nec

212 2994 263 3049 hic
282 2996 363 3050 loeus
382 2996 565 3049 correctione
584 3004 659 3071 egat.
679 3013 734 3049 nec
752 3012 823 3066 opus
843 3005 895 3060 eet,
914 3005 949 3049 ut
965 3003 1006 3050 eet
1025 2997 1167 3050 deleatur.
1211 2995 1364 3061 [videlicet

213 3069 294 3127 inira
317 3075 384 3138 poet
410 3064 670 3135 [earumipsarum]
689 3068 800 3122 Nieeen.
836 3067 930 3142 „Ego
949 3068 1094 3124 Woifium
1116 3065 1223 3138 aequor
1243 3066 1364 3131 [Dietin-

210 3146 301 3208 guunt
319 3139 402 3193 etiam
420 3139 502 3203 illud,
528 3138 617 3191 nteit
637 3139 1047 3210 tibidocorumrerum,quue
1073 3139 1140 3206 dic]
1183 3138 1293 3214 Vulgo:
1323 3140 1364 3190 di-

210 3211 358 3280 atinguunt
375 3210 448 3262 illud
466 3208 551 3262 etiam
568 3216 598 3262 ut
615 3209 654 3262 eit
671 3211 761 3263 libido
780 3226 876 3263 earum
893 3210 1024 3267 rerum.“
1041 3208 1119 3265 Scbz.
1145 3210 1211 3263 Non
1228 3211 1271 3263 ita
1284 3209 1363 3263 dedit

166 3332 180 3341 .
211 3281 279 3349 W„
299 3280 363 3336 ead:
383 3280 569 3349 Dietinguunt
587 3283 681 3346 etiam,
700 3281 773 3333 illud
790 3287 820 3333 ut
839 3283 878 3335 eit
896 3281 985 3335 libido
1004 3297 1098 3334 aarum
1117 3298 1211 3334 rerum
1229 3289 1284 3334 etc.
1311 3281 1364 3335 Ni·

98 3366 100 3370 ’
208 3351 258 3406 hil
282 3369 353 3423 opus
376 3360 420 3406 est
446 3355 606 3406 mutatione
632 3351 766 3406 lectionis
790 3351 934 3406 librorum
967 3354 1154 3423 optimorum,
1180 3351 1250 3426 Reg.
1265 3351 1362 3408 ,Rern

211 3423 285 3479 Gud.
308 3428 329 3477 1.
351 3425 378 3479 2.
397 3423 442 3475 Au
465 3462 471 3474 .
491 3423 577 3475 Marb.
597 3424 674 3476 Mon.
696 3428 719 3477 l.
739 3425 765 3478 2.
785 3421 972 3491 Duisb..(nisi
991 3424 1067 3492 quod
1089 3423 1139 3475 hic
1157 3423 1242 3478 habet
1259 3426 1291 3490 fit
1308 3438 1364 3493 pro

209 3495 261 3557 eit)
284 3492 370 3545 Vind.
397 3499 422 3548 l.
444 3443 639 3561 gDt'etiuguunt
664 3495 739 3549 illud
766 3494 852 3547 ettam
879 3495 898 3547 i·
921 3512 944 3548 e.
972 3495 1158 3568 distinguunt
1187 3496 1364 3549 desiderium

211 3567 300 3623 etiam
321 3567 371 3630 ita,
389 3572 422 3641 ut
440 3565 479 3620 eit
498 3573 552 3620 etc.
590 3563 703 3619 Habent
720 3564 808 3620 etiam
826 3563 905 3618 idem
923 3565 995 3619 lidd
1017 3573 1088 3620 vett.
1108 3567 1166 3618 nisi
1184 3567 1262 3636 qu'od
1281 3564 1364 3619 exhi-

210 3638 280 3692 bent
297 3637 415 3690 inverso
434 3637 538 3690 ordine
556 3636 595 3689 ait
613 3635 711 3690 libido.
740 3635 810 3690 Sola
827 3634 880 3689 Ed
900 3636 976 3693 Vict.
996 3644 1035 3698 et,
1056 3655 1128 3707 quae
1147 3655 1212 3689 cum
1232 3655 1265 3692 ea
1281 3637 1363 3702 facit,

209 3708 280 3763 Rob.
300 3706 400 3776 steph.
419 3708 617 3774 Distinguitur
635 3708 709 3761 illud
727 3709 821 3770 etiam,
848 3713 876 3761 ut
894 3707 984 3761 libido
1003 3707 1043 3760 eit
1062 3737 1104 3760 -.
1140 3708 1298 3762 Nobiscum
1321 3709 1365 3761 fa·

210 3781 292 3832 ciunt
309 3778 382 3832 Edd.
403 3777 450 3833 Or.
480 3787 509 3830 et
527 3778 599 3831 Tbn.
625 3778 699 3832 Cum
716 3777 828 3834 Wolfio
855 3779 928 3831 facit
946 3779 1016 3832 hall·
1038 3778 1111 3832 Cum
1129 3779 1201 3836 Edd.
1226 3786 1297 3834 vett.
1317 3780 1365 3833 'fa-

210 3847 392 3917 ciunt-Edd.
417 3848 488 3903 Ern.
514 3857 543 3902 et
566 3848 655 3903 Nobb.
681 3850 712 3901 in
731 3864 764 3902 eo
787 3856 901 3902 tantum
935 3869 951 3904 a
975 3851 1060 3904 nobis
1089 3851 1258 3904 recedentes
1287 3848 1365 3919 quod

209 3924 312 3973 contra
338 3917 424 3970 Codd.
454 3917 592 3973 exhibent
614 3921 652 3974 eit
677 3917 783 3973 libido.⁸
810 3920 862 3990 qui
889 3920 959 3975 ordo
986 3918 1078 3993 neque
1094 3941 1111 3976 a
1130 3921 1204 3978 Gud.
1225 3929 1254 3976 et
1271 3920 1362 3976 Rehd.

209 3989 387 4066 agnoscitur.
424 3990 530 4044 Vocem
549 4008 645 4044 rerum
663 3989 775 4044 omittit
793 3991 867 4047 Gud.
888 3994 914 4047 i.
952 3993 1014 4047 Mr.

119 4140 130 4155 x
280 4079 315 4132 de
333 4078 451 4146 quodam
473 4086 521 4132 aut
547 4077 745 4150 quibuedo'm3]
780 4080 861 4145 Unus
880 4081 930 4134 Ox.
952 4084 987 4136 de
1005 4067 1168 4153 quodam,
1196 4080 1272 4144 alius
1296 4099 1364 4152 per·

208 4149 254 4227 git
272 4156 371 4219 atque
391 4151 561 4218 quibusdam,
580 4151 665 4204 Vind.
687 4156 712 4209 1.
734 4159 763 4205 et
780 4154 855 4208 Mon.
877 4153 913 4205 2..
927 4160 976 4207 aut
1000 4155 1039 4208 de
1057 4152 1226 4222 quibusdum.
1265 4153 1365 4207 Poste·

209 4223 274 4274 rior
297 4221 409 4274 omittit
430 4223 515 4276 verba
544 4239 615 4293 quae
638 4240 731 4294 aaran.
764 4223 910 4285 dialectici
934 4225 1083 4293 appellunt.
1132 4223 1259 4290 Quatuor
1290 4223 1362 4282 oxx.

209 4292 300 4346 solam
319 4306 422 4345 vocem
442 4294 580 4348 Graecam
600 4294 751 4358 omittunt,
775 4296 867 4367 spatio
886 4296 1006 4351 relictot
1034 4295 1112 4348 abeat
1138 4294 1234 4348 eadem
1259 4310 1320 4348 vox
1348 4313 1365 4350 a

210 4362 322 4418 coen
363 4401 370 4416 .
398 4364 470 4418 Eius
495 4365 560 4418 loco
585 4366 673 4419 Marb.
698 4364 785 4433 habat
806 4365 1019 4432 latitaturum,
1047 4365 1120 4420 Gud.
1141 4368 1165 4420 2.
1191 4365 1364 4420 KATHTH-

207 4434 327 4495 Mare,
366 4445 521 4492 ennoetr.
541 4426 784 4507 cntigoremntm
811 4439 894 4495 dunt.
913 4432 1122 4508 categorernnt'e
1147 4436 1215 4492 Aac.
1235 4443 1261 4495 l.
1286 4456 1364 4494 nuru·
