2842 5070
203 323 267 393 too
404 269 633 389 cuneatus
653 320 900 391 rosounnn.
922 301 1152 387 ntsrura'r.
1226 374 1232 386 .

203 489 342 553 interim
361 474 430 550 illis
450 488 624 552 silentibus
656 486 693 555 G.
724 486 911 552 Amafinius
945 489 1074 551 exstitit
1103 485 1231 551 dicensi
1262 489 1363 554 cuius

199 673 315 746 peritis.
333 672 532 729 Rebu'habet
553 674 687 742 probare
707 684 772 728 non
792 689 908 741 posse.
945 674 1008 726 Dua
1035 673 1105 726 Oxx.
1134 672 1286 742 abprobari
1302 690 1358 745 pro

201 762 235 800 sa
250 744 377 814 probari.
415 745 508 799 Iidem
526 762 592 798 cum
610 745 682 798 Edd.
701 743 765 802 Asc.
787 749 811 802 1.
832 753 861 798 et
878 746 959 797 Junt.
987 744 1180 799 arbitrantur
1204 762 1259 816 pro
1278 747 1358 803 arbi·

201 818 364 881 trabuntur3
391 834 466 868 unus
484 817 535 870 Ox.
554 815 737 870 arbitramur.

274 905 306 959 G.
325 903 500 970 Amafinius]
537 903 676 978 „vulgati
702 904 772 957 libri
792 903 876 957 hunc·
894 901 1089 971 Amafanium,
1115 903 1225 956 vetusti
1241 903 1359 971 Amafi-

201 973 296 1041 nium„
318 993 376 1029 non
398 976 491 1028 solum
513 972 573 1040 hic,
600 975 649 1026 sed
676 984 705 1028 et
731 975 855 1045 Epistol.
877 978 919 1030 19.
938 974 1014 1040 [XV.
1035 974 1283 1041 19.]adFami1.,
1306 978 1381 1028 ubi⁴

199 1047 327 1099 Victorii
349 1045 555 1098 Annotationes
580 1044 678 1129 lege.“
700 1047 765 1098 Fra.
794 1044 906 1099 Fabris.
949 1045 1075 1097 Victorii
1101 1054 1198 1097 annot.
1226 1047 1261 1099 ad
1290 1062 1357 1100 eum

200 1116 298 1190 lopum
315 1117 387 1170 haec
407 1125 462 1169 est:
489 1118 625 1180 „Vetusts
644 1116 762 1169 Codices
780 1114 937 1182 Amafinii,
965 1115 1018 1168 etsi
1037 1123 1135 1168 noster
1153 1116 1241 1168 aliter
1257 1132 1358 1185 opera·

201 1205 268 1239 rum
284 1188 358 1241 vitio
376 1185 470 1251 habet,
489 1187 603 1240 scilicet
620 1185 781 1254 Amafanr‘s'.
810 1187 840 1240 C.
861 1187 939 1238 enim
952 1185 1111 1238 Amafinius
1128 1187 1252 1254 Epicuri
1271 1187 1357 1240 disci·

200 1258 312 1328 plinam
330 1266 451 1312 sectatus
470 1257 561 1310 edidit
579 1257 680 1323 libros,
700 1258 751 1326 qui
771 1275 832 1310 sam
850 1257 992 1309 rationem
1011 1256 1198 1327 explicarent.
1227 1259 1303 1311 Nam
1321 1259 1355 1312 de

95 1336 99 1349 ¹
201 1329 282 1382 Catio
307 1347 343 1381 ex
365 1329 485 1399 Horatio
510 1328 664 1398 praecipue
691 1337 793 1380 notum
818 1324 873 1380 est:
909 1327 962 1380 etsi
990 1325 1022 1378 hi
1044 1328 1183 1380 videntur
1206 1330 1295 1381 fuisse
1320 1347 1356 1383 ex

115 1396 129 1412 ²
201 1399 271 1465 illis,
304 1416 374 1468 quos
396 1399 527 1474 legitimi
545 1396 697 1468 Epicurei
711 1394 846 1468 σοφιστὰς
872 1398 916 1463 (ut
934 1398 975 1449 ait
993 1397 1136 1463 Ladrtius)
1164 1398 1242 1451 soliti
1262 1408 1355 1452 essent

200 1487 217 1522 a
237 1471 362 1540 pellare:
392 1469 602 1544 degenerabant
620 1471 699 1522 enim
716 1469 852 1521 nonnihil
869 1469 902 1520 ab
912 1468 1035 1538 Epicuri
1053 1469 1187 1532 decretis,
1207 1478 1240 1521 ut
1257 1470 1356 1540 inquit

226 1541 321 1606 assius,
345 1540 416 1593 mali
441 1549 523 1593 erant
540 1539 662 1610 Epicuri
689 1540 843 1593 verborum
867 1539 1050 1608 interpretes.
1093 1539 1232 1592 Amafinii
1254 1541 1355 1594 multis

200 1611 265 1663 aliis
283 1610 354 1665 locis
373 1612 475 1664 Cicero
496 1610 672 1675 mentionem
689 1612 771 1675 feeit,
798 1610 852 1662 etsi
879 1610 941 1662 tere
964 1626 1024 1661 sem
1046 1626 1078 1661 er
1094 1609 1151 1662 boc
1169 1627 1274 1663 nomen
1292 1628 1355 1665 cor-

198 1691 318 1752 ruptum
337 1680 550 1751 aliquantulum
568 1687 618 1733 est.
656 1682 691 1734 In
709 1681 856 1802 prooemio
874 1679 935 1731 Lib.
955 1680 1002 1730 lv.
1023 1627 1251 1734 luseulamrum
1269 1676 1355 1751 quae-

199 1753 326 1804 stionum
349 1752 391 1804 bis
415 1753 598 1816 Amafaaium
624 1750 707 1821 appel
721 1760 764 1804 at:
795 1751 845 1803 ubi
868 1758 965 1803 tamen
995 1767 1082 1802 manu
1105 1751 1209 1819 scripti
1237 1751 1354 1807 Codices

199 1820 375 1888 Amafinium
392 1822 511 1875 habent:
543 1823 612 1876 Cum
634 1823 749 1876 interim
761 1821 833 1875 illis
850 1819 997 1874 silentibus
1023 1819 1056 1873 0.
1075 1821 1240 1895 Amafinius
1258 1827 1354 1879 astitit

200 1893 304 1946 disens.
341 1893 381 1946 Et
398 1894 497 1962 paullo
514 1902 579 1963 post
596 1893 714 1949 iterum.
750 1895 809 1946 Nos
835 1909 902 1944 eum
924 1899 968 1943 tot
984 1892 1099 1962 antiqui
1123 1901 1152 1946 st
1168 1894 1282 1963 probati
1302 1897 1354 1948 Go-

199 1964 277 2017 dices
294 1972 468 2017 concurrant
485 1962 659 2029 Amafinium
685 1963 747 2047 legi
768 1963 871 2016 debere
897 1961 1104 2037 existimamus.
1142 1963 1197 2017 Sed
1215 1980 1280 2016 cum
1297 1965 1353 2018 hoc

197 2034 263 2088 loco
279 2035 427 2088 Amasinii
443 2043 508 2088 ante
526 2035 559 2087 in
577 2033 690 2088 cunctis
710 2033 793 2086 libris
812 2033 954 2102 scriptum
973 2041 1055 2098 esset,
1082 2033 1147 2086 aliis
1163 2051 1233 2087 vero
1251 2036 1353 2087 multis

197 2106 270 2158 locis
290 2107 322 2158 in'
340 2105 479 2158 Cicerone
497 2105 680 2171 Amafaaius3
708 2105 773 2175 quis
790 2121 918 2173 unquam
935 2111 1064 2172 putasset
1082 2105 1203 2158 eundem
1220 2105 1352 2179 intelligi

118 2188 120 2197 ⁴
197 2165 322 2230 debere?
341 2177 409 2229 Non
426 2193 529 2246 parum
547 2176 640 2251 igitur
656 2175 727 2229 baec
744 2176 855 2241 menda,
875 2191 947 2243 quae
961 2175 1071 2246 alioqui
1080 2176 1189 2227 minuta
1202 2174 1350 2241 videntur,

196 2263 280 2319 saepe
297 2246 482 2311 tenebrarum
500 2246 661 2311 offundunt,
681 2255 715 2298 ut
733 2247 828 2299 omnia
846 2245 1076 2299 animadvertere
1090 2258 1155 2298 ‘non
1173 2244 1277 2298 inutile
1296 2264 1351 2299 nec

195 2318 329 2389 ineptum
347 2317 497 2440 negotium
515 2334 574 2369 esse
591 2316 756 2369 rideatur.“
785 2315 969 2383 „Amafinius
988 2317 1020 2368 in
1040 2315 1167 2386 Gryphii
1185 2316 1259 2367 libro
1278 2317 1354 2390 legi-

90 2388 100 2445 ,’
195 2396 258 2454 tur,
277 2402 382 2456 quomo
402 2402 418 2439 o
436 2387 534 2440 lamb.
554 2386 751 2440 excudendum
769 2387 891 2443 curavit.
919 2388 1011 2439 ceteri
1029 2386 1136 2441 babent
1152 2387 1353 2451 Amafanius.“

195 2458 313 2514 Brutus.
349 2457 523 2523 „Lambinus
541 2457 709 2512 Amasinius
727 2456 781 2525 (t),
801 2467 830 2512 et
848 2459 889 2510 ita
908 2465 950 2509 est
968 2457 999 2508 in
1017 2458 1087 2510 Pell.
1108 2464 1176 2512 tert.
1197 2467 1291 2528 quart.
1317 2460 1352 2512 In

176 2528 255 2582 'Pel
280 2537 376 2582 minen
406 2528 509 2597 quinto
536 2536 565 2580 et
587 2529 724 2582 Vaticano
755 2537 798 2582 est
821 2528 999 2594 Amafinium
1033 2529 1121 2603 vulgo
1148 2528 1353 2595 Amafanius.“

195 2598 279 2654 aeta.
301 2600 347 2652 Or.
378 2597 469 2650 edidit
493 2598 668 2663 Amafanius
691 2595 806 2666 addens,
838 2600 879 2652 ita
900 2599 1007 2652 habere
1032 2600 1082 2655 Gr.
1112 2599 1193 2652 cuius
1219 2618 1352 2674 magnam

194 2688 256 2724 esse
274 2664 545 2723 ait'auctoritatem.
583 2670 623 2721 Et
641 2669 784 2739 posterius
803 2670 920 2753 quidem
936 2686 1020 2722 vere:
1040 2670 1137 2722 sedin
1156 2672 1254 2740 priore
1274 2688 1352 2723 erra·

92 2752 93 2756 ’
192 2742 238 2794 rit
256 2741 311 2793 Vir
328 2741 371 2794 cl.
391 2740 483 2792 Habet
509 2739 587 2792 enim
611 2739 678 2793 God.
704 2739 890 2810 Gryphianus
912 2739 1082 2807 Amafinius.
1129 2742 1219 2810 quue
1246 2741 1350 2795 habere

106 2868 109 2875 .
193 2812 255 2883 ipse
283 2811 325 2864 sit
351 2811 440 2862 etiam
464 2810 600 2863 (lodicem
625 2812 786 2863 Medieeum
812 2811 886 2881 Epp.
912 2811 946 2862 ad
972 2811 1081 2863 Famm.
1100 2812 1159 2864 XV.
1180 2816 1222 2868 19.
1261 2813 1351 2865 Habet

193 2883 281 2935 etiam
298 2879 461 2946 Amafinius
479 2881 546 2933 God.
565 2882 635 2956 Reg.
662 2881 723 2934 sine
748 2882 843 2949 dubio,
875 2881 1005 2950 quamvis
1030 2891 1123 2944 taceat
1147 2892 1245 2934 nostra
1263 2883 1351 2935 colla·

193 2951 249 3005 tio:
280 2959 325 3003 est
349 2952 428 3004 enim
452 2952 493 3003 ita
519 2952 550 3003 in
574 2952 635 3005 eius
657 2952 824 3017 simillimis,
856 2952 930 3005 Gud.
951 2955 975 3006 1.
1001 2953 1070 3018 (nisi
1090 2953 1165 3023 quod
1189 2953 1240 3005 hic
1264 2953 1349 3005 habet

191 3020 341 3088 Amifr'u.)
360 3022 464 3086 blarb.;
482 3031 632 3092 praeterea
650 3023 682 3074 in
701 3014 911 3092 quatuor‘Oxx.
925 3022 1016 3076 llehd.
1031 3024 1105 3076 Gud.
1118 3024 1213 3077 Duisb.
1234 3026 1309 3076 Mon.
1322 3027 1347 3078 2.

191 3075 578 3146 santonensem.
603 3094 675 3146 usn.
703 3093 850 3150 rawou.
878 3088 964 3146 sem.
989 3094 1079 3146 Nous.
1104 3094 1173 3150 nav.
1211 3096 1349 3164 nmquis

191 3162 264 3216 Edd.
289 3163 397 3216 babent
413 3162 605 3230 Amafanius3
637 3164 698 3233 ipse
725 3173 821 3218 autem
848 3164 895 3217 Or.
920 3164 995 3234 apud
1018 3165 1077 3218 cto.
1102 3165 1206 3217 Acadd.
1227 3167 1250 3216 1.
1278 3166 1301 3229 b.
1321 3168 1347 3220 5.

191 3235 282 3288 edidit
300 3233 450 3300 Amafinii.
489 3234 625 3287 Ceterum
642 3234 729 3288 habet
746 3253 819 3287 unus
838 3234 897 3303 ΟΧ.
909 3235 1093 3299 Garnnsims,
1117 3235 1189 3286 alius
1207 3233 1350 3304 Amapba-

190 3303 265 3428 adius,
285 3323 358 3357 unus
376 3305 550 3370 Amiainius;
569 3305 642 3381 Aug.
662 3305 851 3373 Carnifinr'us,
871 3303 945 3357 Gud.
966 3305 991 3358 2.
1010 3304 1153 3357 amasius.
1173 3305 1257 3355 Viud.
1277 3312 1303 3360 1.
1321 3309 1347 3361 2.

219 3377 367 3429 masinius.
404 3377 482 3430 Mu·
823 3384 826 3399 '

261 3464 293 3517 0.
314 3463 489 3531 Amafinius]
526 3463 575 3518 Sic
602 3471 631 3516 st
647 3463 747 3534 paullo
772 3471 838 3534 post
854 3438 1025 3532 Epicureus⁸
1044 3461 1099 3512 iste
1116 3457 1293 3526 nominatur,
1314 3473 1349 3517 ut

191 3533 279 3588 etism
296 3534 347 3591 lib.
367 3536 426 3587 XV.
446 3537 524 3589 Fam.
536 3529 598 3604 Ἑρ.
618 3535 660 3589 19.
696 3533 775 3586 Alibi
799 3549 869 3586 vero
890 3532 1000 3605 dicitur
1016 3528 1200 3596 Amafanius:
1230 3530 1267 3583 D.

140 3660 142 3664 -
193 3636 203 3686 ᾖ
262 3608 495 3692 0.Ἀηιαΐιήἰιω]
520 3625 585 3694 x‚‚V.
605 3622 728 3676 Falster.
752 3639 837 3674 mem.
862 3619 973 3673 obscur.
992 3635 1021 3689 p.
1043 3623 1083 3674 ls.
1121 3619 1252 3671 Fortasse
1271 3623 1347 3691 apud

62 3756 85 3780 Ι,
188 3694 371 3820 ἓέἲίἒίειιω
395 3697 458 3748 Xll.
493 3712 521 3782 p.
540 3695 602 3749 511.
629 3709 683 3764 pro
705 3691 834 3802 Ananias
855 3690 907 3744 bic
933 3689 1094 3760 Epicureus
1118 3691 1346 3745 restituendus.“

260 3849 369 3907 sustitit
387 3816 497 3916 dicens]
516 3849 600 3914 „Vox
618 3845 713 3902 dicens
730 3823 857 3903 fortassis
872 3849 967 3904 aliena
985 3858 1028 3903 est
1046 3858 1075 3903 ot
1093 3849 1165 3904 foris
1182 3851 1346 3919 profecta.“

188 3925 289 3991 Marg.
318 3921 429 3974 lambb.
466 3919 591 3985 „Dicens
620 3937 689 3989 prae
721 3937 750 3974 se
778 3921 878 3975 ferunt
905 3922 1033 3991 quinque
1058 3923 1128 3975 Pell.
1158 3922 1241 3973 Fabr.
1267 3922 1342 3975 Pith.

180 3995 271 4060 *Unde
290 3989 457 4046 coniecturb
474 4007 533 4063 uon
552 3990 669 4042 absurdi
687 3991 826 4045 Gulielm.
845 3993 952 4059 Picens.
973 3993 1087 4048 Gembl.
1107 3991 1241 4046 docens.“
1260 3991 1342 4046 Geta.

163 4087 169 4097 ”
259 4077 379 4134 Eastitit
396 4079 504 4146 dicens]
540 4079 680 4133 Ultimum
702 4097 805 4135 vocem
829 4083 908 4136 delet
925 4083 1097 4148 Lambinus3
1126 4090 1156 4133 at
1178 4082 1259 4134 illius
1277 4081 1342 4135 loco

188 4148 365 4204 Gulielmius
391 4151 420 4204 le
443 4151 467 4204 it
489 4149 605 4219 Picens.¹
646 4151 720 4218 Quid
746 4153 801 4206 sibi
827 4156 922 4208 velint
950 4154 1059 4207 eruditi
1090 4152 1138 4204 illi
1161 4152 1230 4216 viri,
1257 4153 1343 4222 pl'ans

174 4221 293 4281 Insteio.
328 4222 404 4275 Nem
441 4223 598 4276 mafanium
615 4223 763 4277 Picentem
780 4226 871 4280 fuisse
889 4242 948 4278 non
966 4232 1086 4291 constat,
1106 4231 1135 4276 et
1153 4223 1247 4276 disens
1265 4239 1345 4277 com-

186 4293 269 4348 mode
296 4309 413 4363 prorsus
436 4293 502 4349 iltis
524 4294 670 4349 silentibus
692 4298 859 4366 opponitur.
897 4297 1049 4366 Loquendi
1073 4303 1153 4348 certe
1177 4296 1252 4348 ratio
1271 4295 1343 4348 bene
1390 4356 1393 4364 ¹

185 4383 216 4420 ss
232 4363 326 4418 habet.
355 4363 458 4418 Cicero
476 4365 509 4418 in
521 4367 598 4419 Orat.
612 4383 672 4438 cap.
688 4370 729 4422 13.
757 4369 810 4422 Est
828 4367 912 4434 enim,
932 4372 964 4419 ut
980 4367 1049 4432 scis,
1068 4363 1151 4434 quasi
1168 4364 1200 4418 in
1218 4371 1344 4418 extrema

184 4437 293 4508 pagina
309 4433 497 4493 Pbasdrs'bis
513 4435 588 4508 ipsis
605 4436 699 4492 uerbis
725 4439 853 4509 loquens
863 4439 1003 4495 Socrates.
1040 4439 1206 4493 mannum
1232 4438 1282 4491 lib.
1303 4438 1340 4492 11.
