2842 5070
118 300 181 366 ut
195 336 207 393 4
314 295 549 361 omacius
563 266 818 369 tusconen,
839 295 1069 377 ntsropar.
1115 280 1119 291 '
1207 326 1210 331 ,

91 446 96 455 ’
120 461 252 546 quidem
272 462 404 535 utilior,
419 462 484 527 :sed
505 480 584 525 raro
606 464 750 544 proiicit,
773 481 880 544 nequo
901 460 1014 524 estad
1036 445 1159 548 vulgus
1182 461 1283 542 adbi2

54 547 99 608 61}
120 545 237 609 banda.
280 545 458 609 Quaedam*
476 556 589 609 autem
616 555 695 609 sunt
720 545 954 630 aegritudines,
981 564 1061 624 quas
1082 545 1198 609 levare
1218 545 1280 607 illa

120 627 286 690 medicina
306 630 399 693 nullo
428 628 528 691 modo
549 630 662 708 possit.
706 627 763 704 Ut,
789 630 819 691 si
841 631 915 709 quis
936 647 1036 713 aegre
1058 629 1156 704 ferat,
1191 627 1280 689 nihil
1303 686 1305 690 .

119 712 155 772 in
177 730 295 773 ecesse
316 714 469 789 virtutis,
490 711 575 773 nibil
596 712 710 788 animi,
724 710 816 771 nibil
832 709 946 788 officii}
968 709 1052 770 nihil
1073 709 1277 782 honestatis3

119 803 260 876 propter
286 796 374 855 mala
401 796 431 855 is
462 792 594 876 quidem
621 801 775 878 angatur,
804 791 862 854 sed
884 793 947 854 alia
964 790 1138 872 quaedam
1166 794 1214 854 sit
1235 791 1280 862 ati

118 896 194 939 eum
216 875 421 938 admovenda
441 877 601 951 curatio,
621 885 657 939 et
681 877 755 937 talis
777 874 922 956 quidem,
960 894 1044 955 quac
1070 874 1181 954 possit
1206 894 1281 937 esse
1328 930 1330 936 .

72 953 80 961 ’
119 960 279 1034 omnium,
311 961 412 1020 etiam
433 957 474 1020 de
496 959 617 1021 ceteris
645 957 746 1020 rebus
768 956 1039 1037 discrepantium,
1061 956 1278 1038 philosopho-

120 1061 208 1107 rum.
257 1040 613 1112 Intersomnesenim
641 1041 827 1110 convenire,
850 1047 996 1120 oportet,
1033 1041 1278 1102 commotiones

119 1125 320 1198 animorum,
340 1143 360 1186 a
380 1132 473 1194 recta
496 1124 627 1185 ration'c
648 1138 794 1194 avernos,
816 1141 888 1183 esse
909 1122 1064 1183 vitiosas:
1096 1129 1144 1192 nt,
1174 1123 1278 1183 etiam

17 1261 18 1264 ,
119 1207 149 1269 si
169 1225 237 1280 nec¹
252 1205 339 1298 mala
353 1206 420 1269 sint
436 1206 502 1276 illa,
525 1213 745 1285 quaemctum
766 1202 1073 1287 aegritudinemve3
1094 1223 1155 1265 nec
1177 1205 1277 1276 hona,

118 1388 163 1454 iis,
184 1390 234 1458 qui
253 1389 406 1459 sapientiae
423 1391 587 1460 praeceptis
606 1390 711 1442 imbuti
729 1391 763 1442 ad
782 1390 864 1442 illam
883 1390 1053 1443 medicinam
1077 1389 1277 1458 recipiendam
1327 1397 1336 1417 ⁸

47 1511 52 1517 ,
118 1459 215 1512 idonei
233 1470 308 1524 sunt,
328 1461 377 1513 scd
395 1477 462 1514 roro
478 1461 598 1529 proficit,
618 1457 686 1530 quia
703 1461 789 1531 pauci
805 1470 919 1513 tantum
938 1461 979 1512 ita
999 1460 1127 1512 instituti
1147 1469 1224 1525 sunt,
1242 1468 1276 1511 ut

58 1579 65 1586 ,
117 1530 188 1585 huic
206 1532 350 1584 curationi
367 1533 427 1600 apti
445 1532 520 1584 sint:
540 1550 633 1601 neque
653 1533 805 1605 igiturest
823 1532 857 1585 ad
869 1532 974 1606 vulgus
991 1530 1159 1585 adhibenda·
1184 1532 1276 1583 Docet

27 1631 29 1640 ·
118 1601 247 1657 Wollius
266 1603 298 1654 in
317 1601 422 1655 scholis
439 1604 573 1670 proficere
597 1601 684 1656 etiam
706 1602 781 1670 apud
800 1603 914 1655 Celsum
937 1601 1006 1674 poni
1030 1602 1068 1655 de
1089 1602 1198 1656 effectu
1213 1618 1277 1654 me·

117 1671 307 1726 dicaminmn:
327 1691 355 1724 v.
365 1674 426 1725 Lib.
437 1675 470 1727 V.
481 1676 522 1727 28.
539 1678 569 1729 2:
590 1690 673 1743 neque
690 1673 750 1725 ullo
768 1689 888 1742 unquam
905 1671 1047 1738 medicina
1062 1672 1194 1740 profecit.
1215 1673 1275 1724 Mr.

189 1743 282 1813 Neqoe
300 1749 341 1795 est
361 1744 401 1796 od
418 1744 519 1812 colgus
546 1743 724 1810 adhibendo]
763 1744 840 1808 „Sic
866 1761 933 1796 cum
957 1744 1086 1796 Victorio
1110 1743 1274 1808 Lambinus,

94 1827 98 1833 ·
118 1812 189 1869 Pall.
210 1812 264 1866 sec.
285 1822 352 1866 tert.
373 1830 441 1867 nam
456 1832 500 1885 pr.
519 1831 611 1880 ,neque
629 1815 737 1869 etiam
760 1823 801 1867 est
819 1816 857 1867 od
874 1817 950 1881 vulg.
970 1812 1063 1867 ertio.
1089 1815 1188 1883 sicque
1212 1816 1277 1866 fere

118 1885 213 2008 quint.
231 1903 298 1937 nam
316 1893 356 1938 est
373 1884 485 1938 tollit.“
513 1885 595 1939 oeot.
632 1886 744 1938 Habent
770 1888 854 1940 etiam
878 1892 944 1954 post
962 1884 1131 1954 caprofici.
1151 1887 1230 1937 bion.
1248 1888 1275 1940 2.

136 1971 174 2008 uo
199 1951 268 2012 Oxx.
296 1955 368 2009 End.
388 1958 416 2008 P.
436 1957 471 2009 A.
490 1958 521 2008 B.
542 1956 570 2011 S.
590 1958 625 2010 E.
646 1956 677 2009 G.
696 1959 766 2008 Ven.
794 1965 885 2024 nostr.
914 1957 996 2008 Junt.
1022 1954 1087 2008 Asc.
1108 1957 1178 2012 Η.
1206 1955 1275 2007 Coti.

117 2023 206 2080 Rebd.
227 2026 313 2080 babet
331 2026 492 2080 necavind.
504 2033 528 2082 1.
549 2026 665 2091 omittit
678 2032 727 2080 cst.
756 2028 809 2079 Pro
828 2043 896 2080 roro
914 2044 990 2079 unus
1008 2025 1055 2079 Ox
1077 2024 1163 2079 habet
1183 2025 1276 2088 rotio;

117 2095 196 2151 idem
215 2096 249 2150 ut
272 2098 356 2149 Vind.
378 2103 402 2154 l.
426 2114 485 2152 non
508 2097 595 2152 habet
616 2103 668 2151 est.
703 2096 747 2150 Ab
765 2098 863 2153 coelem
881 2097 966 2159 Vinci.
987 2100 1012 2153 1.
1037 2104 1101 2166 post
1118 2102 1211 2164 autem
1230 2096 1279 2147 ab·
1303 2126 1305 2131 ,

117 2177 161 2222 est
177 2175 251 2223 eant.
288 2169 349 2221 Mr.
646 2219 648 2225 ι
766 2171 770 2175 ’
864 2190 865 2194 “
1270 2187 1272 2191 ’

190 2230 371 2309 qaasieoore
390 2239 441 2291 itta
459 2238 600 2293 medicina
617 2240 691 2291 nullo
709 2239 789 2293 modo
804 2237 919 2308 poerit]
954 2238 1014 2294 tua
1030 2237 1103 2293 (licit
1117 2235 1276 2303 medicina,

116 2309 255 2363 videlicet
274 2310 356 2379 prior
374 2309 435 2370 illa,
455 2327 542 2378 qnam
560 2308 632 2361 dicit
649 2326 703 2380 per
721 2327 749 2363 se
767 2310 928 2374 utiliorem,
952 2311 1094 2362 nimirum
1110 2316 1146 2359 ut
1163 2309 1278 2372 doceas,

4 2391 6 2395 ·
44 2407 47 2413 -
68 2376 72 2381 ’
117 2379 192 2433 illud
211 2379 318 2429 malum
337 2395 395 2430 non
413 2396 482 2443 esse,
508 2397 544 2432 cx
563 2397 618 2448 qno
637 2381 790 2456 aegritudo
816 2382 999 2451 suscipiatur.
1034 2380 1115 2434 Trea
1132 2379 1204 2432 Oxx.
1222 2378 1276 2440 ba-

117 2449 186 2501 bent
203 2449 263 2500 nlla
281 2465 335 2520 pro
354 2449 415 2514 tlte,
434 2469 507 2502 unus
523 2457 617 2519 posset
636 2468 690 2521 pro
706 2455 807 2520 possit,
826 2455 901 2504 Mon.
918 2456 947 2506 ’1.
967 2450 1051 2502 vind.
1070 2451 1098 2503 l:
1116 2450 1169 2504 iiio
1186 2448 1276 2502 medi-

118 2522 182 2573 cina
200 2519 277 2574 nullo
302 2521 383 2589 modo
405 2521 500 2574 levare
520 2521 619 2590 possit.
648 2524 720 2576 Edd.
740 2525 770 2578 P.
790 2523 823 2578 A.
842 2524 872 2574 B.
894 2522 922 2579 S.
941 2523 974 2574 tt
996 2522 1029 2575 Ga
1045 2522 1079 2573 V.
1099 2523 1182 2574 Junt.
1202 2523 1274 2574 Ven.

117 2599 207 2647 nostr.
227 2589 289 2643 Asc.
310 2592 335 2642 1.
355 2594 381 2646 2·
400 2592 468 2644 Rob.
489 2592 589 2662 Steph.
613 2593 712 2647 Herw.
736 2593 792 2646 illo
814 2593 912 2646 medic.
933 2593 1009 2646 nolio
1027 2589 1108 2646 morio
1124 2592 1215 2661 possit
1234 2592 1273 2643 le-

116 2677 192 2714 vore.
230 2662 387 2714 Est‘etiarn
405 2662 465 2714 ullo
485 2663 515 2713 in
535 2664 601 2718 Cod.
623 2666 696 2716 Mon.
717 2664 743 2717 2.
765 2664 844 2716 etin
861 2682 953 2736 marg.
972 2662 1056 2715 vino.
1071 2667 1097 2719 2.
1118 2664 1171 2732 qui
1189 2662 1275 2715 habet

116 2731 169 2786 itta
186 2733 325 2786 medicina
344 2733 437 2784 levare
455 2750 519 2785 cum
537 2733 628 2786 Rebi.⁴
664 2735 699 2785 ln
717 2732 790 2804 Aug.
818 2736 997 2802 est-possim.
1033 2733 1136 2808 Pergit
1151 2736 1228 2788 ltlon.
1250 2738 1273 2788 1.

116 2809 148 2856 ut
167 2802 195 2854 ei
214 2805 278 2872 qais
296 2805 378 2870 egri
395 2805 477 2869 ferat.
514 2804 589 2855 Tum
609 2804 682 2856 Gud.
709 2802 782 2857 nittt
805 2804 898 2857 inter
923 2821 953 2857 se
972 2819 1038 2857 ease.
1059 2807 1135 2858 Mon.
1156 2808 1275 2859 2.·esee

117 2875 147 2927 ia
165 2889 202 2926 ee.
240 2874 274 2925 ln
293 2890 371 2941 seqq.
393 2874 465 2926 Gud.
487 2878 510 2928 l.
531 2892 609 2944 apr.
629 2893 667 2929 m.
693 2884 810 2944 propter
836 2879 913 2929 mala
932 2875 961 2934 ei
987 2875 1098 2944 quidem
1126 2882 1274 2943 egotam

47 3005 50 3010 ³
117 2961 190 2995 unus
210 2945 260 2996 ΟΧ.
280 2949 428 3012 angantur.
465 2945 599 3012 Augetur
618 2946 688 2998 dicit
708 2946 726 2997 i.
747 2965 771 2999 e.
791 2947 908 3010 concedo
928 2961 987 2997 eom
1005 2948 1082 3014 angi.
1114 2949 1182 2998 blox
1200 2945 1272 2999 Edi.

25 3037 31 3046 ·
115 3021 188 3065 vett.
209 3022 273 3065 ante
293 3014 384 3066 Gebh.
405 3014 542 3084 (exceptis
561 3017 593 3066 V.
613 3016 680 3068 iiob.
702 3016 801 3086 steph.
822 3017 920 3080 Leod.)
943 3016 1056 3082 habent
1075 3017 1200 3069 ad'etma
1223 3016 1272 3068 eit.

103 3085 179 3138 *Duo
199 3084 269 3137 Oxx.
282 3086 430 3139 omittunt
448 3087 487 3138 od
504 3101 575 3150 eum,
600 3097 668 3155 quas
687 3087 751 3139 ideo
768 3096 852 3139 voces
870 3096 993 3156 propter
1008 3088 1106 3141 sedem
1130 3086 1274 3140 incertam

116 3157 165 3212 vel
183 3174 285 3230 vagam
303 3148 383 3209 obelo
403 3158 528 3232 configat
557 3159 631 3210 alter
654 3157 761 3226 aliquis
778 3159 915 3211 Beieros.»
935 3158 1063 3211 Ponitur
1087 3166 1185 3211 autem
1202 3157 1234 3208 h:
1252 3159 1273 3208 1.

83 3270 96 3295 ⁴
119 3229 266 3282 admovere
283 3245 337 3295 pro
357 3225 487 3282 adbibere
505 3236 538 3279 ut
555 3229 589 3280 in
605 3229 695 3280 Bruto
721 3245 745 3279 c.
766 3231 809 3283 54.
830 3229 865 3280 de
884 3230 931 3281 Or.
952 3230 974 3283 1.
996 3231 1037 3284 17.
1074 3227 1180 3282 Statim
1198 3245 1274 3281 unus

24 3361 33 3375 Ρ
87 3338 92 3352 s
118 3298 168 3355 Ox.
196 3305 226 3351 et
246 3297 313 3350 telis
340 3300 520 3366 quaedam,
545 3299 615 3351 falsa
640 3294 780 3368 ἀναφορᾷ.
825 3299 901 3351 Tum
933 3301 1010 3356 tlon.
1036 3305 1060 3356 l.
1086 3315 1158 3367 quoe
1178 3299 1275 3368 possit

48 3389 57 3398 ’
117 3369 170 3421 eti
176 3384 225 3421 am
243 3385 310 3423 esre.
332 3369 404 3422 Gud.
426 3370 537 3422 omittit
554 3371 652 3422 etiom=
687 3387 746 3437 quo
768 3369 860 3429 oratio
880 3386 981 3423 carere
1005 3386 1063 3427 non
1077 3375 1186 3438 potest.
1222 3370 1275 3424 Est

118 3440 197 3500 enim
217 3440 237 3492 i.
256 3457 284 3508 q.
306 3441 439 3507 quamvis.
476 3440 690 3492 Darei-borum
709 3441 897 3493 collocatione
916 3440 1137 3509 discrepantium
1152 3438 1275 3508 ptttoo·
1324 3463 1326 3469 ·

117 3508 235 3578 plorum
253 3510 310 3561 vid.
327 3512 472 3580 ‚Goepenn
497 3509 534 3562 ad
557 3511 618 3565 Cic.
643 3510 749 3563 Acadcl.
768 3511 814 3566 11:
831 3514 874 3566 35.
903 3514 964 3566 113.
990 3529 1019 3579 p·
1041 3514 1102 3567 lbi·
1128 3520 1157 3563 et
1180 3511 1217 3563 aa
1239 3511 1273 3563 dc
1327 3532 1330 3538 ¹

28 3623 29 3627 ,
69 3591 72 3594 ’
117 3582 203 3643 liinn.
224 3580 262 3633 11.
281 3583 324 3636 at.
343 3586 386 3637 ot.
411 3596 440 3651 p·
459 3582 521 3635 222.
545 3583 644 3650 priore
670 3582 735 3633 loco
753 3581 786 3634 G.
807 3581 923 3650 scripsit
942 3583 974 3637 in
992 3591 1091 3635 nostro
1109 3599 1170 3634 csse
1193 3581 1281 3634 ‹ttee

117 3651 314 3705 serentium
339 3649 570 3721 pbilosophorum.
614 3653 699 3704 Unus
718 3651 767 3705 Ox.
791 3661 861 3721 post
875 3653 958 3705 reios
985 3652 1064 3706 adiit
1082 3658 1120 3712 et;
1148 3652 1224 3703 alius
1242 3653 1274 3703 in
1326 3671 1329 3674 ·

15 3726 19 3731 ’
116 3739 195 3793 seqq.
215 3721 300 3791 habet
318 3722 504 3776 interamnae
523 3737 616 3773 cero.
653 3725 718 3774 Mox
735 3723 847 3775 ratione
865 3738 965 3776 averso
982 3732 1025 3776 est
1049 3723 1079 3775 in
1098 3722 1273 3797 Cod.'Aug.,

117 3794 260 3848 adversos
280 3794 311 3842 in
329 3793 412 3843 Vind.
435 3797 471 3856 1.,
491 3792 629 3843 adversa
649 3793 682 3842 in
699 3791 805 3845 duobus
824 3794 893 3846 Oxx.
924 3795 987 3845 Duo
1005 3792 1114 3848 habent
1131 3789 1274 3846 citioeitoa

66 3885 70 3890 ⁷
116 3880 169 3939 pro
187 3862 313 3917 vitiosae.
351 3863 410 3916 Mr.
446 3920 448 3924 ,
716 3915 721 3925 ,
931 3885 936 3930 j
1103 3883 1118 3918 '.

187 3939 218 3985 ot
236 3930 350 3997 etiamsi
367 3948 418 3984 nec
435 3933 509 3985 aaa
532 3932 590 3984 siat
608 3933 669 3999 illa,
698 3942 768 4004 qtae
787 3962 820 3973 -
839 3946 889 3988 nec
910 3936 990 3999 bona,
1016 3949 1085 4003 qnae
1104 3934 1158 4000 -]
1194 3934 1276 3999 „tlte

116 4005 196 4062 locus
215 4002 303 4053 aliter
319 4002 431 4077 legitur
452 4003 485 4056 in
503 4003 632 4072 antiquo,
659 4005 691 4056 in
717 4022 774 4075 quo
795 4006 840 4058 ita
860 4007 1077 4076 scriptumest:
1110 4012 1142 4057 ot
1162 4007 1276 4059 etiamst

62 4100 67 4106 -
116 4074 209 4128 malo
227 4070 286 4123 sint
305 4071 369 4138 illa,
389 4089 457 4143 quae
474 4077 838 4142 metamasgritudiaemne:
858 4078 958 4140 bono,
977 4074 1275 4145 praecupiditatemf‘
1308 4112 1311 4118 -

119 4140 248 4200 Ursinus.
286 4144 484 4218 „Lagentium
500 4151 552 4209 eut,
581 4147 666 4200 etiam
687 4148 714 4199 ei
736 4155 771 4201 et
797 4148 874 4200 malo
898 4149 954 4201 aiot
979 4148 1044 4213 tua,
1070 4153 1216 4216 queneto.
1242 4151 1276 4213 et

117 4217 200 4277 bono,
231 4227 298 4283 quae
326 4223 380 4268 etc.
422 4217 499 4268 llaec
524 4217 603 4269 anim
626 4221 669 4274 tlt
684 4219 782 4270 -Tnllii
805 4220 946 4272 sententia
964 4227 1019 4272 est:
1048 4233 1107 4273 non
1121 4216 1232 4282 solum,
1250 4216 1280 4269 si
1332 4250 1336 4259 ·

5 4307 8 4312 ·
118 4303 178 4342 non
196 4285 257 4338 sint
272 4285 347 4338 mala
366 4304 407 4353 ea,
426 4305 497 4356 quae
513 4296 627 4341 metum
638 4289 914 4374 aegritudinemque
928 4288 1067 4347 alienanto
1083 4305 1158 4352 inec,
1171 4289 1286 4363 sinu
1305 4302 1311 4313 ··

67 4421 68 4424 Ἴ
120 4356 278 4423 cimborio,
298 4374 370 4426 quae
388 4359 578 4429 cupiditatem
595 4360 795 4430 laetitiamque
813 4369 950 4426 cautent,
963 4360 1118 4414 senonas
1129 4356 1285 4431 siet'illa

118 4427 281 4482 vere-mata
297 4428 366 4495 unt,
399 4446 473 4508 quae
488 4438 725 4498 autsmetuamus-
740 4432 848 4497 futura,
878 4441 930 4492 ant
944 4427 1279 4506 aegrotatione-prael
