<?xml version="1.0" encoding="UTF-8"?>
<!DOCTYPE html PUBLIC "-//W3C//DTD XHTML 1.0 Transitional//EN"
    "http://www.w3.org/TR/xhtml1/DTD/xhtml1-transitional.dtd">
<html xmlns="http://www.w3.org/1999/xhtml" xml:lang="en" lang="en">
 <head>
  <title>
</title>
<meta http-equiv="Content-Type" content="text/html;charset=utf-8" />
  <meta name='ocr-system' content='tesseract 3.04.00' />
  <meta name='ocr-capabilities' content='ocr_page ocr_carea ocr_par ocr_line ocrx_word'/>
</head>
<body>
  <div class='ocr_page' id='page_1' title='image "./mtulliiciceroni00davigoog_0455.png"; bbox 0 0 2842 5070; ppageno 0'>
   <div class='ocr_carea' id='block_1_1' title="bbox 128 224 1084 387">
    <p class='ocr_par' dir='ltr' id='par_1_1' title="bbox 128 224 1084 387">
     <span class='ocr_line' id='line_1_1' title="bbox 128 224 1084 387; baseline -0.003 -37"><span class='ocrx_word' id='word_1_1' title='bbox 128 224 192 350; x_wconf 75' lang='lat' dir='ltr'><strong>ni</strong></span> <span class='ocrx_word' id='word_1_2' title='bbox 332 277 562 345; x_wconf 71' lang='lat' dir='ltr'><strong>annonis</strong></span> <span class='ocrx_word' id='word_1_3' title='bbox 582 226 830 346; x_wconf 69' lang='lat' dir='ltr'><strong>nuscum</strong></span> <span class='ocrx_word' id='word_1_4' title='bbox 848 278 1084 387; x_wconf 68' lang='lat' dir='ltr'><strong>nnrurnu</strong></span> 
     </span>
    </p>
   </div>
   <div class='ocr_carea' id='block_1_2' title="bbox 127 436 1295 1002">
    <p class='ocr_par' dir='ltr' id='par_1_2' title="bbox 127 436 1295 1002">
     <span class='ocr_line' id='line_1_2' title="bbox 129 436 1294 527; baseline -0.002 -17"><span class='ocrx_word' id='word_1_5' title='bbox 129 445 255 518; x_wconf 87' lang='lat' dir='ltr'><strong>dicunt,</strong></span> <span class='ocrx_word' id='word_1_6' title='bbox 287 452 321 508; x_wconf 84' lang='lat' dir='ltr'><strong>ct</strong></span> <span class='ocrx_word' id='word_1_7' title='bbox 342 457 489 508; x_wconf 79' lang='lat' dir='ltr'><strong>amorem</strong></span> <span class='ocrx_word' id='word_1_8' title='bbox 509 445 630 527; x_wconf 85' lang='lat' dir='ltr'><strong>ipsum,</strong></span> <span class='ocrx_word' id='word_1_9' title='bbox 663 454 819 508; x_wconf 86' lang='lat' dir='ltr'><strong>conatum</strong></span> <span class='ocrx_word' id='word_1_10' title='bbox 846 446 1019 509; x_wconf 76' lang='lat' dir='ltr'><strong>amicitiae</strong></span> <span class='ocrx_word' id='word_1_11' title='bbox 1034 442 1222 509; x_wconf 66' lang='lat' dir='ltr'><strong>faciendae</strong></span> <span class='ocrx_word' id='word_1_12' title='bbox 1251 436 1294 517; x_wconf 58' lang='lat' dir='ltr'><strong>en</strong></span> 
     </span>
     <span class='ocr_line' id='line_1_3' title="bbox 127 527 1290 612; baseline 0.001 -22"><span class='ocrx_word' id='word_1_13' title='bbox 127 527 391 612; x_wconf 80' lang='lat' dir='ltr'><strong>pulchritudinis</strong></span> <span class='ocrx_word' id='word_1_14' title='bbox 411 529 531 607; x_wconf 79' lang='lat' dir='ltr'><strong>specie,</strong></span> <span class='ocrx_word' id='word_1_15' title='bbox 561 527 735 591; x_wconf 81' lang='lat' dir='ltr'><strong>definiunt.</strong></span> <span class='ocrx_word' id='word_1_16' title='bbox 785 528 850 593; x_wconf 82' lang='lat' dir='ltr'><strong>Qui</strong></span> <span class='ocrx_word' id='word_1_17' title='bbox 877 531 906 590; x_wconf 91' lang='lat' dir='ltr'><strong>si</strong></span> <span class='ocrx_word' id='word_1_18' title='bbox 936 531 1010 609; x_wconf 89' lang='lat' dir='ltr'><strong>quis</strong></span> <span class='ocrx_word' id='word_1_19' title='bbox 1031 539 1082 591; x_wconf 83' lang='lat' dir='ltr'><strong>est</strong></span> <span class='ocrx_word' id='word_1_20' title='bbox 1107 530 1147 593; x_wconf 87' lang='lat' dir='ltr'><strong>in</strong></span> <span class='ocrx_word' id='word_1_21' title='bbox 1167 548 1290 591; x_wconf 84' lang='lat' dir='ltr'><strong>rernm</strong></span> 
     </span>
     <span class='ocr_line' id='line_1_4' title="bbox 127 607 1289 688; baseline 0 -16"><span class='ocrx_word' id='word_1_22' title='bbox 127 618 251 672; x_wconf 85' lang='lat' dir='ltr'><strong>natura</strong></span> <span class='ocrx_word' id='word_1_23' title='bbox 270 612 342 671; x_wconf 86' lang='lat' dir='ltr'><strong>sine</strong></span> <span class='ocrx_word' id='word_1_24' title='bbox 363 609 598 686; x_wconf 84' lang='lat' dir='ltr'><strong>sollicitudine,</strong></span> <span class='ocrx_word' id='word_1_25' title='bbox 621 613 692 673; x_wconf 88' lang='lat' dir='ltr'><strong>sinc</strong></span> <span class='ocrx_word' id='word_1_26' title='bbox 713 607 892 687; x_wconf 88' lang='lat' dir='ltr'><strong>desiderio,</strong></span> <span class='ocrx_word' id='word_1_27' title='bbox 914 613 986 672; x_wconf 86' lang='lat' dir='ltr'><strong>sinc</strong></span> <span class='ocrx_word' id='word_1_28' title='bbox 1007 629 1100 688; x_wconf 87' lang='lat' dir='ltr'><strong>cura,</strong></span> <span class='ocrx_word' id='word_1_29' title='bbox 1134 611 1211 671; x_wconf 86' lang='lat' dir='ltr'><strong>sine</strong></span> <span class='ocrx_word' id='word_1_30' title='bbox 1233 631 1289 672; x_wconf 87' lang='lat' dir='ltr'><strong>sn·</strong></span> 
     </span>
     <span class='ocr_line' id='line_1_5' title="bbox 127 689 1295 775; baseline -0.004 -17"><span class='ocrx_word' id='word_1_31' title='bbox 127 695 253 775; x_wconf 79' lang='lat' dir='ltr'><strong>spiri03</strong></span> <span class='ocrx_word' id='word_1_32' title='bbox 274 693 318 753; x_wconf 87' lang='lat' dir='ltr'><strong>sit</strong></span> <span class='ocrx_word' id='word_1_33' title='bbox 332 710 427 771; x_wconf 71' lang='lat' dir='ltr'><strong>sanes</strong></span> <span class='ocrx_word' id='word_1_34' title='bbox 448 701 544 765; x_wconf 84' lang='lat' dir='ltr'><strong>vacat</strong></span> <span class='ocrx_word' id='word_1_35' title='bbox 564 694 652 767; x_wconf 79' lang='lat' dir='ltr'><strong>enim</strong></span> <span class='ocrx_word' id='word_1_36' title='bbox 667 694 759 753; x_wconf 87' lang='lat' dir='ltr'><strong>omni</strong></span> <span class='ocrx_word' id='word_1_37' title='bbox 779 691 935 758; x_wconf 66' lang='lat' dir='ltr'><strong>libidines</strong></span> <span class='ocrx_word' id='word_1_38' title='bbox 959 693 1040 753; x_wconf 82' lang='lat' dir='ltr'><strong>haec</strong></span> <span class='ocrx_word' id='word_1_39' title='bbox 1052 703 1168 754; x_wconf 82' lang='lat' dir='ltr'><strong>autem</strong></span> <span class='ocrx_word' id='word_1_40' title='bbox 1191 689 1236 758; x_wconf 85' lang='lat' dir='ltr'><strong>de</strong></span> <span class='ocrx_word' id='word_1_41' title='bbox 1248 693 1295 768; x_wconf 56' lang='lat' dir='ltr'><strong>liq¹</strong></span> 
     </span>
     <span class='ocr_line' id='line_1_6' title="bbox 127 772 1288 854; baseline 0 -17"><span class='ocrx_word' id='word_1_42' title='bbox 127 774 242 838; x_wconf 83' lang='lat' dir='ltr'><strong>bidin&#39;e</strong></span> <span class='ocrx_word' id='word_1_43' title='bbox 269 775 380 834; x_wconf 85' lang='lat' dir='ltr'><strong>oratio</strong></span> <span class='ocrx_word' id='word_1_44' title='bbox 402 780 463 847; x_wconf 81' lang='lat' dir='ltr'><strong>est.</strong></span> <span class='ocrx_word' id='word_1_45' title='bbox 497 772 558 834; x_wconf 87' lang='lat' dir='ltr'><strong>Sin</strong></span> <span class='ocrx_word' id='word_1_46' title='bbox 579 781 689 842; x_wconf 83' lang='lat' dir='ltr'><strong>antem</strong></span> <span class='ocrx_word' id='word_1_47' title='bbox 712 782 764 836; x_wconf 88' lang='lat' dir='ltr'><strong>est</strong></span> <span class='ocrx_word' id='word_1_48' title='bbox 783 775 903 854; x_wconf 83' lang='lat' dir='ltr'><strong>aliquis</strong></span> <span class='ocrx_word' id='word_1_49' title='bbox 923 792 1030 850; x_wconf 88' lang='lat' dir='ltr'><strong>amor,</strong></span> <span class='ocrx_word' id='word_1_50' title='bbox 1053 781 1091 834; x_wconf 89' lang='lat' dir='ltr'><strong>ut</strong></span> <span class='ocrx_word' id='word_1_51' title='bbox 1111 782 1166 843; x_wconf 78' lang='lat' dir='ltr'><strong>ast</strong></span> <span class='ocrx_word' id='word_1_52' title='bbox 1184 782 1288 846; x_wconf 84' lang='lat' dir='ltr'><strong>certe,</strong></span> 
     </span>
     <span class='ocr_line' id='line_1_7' title="bbox 128 855 1290 938; baseline 0.001 -22"><span class='ocrx_word' id='word_1_53' title='bbox 128 858 188 938; x_wconf 84' lang='lat' dir='ltr'><strong>qui</strong></span> <span class='ocrx_word' id='word_1_54' title='bbox 208 857 293 917; x_wconf 69' lang='lat' dir='ltr'><strong>nihil</strong></span> <span class='ocrx_word' id='word_1_55' title='bbox 313 856 402 918; x_wconf 85' lang='lat' dir='ltr'><strong>absit</strong></span> <span class='ocrx_word' id='word_1_56' title='bbox 421 862 480 916; x_wconf 81' lang='lat' dir='ltr'><strong>aut</strong></span> <span class='ocrx_word' id='word_1_57' title='bbox 501 876 567 917; x_wconf 91' lang='lat' dir='ltr'><strong>non</strong></span> <span class='ocrx_word' id='word_1_58' title='bbox 588 856 731 921; x_wconf 86' lang='lat' dir='ltr'><strong>multum</strong></span> <span class='ocrx_word' id='word_1_59' title='bbox 751 856 792 924; x_wconf 83' lang='lat' dir='ltr'><strong>ab</strong></span> <span class='ocrx_word' id='word_1_60' title='bbox 809 856 952 934; x_wconf 77' lang='lat' dir='ltr'><strong>insania,</strong></span> <span class='ocrx_word' id='word_1_61' title='bbox 973 857 1080 937; x_wconf 82' lang='lat' dir='ltr'><strong>qualis</strong></span> <span class='ocrx_word' id='word_1_62' title='bbox 1102 856 1140 916; x_wconf 94' lang='lat' dir='ltr'><strong>in</strong></span> <span class='ocrx_word' id='word_1_63' title='bbox 1153 855 1290 920; x_wconf 63' lang='lat' dir='ltr'><strong>Leuca&lt;</strong></span> 
     </span>
     <span class='ocr_line' id='line_1_8' title="bbox 128 939 270 1002; baseline 0 -2"><span class='ocrx_word' id='word_1_64' title='bbox 128 939 270 1002; x_wconf 77' lang='lat' dir='ltr'><strong>dinoot:</strong></span> 
     </span>
    </p>
   </div>
   <div class='ocr_carea' id='block_1_3' title="bbox 19 987 1290 4468">
    <p class='ocr_par' dir='ltr' id='par_1_3' title="bbox 19 987 1290 4468">
     <span class='ocr_line' id='line_1_9' title="bbox 754 987 760 1011; baseline 0 0"><span class='ocrx_word' id='word_1_65' title='bbox 754 987 760 1011; x_wconf 90' lang='grc' dir='ltr'>Ι</span> 
     </span>
     <span class='ocr_line' id='line_1_10' title="bbox 292 1014 962 1103; baseline 0.001 -22"><span class='ocrx_word' id='word_1_66' title='bbox 292 1054 336 1067; x_wconf 92' lang='lat'><strong>·-</strong></span> <span class='ocrx_word' id='word_1_67' title='bbox 355 1049 397 1064; x_wconf 93' lang='lat'><strong>·-</strong></span> <span class='ocrx_word' id='word_1_68' title='bbox 430 1016 461 1100; x_wconf 84' lang='grc' dir='ltr'><strong>Ιἱ</strong></span> <span class='ocrx_word' id='word_1_69' title='bbox 480 1019 603 1102; x_wconf 83' lang='lat' dir='ltr'><strong>quiden</strong></span> <span class='ocrx_word' id='word_1_70' title='bbox 623 1021 670 1081; x_wconf 83' lang='lat' dir='ltr'><strong>sit</strong></span> <span class='ocrx_word' id='word_1_71' title='bbox 691 1014 855 1103; x_wconf 82' lang='lat' dir='ltr'><strong>quisqua&#39;m</strong></span> <span class='ocrx_word' id='word_1_72' title='bbox 875 1017 962 1097; x_wconf 81' lang='lat' dir='ltr'><strong>deno,</strong></span> 
     </span>
     <span class='ocr_line' id='line_1_11' title="bbox 136 1100 949 1184; baseline -0.009 -21"><span class='ocrx_word' id='word_1_73' title='bbox 136 1168 140 1177; x_wconf 59' lang='grc'><strong><em>,</em></strong></span> <span class='ocrx_word' id='word_1_74' title='bbox 232 1106 237 1119; x_wconf 95' lang='grc'>’</span> <span class='ocrx_word' id='word_1_75' title='bbox 295 1103 378 1172; x_wconf 83' lang='lat' dir='ltr'><strong>Quoi</strong></span> <span class='ocrx_word' id='word_1_76' title='bbox 398 1100 460 1184; x_wconf 83' lang='lat' dir='ltr'><strong>e&#39;go</strong></span> <span class='ocrx_word' id='word_1_77' title='bbox 480 1104 538 1165; x_wconf 84' lang='lat' dir='ltr'><strong>sim</strong></span> <span class='ocrx_word' id='word_1_78' title='bbox 560 1107 675 1164; x_wconf 85' lang='lat' dir='ltr'><strong>curae!</strong></span> <span class='ocrx_word' id='word_1_79' title='bbox 946 1152 949 1156; x_wconf 89' lang='lat'><strong>.</strong></span> 
     </span>
     <span class='ocr_line' id='line_1_12' title="bbox 128 1285 1288 1358; baseline 0.001 -16"><span class='ocrx_word' id='word_1_80' title='bbox 128 1285 163 1342; x_wconf 87' lang='lat' dir='ltr'><strong>de</strong></span> <span class='ocrx_word' id='word_1_81' title='bbox 181 1288 265 1341; x_wconf 79' lang='lat' dir='ltr'><strong>Finn.</strong></span> <span class='ocrx_word' id='word_1_82' title='bbox 286 1289 361 1340; x_wconf 87' lang='lat' dir='ltr'><strong>laud.</strong></span> <span class='ocrx_word' id='word_1_83' title='bbox 381 1296 476 1341; x_wconf 85' lang='lat' dir='ltr'><strong>annot.</strong></span> <span class='ocrx_word' id='word_1_84' title='bbox 497 1287 653 1341; x_wconf 81' lang='lat' dir='ltr'><strong>Goerennii</strong></span> <span class='ocrx_word' id='word_1_85' title='bbox 670 1305 699 1358; x_wconf 89' lang='lat' dir='ltr'><strong>p.</strong></span> <span class='ocrx_word' id='word_1_86' title='bbox 718 1290 779 1344; x_wconf 74' lang='lat'><strong>³99.</strong></span> <span class='ocrx_word' id='word_1_87' title='bbox 798 1289 850 1358; x_wconf 87' lang='lat' dir='ltr'><strong>qui</strong></span> <span class='ocrx_word' id='word_1_88' title='bbox 867 1305 922 1341; x_wconf 90' lang='lat' dir='ltr'><strong>nec</strong></span> <span class='ocrx_word' id='word_1_89' title='bbox 947 1288 1040 1341; x_wconf 79' lang='lat' dir='ltr'><strong>nostri</strong></span> <span class='ocrx_word' id='word_1_90' title='bbox 1062 1286 1125 1341; x_wconf 83' lang='lat' dir='ltr'><strong>loci</strong></span> <span class='ocrx_word' id='word_1_91' title='bbox 1151 1289 1215 1342; x_wconf 84' lang='lat' dir='ltr'><strong>fuit</strong></span> <span class='ocrx_word' id='word_1_92' title='bbox 1232 1290 1288 1343; x_wconf 71' lang='lat' dir='ltr'><strong>im·</strong></span> 
     </span>
     <span class='ocr_line' id='line_1_13' title="bbox 127 1358 1285 1428; baseline 0.001 -17"><span class='ocrx_word' id='word_1_93' title='bbox 127 1374 248 1411; x_wconf 85' lang='lat' dir='ltr'><strong>mernor.</strong></span> <span class='ocrx_word' id='word_1_94' title='bbox 268 1358 397 1414; x_wconf 88' lang='lat' dir='ltr'><strong>Woltius</strong></span> <span class='ocrx_word' id='word_1_95' title='bbox 415 1359 446 1410; x_wconf 91' lang='lat' dir='ltr'><strong>in</strong></span> <span class='ocrx_word' id='word_1_96' title='bbox 464 1358 570 1412; x_wconf 84' lang='lat' dir='ltr'><strong>scholis</strong></span> <span class='ocrx_word' id='word_1_97' title='bbox 588 1360 629 1412; x_wconf 80' lang='lat' dir='ltr'><strong>eit</strong></span> <span class='ocrx_word' id='word_1_98' title='bbox 646 1365 672 1411; x_wconf 90' lang='lat' dir='ltr'><strong>et</strong></span> <span class='ocrx_word' id='word_1_99' title='bbox 690 1367 755 1412; x_wconf 84' lang='lat' dir='ltr'><strong>ante</strong></span> <span class='ocrx_word' id='word_1_100' title='bbox 773 1362 928 1427; x_wconf 71' lang='lat' dir='ltr'><strong>sapientem</strong></span> <span class='ocrx_word' id='word_1_101' title='bbox 945 1376 1003 1412; x_wconf 84' lang='lat' dir='ltr'><strong>esse</strong></span> <span class='ocrx_word' id='word_1_102' title='bbox 1020 1359 1041 1410; x_wconf 92' lang='lat' dir='ltr'><strong>i.</strong></span> <span class='ocrx_word' id='word_1_103' title='bbox 1061 1377 1090 1428; x_wconf 88' lang='lat' dir='ltr'><strong>q.</strong></span> <span class='ocrx_word' id='word_1_104' title='bbox 1110 1362 1166 1425; x_wconf 85' lang='lat' dir='ltr'><strong>ael,</strong></span> <span class='ocrx_word' id='word_1_105' title='bbox 1186 1359 1285 1414; x_wconf 77' lang='lat' dir='ltr'><strong>etiams</strong></span> 
     </span>
     <span class='ocr_line' id='line_1_14' title="bbox 128 1426 1286 1499; baseline -0.001 -16"><span class='ocrx_word' id='word_1_106' title='bbox 128 1426 255 1483; x_wconf 71' lang='lat' dir='ltr'><strong>(lucilius</strong></span> <span class='ocrx_word' id='word_1_107' title='bbox 277 1438 387 1493; x_wconf 85' lang='lat' dir='ltr'><strong>eontra,</strong></span> <span class='ocrx_word' id='word_1_108' title='bbox 416 1445 474 1482; x_wconf 84' lang='lat' dir='ltr'><strong>esso</strong></span> <span class='ocrx_word' id='word_1_109' title='bbox 496 1430 683 1499; x_wconf 81' lang='lat' dir='ltr'><strong>partitionem</strong></span> <span class='ocrx_word' id='word_1_110' title='bbox 706 1435 733 1482; x_wconf 89' lang='lat' dir='ltr'><strong>et</strong></span> <span class='ocrx_word' id='word_1_111' title='bbox 757 1432 907 1498; x_wconf 79' lang='lat' dir='ltr'><strong>eapientem</strong></span> <span class='ocrx_word' id='word_1_112' title='bbox 926 1456 958 1468; x_wconf 93' lang='lat'>-</span> <span class='ocrx_word' id='word_1_113' title='bbox 976 1435 1004 1482; x_wconf 86' lang='lat' dir='ltr'><strong>et</strong></span> <span class='ocrx_word' id='word_1_114' title='bbox 1027 1445 1150 1483; x_wconf 86' lang='lat' dir='ltr'><strong>amorem</strong></span> <span class='ocrx_word' id='word_1_115' title='bbox 1175 1432 1286 1484; x_wconf 85' lang='lat' dir='ltr'><strong>rectius</strong></span> 
     </span>
     <span class='ocr_line' id='line_1_15' title="bbox 127 1497 1284 1570; baseline 0.003 -17"><span class='ocrx_word' id='word_1_116' title='bbox 127 1500 335 1553; x_wconf 78' lang='lat' dir='ltr'><strong>existimat-</strong></span> <span class='ocrx_word' id='word_1_117' title='bbox 369 1501 450 1554; x_wconf 84' lang='lat' dir='ltr'><strong>Unus</strong></span> <span class='ocrx_word' id='word_1_118' title='bbox 471 1501 533 1553; x_wconf 85' lang='lat' dir='ltr'><strong>Ox..</strong></span> <span class='ocrx_word' id='word_1_119' title='bbox 549 1500 602 1570; x_wconf 87' lang='lat' dir='ltr'><strong>pro</strong></span> <span class='ocrx_word' id='word_1_120' title='bbox 626 1506 784 1552; x_wconf 60' lang='lat' dir='ltr'><strong>aulaearum</strong></span> <span class='ocrx_word' id='word_1_121' title='bbox 810 1514 871 1554; x_wconf 80' lang='lat' dir='ltr'><strong>esee</strong></span> <span class='ocrx_word' id='word_1_122' title='bbox 900 1499 995 1554; x_wconf 84' lang='lat' dir='ltr'><strong>dieunt</strong></span> <span class='ocrx_word' id='word_1_123' title='bbox 1021 1499 1109 1554; x_wconf 79' lang='lat' dir='ltr'><strong>habet</strong></span> <span class='ocrx_word' id='word_1_124' title='bbox 1133 1497 1284 1566; x_wconf 67' lang='lat' dir='ltr'><strong>naturam</strong></span> 
     </span>
     <span class='ocr_line' id='line_1_16' title="bbox 127 1570 1287 1639; baseline -0.004 -15"><span class='ocrx_word' id='word_1_125' title='bbox 127 1570 354 1624; x_wconf 87' lang='lat' dir='ltr'><strong>Duisb..omittit</strong></span> <span class='ocrx_word' id='word_1_126' title='bbox 371 1587 436 1627; x_wconf 78' lang='lat' dir='ltr'><strong>eece.</strong></span> <span class='ocrx_word' id='word_1_127' title='bbox 472 1572 534 1624; x_wconf 80' lang='lat' dir='ltr'><strong>Me.</strong></span> <span class='ocrx_word' id='word_1_128' title='bbox 674 1570 677 1577; x_wconf 85' lang='lat'>&#39;</span> <span class='ocrx_word' id='word_1_129' title='bbox 985 1570 988 1577; x_wconf 90' lang='lat'>&#39;</span> <span class='ocrx_word' id='word_1_130' title='bbox 1199 1630 1208 1639; x_wconf 20' lang='grc' dir='ltr'><em>θ</em></span> <span class='ocrx_word' id='word_1_131' title='bbox 1279 1581 1287 1619; x_wconf 72' lang='lat' dir='ltr'><strong>t</strong></span> 
     </span>
     <span class='ocr_line' id='line_1_17' title="bbox 200 1639 1286 1710; baseline 0.001 -15"><span class='ocrx_word' id='word_1_132' title='bbox 200 1648 228 1695; x_wconf 88' lang='lat' dir='ltr'><strong>et</strong></span> <span class='ocrx_word' id='word_1_133' title='bbox 247 1656 370 1694; x_wconf 84' lang='lat' dir='ltr'><strong>amorem</strong></span> <span class='ocrx_word' id='word_1_134' title='bbox 387 1641 477 1708; x_wconf 80' lang='lat' dir='ltr'><strong>tpmm</strong></span> <span class='ocrx_word' id='word_1_135' title='bbox 494 1668 528 1693; x_wconf 66' lang='lat' dir='ltr'><strong>r-</strong></span> <span class='ocrx_word' id='word_1_136' title='bbox 547 1639 695 1707; x_wconf 77' lang='lat' dir='ltr'><strong>definiant]</strong></span> <span class='ocrx_word' id='word_1_137' title='bbox 719 1640 840 1707; x_wconf 89' lang='lat' dir='ltr'><strong>„Stoici</strong></span> <span class='ocrx_word' id='word_1_138' title='bbox 857 1640 958 1694; x_wconf 89' lang='lat' dir='ltr'><strong>dicunt</strong></span> <span class='ocrx_word' id='word_1_139' title='bbox 975 1640 1026 1694; x_wconf 82' lang='grc' dir='ltr'><strong>τόν</strong></span> <span class='ocrx_word' id='word_1_140' title='bbox 1043 1641 1132 1710; x_wconf 71' lang='grc' dir='ltr'><strong><em>ἔρωτα</em></strong></span> <span class='ocrx_word' id='word_1_141' title='bbox 1149 1643 1190 1709; x_wconf 74' lang='grc' dir='ltr'><strong>μη</strong></span> <span class='ocrx_word' id='word_1_142' title='bbox 1211 1639 1286 1697; x_wconf 74' lang='grc' dir='ltr'><strong><em>εἶναι</em></strong></span> 
     </span>
     <span class='ocr_line' id='line_1_18' title="bbox 128 1710 1284 1782; baseline 0.002 -18"><span class='ocrx_word' id='word_1_143' title='bbox 128 1718 285 1773; x_wconf 74' lang='grc' dir='ltr'><strong><em>συνουσίας,</em></strong></span> <span class='ocrx_word' id='word_1_144' title='bbox 303 1710 370 1763; x_wconf 75' lang='lat' dir='ltr'><strong>attat</strong></span> <span class='ocrx_word' id='word_1_145' title='bbox 390 1712 489 1779; x_wconf 67' lang='grc' dir='ltr'><strong>φιλίας,Δ</strong></span> <span class='ocrx_word' id='word_1_146' title='bbox 507 1718 541 1763; x_wconf 89' lang='lat' dir='ltr'><strong>ut</strong></span> <span class='ocrx_word' id='word_1_147' title='bbox 557 1720 680 1764; x_wconf 83' lang='lat' dir='ltr'><strong>testatur</strong></span> <span class='ocrx_word' id='word_1_148' title='bbox 696 1713 792 1766; x_wconf 67' lang='lat' dir='ltr'><strong>lia‘e&#39;rt.</strong></span> <span class='ocrx_word' id='word_1_149' title='bbox 811 1712 862 1764; x_wconf 87' lang='lat' dir='ltr'><strong>lib.</strong></span> <span class='ocrx_word' id='word_1_150' title='bbox 881 1712 945 1764; x_wconf 84' lang='lat' dir='ltr'><strong>Vll.</strong></span> <span class='ocrx_word' id='word_1_151' title='bbox 971 1712 1102 1782; x_wconf 82' lang='lat' dir='ltr'><strong>Epicuro</strong></span> <span class='ocrx_word' id='word_1_152' title='bbox 1120 1721 1233 1777; x_wconf 85' lang='lat' dir='ltr'><strong>contra,</strong></span> <span class='ocrx_word' id='word_1_153' title='bbox 1251 1721 1284 1766; x_wconf 86' lang='lat' dir='ltr'><strong>ut</strong></span> 
     </span>
     <span class='ocr_line' id='line_1_19' title="bbox 127 1776 1281 1906; baseline 0.003 -72"><span class='ocrx_word' id='word_1_154' title='bbox 127 1782 206 1906; x_wconf 53' lang='lat' dir='ltr'><strong>idedu</strong></span> <span class='ocrx_word' id='word_1_155' title='bbox 231 1781 331 1834; x_wconf 86' lang='lat' dir='ltr'><strong>eodem</strong></span> <span class='ocrx_word' id='word_1_156' title='bbox 355 1780 431 1834; x_wconf 87' lang='lat' dir='ltr'><strong>libro</strong></span> <span class='ocrx_word' id='word_1_157' title='bbox 455 1782 565 1848; x_wconf 76' lang='lat' dir='ltr'><strong>scribit,</strong></span> <span class='ocrx_word' id='word_1_158' title='bbox 593 1779 793 1854; x_wconf 76' lang='grc' dir='ltr'><strong><em>ἐρασθήσεσθαι</em></strong></span> <span class='ocrx_word' id='word_1_159' title='bbox 818 1782 869 1836; x_wconf 79' lang='grc' dir='ltr'><strong>τόν</strong></span> <span class='ocrx_word' id='word_1_160' title='bbox 895 1776 990 1851; x_wconf 79' lang='grc' dir='ltr'><strong><em>σοφὸν</em></strong></span> <span class='ocrx_word' id='word_1_161' title='bbox 1015 1779 1049 1835; x_wconf 83' lang='grc' dir='ltr'><strong>οὐ</strong></span> <span class='ocrx_word' id='word_1_162' title='bbox 1075 1782 1188 1839; x_wconf 78' lang='lat' dir='ltr'><strong>dousi.“</strong></span> <span class='ocrx_word' id='word_1_163' title='bbox 1219 1785 1281 1838; x_wconf 80' lang='lat' dir='ltr'><strong>Fre.</strong></span> 
     </span>
     <span class='ocr_line' id='line_1_20' title="bbox 153 1867 1285 1916; baseline 0.002 -12"><span class='ocrx_word' id='word_1_164' title='bbox 153 1868 214 1909; x_wconf 84' lang='lat' dir='ltr'><strong>ar.</strong></span> <span class='ocrx_word' id='word_1_165' title='bbox 451 1867 452 1872; x_wconf 50' lang='lat'>¹</span> <span class='ocrx_word' id='word_1_166' title='bbox 504 1894 507 1899; x_wconf 95' lang='lat'><strong>.</strong></span> <span class='ocrx_word' id='word_1_167' title='bbox 870 1897 873 1903; x_wconf 96' lang='lat'><strong>.</strong></span> <span class='ocrx_word' id='word_1_168' title='bbox 936 1899 944 1912; x_wconf 81' lang='lat'><strong>.</strong></span> <span class='ocrx_word' id='word_1_169' title='bbox 998 1887 1000 1892; x_wconf 85' lang='lat'><strong>.</strong></span> <span class='ocrx_word' id='word_1_170' title='bbox 1272 1870 1285 1916; x_wconf 74' lang='lat'><strong>‘.&#39;</strong></span> 
     </span>
     <span class='ocr_line' id='line_1_21' title="bbox 134 1921 1283 2008; baseline 0.001 -32"><span class='ocrx_word' id='word_1_171' title='bbox 134 1965 136 1968; x_wconf 88' lang='lat'><strong>.</strong></span> <span class='ocrx_word' id='word_1_172' title='bbox 164 1967 167 1971; x_wconf 93' lang='lat'><strong>.</strong></span> <span class='ocrx_word' id='word_1_173' title='bbox 198 1925 332 1978; x_wconf 80' lang='lat' dir='ltr'><strong>Amorem</strong></span> <span class='ocrx_word' id='word_1_174' title='bbox 340 1923 432 1992; x_wconf 81' lang='lat' dir='ltr'><strong>ipsum</strong></span> <span class='ocrx_word' id='word_1_175' title='bbox 443 1929 571 1978; x_wconf 85' lang='lat' dir='ltr'><strong>canatum</strong></span> <span class='ocrx_word' id='word_1_176' title='bbox 581 1921 727 1977; x_wconf 84' lang='lat' dir='ltr'><strong>amicitiae</strong></span> <span class='ocrx_word' id='word_1_177' title='bbox 737 1922 893 1990; x_wconf 77' lang='lat' dir='ltr'><strong>faciendae]</strong></span> <span class='ocrx_word' id='word_1_178' title='bbox 911 1923 1052 2008; x_wconf 75' lang='lat' dir='ltr'><strong>Diogenes</strong></span> <span class='ocrx_word' id='word_1_179' title='bbox 1065 1925 1190 1976; x_wconf 80' lang='lat' dir='ltr'><strong>Laertia</strong></span> <span class='ocrx_word' id='word_1_180' title='bbox 1217 1922 1283 1990; x_wconf 87' lang='lat' dir='ltr'><strong>Vll,</strong></span> 
     </span>
     <span class='ocr_line' id='line_1_22' title="bbox 128 1987 1282 2064; baseline -0.002 -15"><span class='ocrx_word' id='word_1_181' title='bbox 128 1997 190 2050; x_wconf 84' lang='lat'><strong>130.</strong></span> <span class='ocrx_word' id='word_1_182' title='bbox 225 1987 307 2048; x_wconf 75' lang='grc' dir='ltr'><strong><em>Εἶναι</em></strong></span> <span class='ocrx_word' id='word_1_183' title='bbox 327 1995 358 2049; x_wconf 74' lang='grc' dir='ltr'><strong>δὲ</strong></span> <span class='ocrx_word' id='word_1_184' title='bbox 376 1991 426 2049; x_wconf 79' lang='grc' dir='ltr'><strong>τὸν</strong></span> <span class='ocrx_word' id='word_1_185' title='bbox 443 1995 530 2064; x_wconf 73' lang='grc' dir='ltr'><strong><em>ἔρωτα</em></strong></span> <span class='ocrx_word' id='word_1_186' title='bbox 547 1990 680 2063; x_wconf 73' lang='grc' dir='ltr'><strong><em>ἐπιβολὴν</em></strong></span> <span class='ocrx_word' id='word_1_187' title='bbox 696 1998 850 2064; x_wconf 71' lang='grc' dir='ltr'><strong><em>φιλοποιίας</em></strong></span> <span class='ocrx_word' id='word_1_188' title='bbox 878 1995 925 2047; x_wconf 76' lang='grc' dir='ltr'><strong>διὰ</strong></span> <span class='ocrx_word' id='word_1_189' title='bbox 942 1995 1038 2056; x_wconf 76' lang='grc' dir='ltr'><strong><em>καλλος</em></strong></span> <span class='ocrx_word' id='word_1_190' title='bbox 1063 1993 1282 2064; x_wconf 73' lang='grc' dir='ltr'><strong><em>ὲμφαινόμιασν.</em></strong></span> 
     </span>
     <span class='ocr_line' id='line_1_23' title="bbox 19 2064 1285 2136; baseline 0.001 -19"><span class='ocrx_word' id='word_1_191' title='bbox 19 2091 24 2097; x_wconf 91' lang='grc'>·</span> <span class='ocrx_word' id='word_1_192' title='bbox 126 2065 236 2118; x_wconf 81' lang='lat' dir='ltr'><strong>Eadem</strong></span> <span class='ocrx_word' id='word_1_193' title='bbox 264 2067 373 2136; x_wconf 84' lang='lat' dir='ltr'><strong>repetit</strong></span> <span class='ocrx_word' id='word_1_194' title='bbox 402 2065 504 2131; x_wconf 72' lang='lat' dir='ltr'><strong>suidas</strong></span> <span class='ocrx_word' id='word_1_195' title='bbox 532 2064 565 2116; x_wconf 92' lang='lat' dir='ltr'><strong>in</strong></span> <span class='ocrx_word' id='word_1_196' title='bbox 602 2065 679 2135; x_wconf 73' lang='lat' dir='ltr'><strong>iprae.</strong></span> <span class='ocrx_word' id='word_1_197' title='bbox 721 2065 902 2118; x_wconf 85' lang='lat' dir='ltr'><strong>Andronicus</strong></span> <span class='ocrx_word' id='word_1_198' title='bbox 924 2065 1055 2119; x_wconf 80' lang='lat' dir='ltr'><strong>Rhodius</strong></span> <span class='ocrx_word' id='word_1_199' title='bbox 1087 2067 1154 2134; x_wconf 75' lang='grc' dir='ltr'><strong>περὶ</strong></span> <span class='ocrx_word' id='word_1_200' title='bbox 1183 2067 1285 2119; x_wconf 77' lang='grc' dir='ltr'><strong><em>παθῶν</em></strong></span> 
     </span>
     <span class='ocr_line' id='line_1_24' title="bbox 125 2132 1285 2209; baseline 0.002 -22"><span class='ocrx_word' id='word_1_201' title='bbox 125 2152 192 2209; x_wconf 79' lang='lat' dir='ltr'><strong>pag.</strong></span> <span class='ocrx_word' id='word_1_202' title='bbox 211 2138 273 2192; x_wconf 79' lang='lat'><strong>525.</strong></span> <span class='ocrx_word' id='word_1_203' title='bbox 306 2137 393 2204; x_wconf 75' lang='grc' dir='ltr'><strong><em>Ἔρως</em></strong></span> <span class='ocrx_word' id='word_1_204' title='bbox 419 2136 452 2188; x_wconf 81' lang='lat' dir='ltr'><strong>di</strong></span> <span class='ocrx_word' id='word_1_205' title='bbox 474 2133 608 2202; x_wconf 73' lang='grc' dir='ltr'><strong><em>ἐπιθυμία</em></strong></span> <span class='ocrx_word' id='word_1_206' title='bbox 632 2137 738 2206; x_wconf 79' lang='grc' dir='ltr'><strong><em>φιλίας·</em></strong></span> <span class='ocrx_word' id='word_1_207' title='bbox 771 2135 941 2206; x_wconf 73' lang='grc' dir='ltr'><strong><em>ἡέπιθυμία</em></strong></span> <span class='ocrx_word' id='word_1_208' title='bbox 957 2136 1030 2204; x_wconf 81' lang='grc' dir='ltr'><strong><em>θροῦ</em></strong></span> <span class='ocrx_word' id='word_1_209' title='bbox 1055 2133 1198 2198; x_wconf 72' lang='grc' dir='ltr'><strong><em>εἷς’νααῖν</em></strong></span> <span class='ocrx_word' id='word_1_210' title='bbox 1214 2132 1285 2189; x_wconf 73' lang='grc' dir='ltr'><strong>κατὰ</strong></span> 
     </span>
     <span class='ocr_line' id='line_1_25' title="bbox 120 2199 1285 2276; baseline 0.003 -18"><span class='ocrx_word' id='word_1_211' title='bbox 120 2201 264 2274; x_wconf 74' lang='grc' dir='ltr'><strong><em>,κόσμησιν</em></strong></span> <span class='ocrx_word' id='word_1_212' title='bbox 281 2209 370 2261; x_wconf 74' lang='lat' dir='ltr'><strong>xalaie</strong></span> <span class='ocrx_word' id='word_1_213' title='bbox 387 2205 423 2271; x_wconf 84' lang='grc' dir='ltr'><strong>ἣν</strong></span> <span class='ocrx_word' id='word_1_214' title='bbox 440 2205 590 2274; x_wconf 70' lang='grc' dir='ltr'><strong><em>ἐπιβουλήν</em></strong></span> <span class='ocrx_word' id='word_1_215' title='bbox 608 2210 722 2259; x_wconf 79' lang='grc' dir='ltr'><strong><em>καλοῦσι</em></strong></span> <span class='ocrx_word' id='word_1_216' title='bbox 740 2211 903 2275; x_wconf 75' lang='grc' dir='ltr'><strong><em>φιλοπονίας</em></strong></span> <span class='ocrx_word' id='word_1_217' title='bbox 921 2206 968 2258; x_wconf 83' lang='lat' dir='ltr'><strong>dni</strong></span> <span class='ocrx_word' id='word_1_218' title='bbox 987 2199 1085 2266; x_wconf 74' lang='grc' dir='ltr'><strong><em>κάλλος</em></strong></span> <span class='ocrx_word' id='word_1_219' title='bbox 1109 2202 1285 2276; x_wconf 71' lang='grc' dir='ltr'><strong><em>ἐμφαινόμε-</em></strong></span> 
     </span>
     <span class='ocr_line' id='line_1_26' title="bbox 125 2275 1287 2348; baseline -0.001 -17"><span class='ocrx_word' id='word_1_220' title='bbox 125 2292 188 2331; x_wconf 77' lang='grc' dir='ltr'><strong><em>νον.</em></strong></span> <span class='ocrx_word' id='word_1_221' title='bbox 215 2277 446 2346; x_wconf 79' lang='lat' dir='ltr'><strong>corruptissimo.</strong></span> <span class='ocrx_word' id='word_1_222' title='bbox 484 2276 672 2335; x_wconf 77' lang='lat' dir='ltr'><strong>scribendum</strong></span> <span class='ocrx_word' id='word_1_223' title='bbox 689 2277 821 2341; x_wconf 55' lang='lat' dir='ltr'><strong>videtum</strong></span> <span class='ocrx_word' id='word_1_224' title='bbox 835 2276 903 2348; x_wconf 74' lang='grc' dir='ltr'><strong>ἔρως</strong></span> <span class='ocrx_word' id='word_1_225' title='bbox 926 2275 959 2328; x_wconf 81' lang='lat' dir='ltr'><strong>di</strong></span> <span class='ocrx_word' id='word_1_226' title='bbox 975 2278 1111 2345; x_wconf 73' lang='grc' dir='ltr'><strong><em>ἐπιθυμία</em></strong></span> <span class='ocrx_word' id='word_1_227' title='bbox 1128 2281 1239 2346; x_wconf 71' lang='grc' dir='ltr'><strong><em>φιλίας·</em></strong></span> <span class='ocrx_word' id='word_1_228' title='bbox 1265 2276 1287 2344; x_wconf 76' lang='grc' dir='ltr'><strong>ἢ·</strong></span> 
     </span>
     <span class='ocr_line' id='line_1_27' title="bbox 125 2341 1287 2414; baseline 0 -14"><span class='ocrx_word' id='word_1_229' title='bbox 125 2347 259 2414; x_wconf 62' lang='grc' dir='ltr'><strong><em>ἐπιθυμία</em></strong></span> <span class='ocrx_word' id='word_1_230' title='bbox 274 2343 495 2398; x_wconf 79' lang='grc' dir='ltr'><em>’ΛΝΘΡΩἩΟΥ</em></span> <span class='ocrx_word' id='word_1_231' title='bbox 510 2347 547 2405; x_wconf 79' lang='grc' dir='ltr'><strong>εἰς</strong></span> <span class='ocrx_word' id='word_1_232' title='bbox 563 2341 673 2398; x_wconf 75' lang='lat' dir='ltr'><strong><em>NE&#39;ON</em></strong></span> <span class='ocrx_word' id='word_1_233' title='bbox 687 2347 754 2400; x_wconf 75' lang='lat' dir='ltr'><strong>nutri</strong></span> <span class='ocrx_word' id='word_1_234' title='bbox 773 2345 909 2414; x_wconf 80' lang='grc' dir='ltr'><strong><em>κόσμησιν</em></strong></span> <span class='ocrx_word' id='word_1_235' title='bbox 927 2347 1074 2410; x_wconf 61' lang='lat' dir='ltr'><strong>mou,</strong></span> <span class='ocrx_word' id='word_1_236' title='bbox 1096 2347 1133 2414; x_wconf 78' lang='grc' dir='ltr'><strong>ἢν</strong></span> <span class='ocrx_word' id='word_1_237' title='bbox 1149 2349 1287 2400; x_wconf 60' lang='lat' dir='ltr'><strong>’nutum</strong></span> 
     </span>
     <span class='ocr_line' id='line_1_28' title="bbox 125 2411 1285 2487; baseline 0.004 -20"><span class='ocrx_word' id='word_1_238' title='bbox 125 2413 224 2468; x_wconf 71' lang='lat' dir='ltr'><strong>AH‘N</strong></span> <span class='ocrx_word' id='word_1_239' title='bbox 239 2419 351 2471; x_wconf 77' lang='lat' dir='ltr'><strong>neieina</strong></span> <span class='ocrx_word' id='word_1_240' title='bbox 368 2415 601 2470; x_wconf 79' lang='grc' dir='ltr'><em>ΦΙΛΟΗΟΙΓΑΣ</em></span> <span class='ocrx_word' id='word_1_241' title='bbox 623 2417 670 2470; x_wconf 76' lang='grc' dir='ltr'><strong>δαὶ</strong></span> <span class='ocrx_word' id='word_1_242' title='bbox 688 2417 783 2476; x_wconf 74' lang='grc' dir='ltr'><strong><em>κάλλος</em></strong></span> <span class='ocrx_word' id='word_1_243' title='bbox 801 2411 1018 2487; x_wconf 71' lang='grc' dir='ltr'><strong><em>ἐμφαινόμενον.</em></strong></span> <span class='ocrx_word' id='word_1_244' title='bbox 1055 2418 1120 2469; x_wconf 86' lang='lat' dir='ltr'><strong>Huc</strong></span> <span class='ocrx_word' id='word_1_245' title='bbox 1143 2419 1285 2473; x_wconf 74' lang='lat' dir='ltr'><strong>facientia</strong></span> 
     </span>
     <span class='ocr_line' id='line_1_29' title="bbox 125 2486 1284 2613; baseline 0.002 -73"><span class='ocrx_word' id='word_1_246' title='bbox 125 2486 214 2613; x_wconf 54' lang='lat' dir='ltr'><strong>Septi</strong></span> <span class='ocrx_word' id='word_1_247' title='bbox 227 2486 404 2611; x_wconf 61' lang='lat' dir='ltr'><strong>gtobaeique</strong></span> <span class='ocrx_word' id='word_1_248' title='bbox 432 2489 519 2542; x_wconf 81' lang='lat' dir='ltr'><strong>verba</strong></span> <span class='ocrx_word' id='word_1_249' title='bbox 548 2487 605 2539; x_wconf 88' lang='lat' dir='ltr'><strong>iarn</strong></span> <span class='ocrx_word' id='word_1_250' title='bbox 628 2488 707 2541; x_wconf 85' lang='lat' dir='ltr'><strong>dedit</strong></span> <span class='ocrx_word' id='word_1_251' title='bbox 733 2488 804 2563; x_wconf 78' lang='lat' dir='ltr'><strong>Aeg.</strong></span> <span class='ocrx_word' id='word_1_252' title='bbox 839 2488 987 2563; x_wconf 80' lang='lat' dir='ltr'><strong>Menagius</strong></span> <span class='ocrx_word' id='word_1_253' title='bbox 1013 2486 1049 2540; x_wconf 85' lang='lat' dir='ltr'><strong>ad</strong></span> <span class='ocrx_word' id='word_1_254' title='bbox 1072 2490 1188 2542; x_wconf 81' lang='lat' dir='ltr'><strong>Laertii</strong></span> <span class='ocrx_word' id='word_1_255' title='bbox 1217 2491 1284 2557; x_wconf 84' lang='lat' dir='ltr'><strong>Vll,</strong></span> 
     </span>
     <span class='ocr_line' id='line_1_30' title="bbox 131 2625 1286 2704; baseline 0.005 -26"><span class='ocrx_word' id='word_1_256' title='bbox 131 2661 134 2667; x_wconf 87' lang='lat'><em>-</em></span> <span class='ocrx_word' id='word_1_257' title='bbox 196 2643 319 2682; x_wconf 87' lang='lat' dir='ltr'><strong>amorem</strong></span> <span class='ocrx_word' id='word_1_258' title='bbox 337 2658 370 2673; x_wconf 88' lang='lat'><strong>--</strong></span> <span class='ocrx_word' id='word_1_259' title='bbox 390 2626 550 2694; x_wconf 68' lang='lat' dir='ltr'><strong>definiunt}</strong></span> <span class='ocrx_word' id='word_1_260' title='bbox 572 2625 769 2699; x_wconf 81' lang='lat' dir='ltr'><strong>Wopkensius</strong></span> <span class='ocrx_word' id='word_1_261' title='bbox 787 2628 808 2680; x_wconf 95' lang='lat' dir='ltr'><strong>l.</strong></span> <span class='ocrx_word' id='word_1_262' title='bbox 829 2645 901 2698; x_wconf 52' lang='lat' dir='ltr'><strong>nvp.</strong></span> <span class='ocrx_word' id='word_1_263' title='bbox 922 2630 982 2683; x_wconf 83' lang='lat' dir='ltr'><strong>lto.</strong></span> <span class='ocrx_word' id='word_1_264' title='bbox 1001 2629 1103 2704; x_wconf 37' lang='lat' dir='ltr'><strong>locum!</strong></span> <span class='ocrx_word' id='word_1_265' title='bbox 1118 2628 1286 2685; x_wconf 83' lang='lat' dir='ltr'><strong>Andronici·</strong></span> 
     </span>
     <span class='ocr_line' id='line_1_31' title="bbox 110 2697 1286 2768; baseline 0.004 -18"><span class='ocrx_word' id='word_1_266' title='bbox 110 2697 231 2754; x_wconf 62' lang='lat' dir='ltr'><strong>nisenii</strong></span> <span class='ocrx_word' id='word_1_267' title='bbox 248 2717 265 2751; x_wconf 87' lang='lat' dir='ltr'><strong>a</strong></span> <span class='ocrx_word' id='word_1_268' title='bbox 282 2698 398 2751; x_wconf 85' lang='lat' dir='ltr'><strong>Davisio</strong></span> <span class='ocrx_word' id='word_1_269' title='bbox 416 2699 562 2751; x_wconf 80' lang='lat' dir='ltr'><strong>laudatum</strong></span> <span class='ocrx_word' id='word_1_270' title='bbox 579 2714 637 2751; x_wconf 90' lang='lat' dir='ltr'><strong>non</strong></span> <span class='ocrx_word' id='word_1_271' title='bbox 654 2699 740 2768; x_wconf 88' lang='lat' dir='ltr'><strong>plane</strong></span> <span class='ocrx_word' id='word_1_272' title='bbox 759 2699 857 2757; x_wconf 82' lang='lat' dir='ltr'><strong>eodem</strong></span> <span class='ocrx_word' id='word_1_273' title='bbox 875 2698 960 2752; x_wconf 90' lang='lat' dir='ltr'><strong>modo</strong></span> <span class='ocrx_word' id='word_1_274' title='bbox 978 2709 1143 2752; x_wconf 84' lang='lat' dir='ltr'><strong>correctum</strong></span> <span class='ocrx_word' id='word_1_275' title='bbox 1156 2702 1286 2768; x_wconf 80' lang='lat' dir='ltr'><strong>volebat,-</strong></span> 
     </span>
     <span class='ocr_line' id='line_1_32' title="bbox 126 2765 1283 2841; baseline 0.003 -21"><span class='ocrx_word' id='word_1_276' title='bbox 126 2785 183 2838; x_wconf 89' lang='lat' dir='ltr'><strong>quo</strong></span> <span class='ocrx_word' id='word_1_277' title='bbox 208 2769 354 2833; x_wconf 83' lang='lat' dir='ltr'><strong>Davisius,</strong></span> <span class='ocrx_word' id='word_1_278' title='bbox 381 2768 430 2821; x_wconf 84' lang='lat' dir='ltr'><strong>sed</strong></span> <span class='ocrx_word' id='word_1_279' title='bbox 453 2766 586 2835; x_wconf 73' lang='grc' dir='ltr'><strong><em>ἐπιθυμία</em></strong></span> <span class='ocrx_word' id='word_1_280' title='bbox 612 2769 790 2839; x_wconf 68' lang='grc' dir='ltr'><strong><em>θηριώδης</em></strong></span> <span class='ocrx_word' id='word_1_281' title='bbox 809 2768 905 2828; x_wconf 79' lang='grc' dir='ltr'><strong><em>νέων,</em></strong></span> <span class='ocrx_word' id='word_1_282' title='bbox 924 2765 991 2821; x_wconf 73' lang='grc' dir='ltr'><strong>κατὰ</strong></span> <span class='ocrx_word' id='word_1_283' title='bbox 1017 2768 1157 2841; x_wconf 79' lang='grc' dir='ltr'><strong><em>κόσμησιν</em></strong></span> <span class='ocrx_word' id='word_1_284' title='bbox 1182 2776 1283 2826; x_wconf 73' lang='lat' dir='ltr'><strong>aeter.</strong></span> 
     </span>
     <span class='ocr_line' id='line_1_33' title="bbox 125 2838 1287 2913; baseline 0.001 -21"><span class='ocrx_word' id='word_1_285' title='bbox 125 2839 354 2892; x_wconf 46' lang='grc' dir='ltr'><strong><em>Ιο&gt;Οοι1.Μοι·1).</em></strong></span> <span class='ocrx_word' id='word_1_286' title='bbox 379 2838 491 2913; x_wconf 79' lang='lat' dir='ltr'><strong>legitur</strong></span> <span class='ocrx_word' id='word_1_287' title='bbox 518 2843 670 2891; x_wconf 86' lang='lat' dir='ltr'><strong>amatorem</strong></span> <span class='ocrx_word' id='word_1_288' title='bbox 694 2855 746 2909; x_wconf 88' lang='lat' dir='ltr'><strong>pro</strong></span> <span class='ocrx_word' id='word_1_289' title='bbox 771 2855 903 2904; x_wconf 86' lang='lat' dir='ltr'><strong>amorem,</strong></span> <span class='ocrx_word' id='word_1_290' title='bbox 929 2839 962 2890; x_wconf 91' lang='lat' dir='ltr'><strong>in</strong></span> <span class='ocrx_word' id='word_1_291' title='bbox 987 2840 1063 2892; x_wconf 76' lang='lat' dir='ltr'><strong>Gau.-</strong></span> <span class='ocrx_word' id='word_1_292' title='bbox 1080 2845 1106 2897; x_wconf 78' lang='lat'><strong>2.</strong></span> <span class='ocrx_word' id='word_1_293' title='bbox 1132 2841 1287 2911; x_wconf 76' lang='lat' dir='ltr'><strong>cognatum</strong></span> 
     </span>
     <span class='ocr_line' id='line_1_34' title="bbox 123 2909 1284 2982; baseline 0.006 -22"><span class='ocrx_word' id='word_1_294' title='bbox 123 2923 179 2979; x_wconf 86' lang='lat' dir='ltr'><strong>pro</strong></span> <span class='ocrx_word' id='word_1_295' title='bbox 196 2914 334 2974; x_wconf 84' lang='lat' dir='ltr'><strong>conatum,</strong></span> <span class='ocrx_word' id='word_1_296' title='bbox 353 2909 385 2959; x_wconf 88' lang='lat' dir='ltr'><strong>in</strong></span> <span class='ocrx_word' id='word_1_297' title='bbox 402 2911 477 2961; x_wconf 85' lang='lat' dir='ltr'><strong>Mon.</strong></span> <span class='ocrx_word' id='word_1_298' title='bbox 497 2912 523 2963; x_wconf 94' lang='lat' dir='ltr'><strong>l.</strong></span> <span class='ocrx_word' id='word_1_299' title='bbox 544 2917 572 2960; x_wconf 89' lang='lat' dir='ltr'><strong>et</strong></span> <span class='ocrx_word' id='word_1_300' title='bbox 591 2917 714 2978; x_wconf 83' lang='lat' dir='ltr'><strong>quatuor</strong></span> <span class='ocrx_word' id='word_1_301' title='bbox 736 2910 805 2962; x_wconf 82' lang='lat' dir='ltr'><strong>Oxx.</strong></span> <span class='ocrx_word' id='word_1_302' title='bbox 832 2913 857 2961; x_wconf 88' lang='lat' dir='ltr'><strong>et</strong></span> <span class='ocrx_word' id='word_1_303' title='bbox 880 2926 934 2979; x_wconf 80' lang='lat' dir='ltr'><strong>pro</strong></span> <span class='ocrx_word' id='word_1_304' title='bbox 959 2924 1006 2973; x_wconf 70' lang='grc' dir='ltr'><strong>αις</strong></span> <span class='ocrx_word' id='word_1_305' title='bbox 1031 2910 1063 2961; x_wconf 89' lang='lat' dir='ltr'><strong>in</strong></span> <span class='ocrx_word' id='word_1_306' title='bbox 1089 2913 1186 2966; x_wconf 84' lang='lat' dir='ltr'><strong>tribus</strong></span> <span class='ocrx_word' id='word_1_307' title='bbox 1204 2931 1284 2982; x_wconf 77' lang='lat' dir='ltr'><strong>spent</strong></span> 
     </span>
     <span class='ocr_line' id='line_1_35' title="bbox 124 2976 1281 3055; baseline 0.007 -24"><span class='ocrx_word' id='word_1_308' title='bbox 124 2994 180 3050; x_wconf 89' lang='lat' dir='ltr'><strong>pro</strong></span> <span class='ocrx_word' id='word_1_309' title='bbox 198 2979 306 3045; x_wconf 78' lang='lat' dir='ltr'><strong>specie:</strong></span> <span class='ocrx_word' id='word_1_310' title='bbox 331 2978 382 3048; x_wconf 91' lang='lat' dir='ltr'><strong>qui</strong></span> <span class='ocrx_word' id='word_1_311' title='bbox 401 2995 484 3044; x_wconf 83' lang='lat' dir='ltr'><strong>error</strong></span> <span class='ocrx_word' id='word_1_312' title='bbox 501 2988 581 3032; x_wconf 87' lang='lat' dir='ltr'><strong>ortus</strong></span> <span class='ocrx_word' id='word_1_313' title='bbox 601 2986 643 3031; x_wconf 86' lang='lat' dir='ltr'><strong>est</strong></span> <span class='ocrx_word' id='word_1_314' title='bbox 660 2997 696 3032; x_wconf 90' lang='lat' dir='ltr'><strong>ex</strong></span> <span class='ocrx_word' id='word_1_315' title='bbox 714 2980 883 3049; x_wconf 71' lang='lat' dir='ltr'><strong>cornipendio</strong></span> <span class='ocrx_word' id='word_1_316' title='bbox 901 2976 972 3048; x_wconf 77' lang='lat' dir='ltr'><strong>ope&#39;e.</strong></span> <span class='ocrx_word' id='word_1_317' title='bbox 1009 2982 1108 3055; x_wconf 81' lang='lat' dir='ltr'><strong>Pergit</strong></span> <span class='ocrx_word' id='word_1_318' title='bbox 1133 3001 1209 3036; x_wconf 89' lang='lat' dir='ltr'><strong>unus</strong></span> <span class='ocrx_word' id='word_1_319' title='bbox 1230 2985 1281 3040; x_wconf 83' lang='lat' dir='ltr'><strong>Ox.</strong></span> 
     </span>
     <span class='ocr_line' id='line_1_36' title="bbox 152 3048 1288 3116; baseline 0.008 -15"><span class='ocrx_word' id='word_1_320' title='bbox 152 3050 217 3102; x_wconf 89' lang='lat' dir='ltr'><strong>uod</strong></span> <span class='ocrx_word' id='word_1_321' title='bbox 237 3049 265 3102; x_wconf 83' lang='lat' dir='ltr'><strong>ai</strong></span> <span class='ocrx_word' id='word_1_322' title='bbox 289 3048 358 3116; x_wconf 80' lang='lat' dir='ltr'><strong>puis.</strong></span> <span class='ocrx_word' id='word_1_323' title='bbox 396 3050 488 3103; x_wconf 87' lang='lat' dir='ltr'><strong>Verba</strong></span> <span class='ocrx_word' id='word_1_324' title='bbox 511 3049 573 3103; x_wconf 85' lang='lat' dir='ltr'><strong>sine</strong></span> <span class='ocrx_word' id='word_1_325' title='bbox 598 3065 666 3103; x_wconf 87' lang='lat' dir='ltr'><strong>cura</strong></span> <span class='ocrx_word' id='word_1_326' title='bbox 691 3049 792 3101; x_wconf 89' lang='lat' dir='ltr'><strong>desunt</strong></span> <span class='ocrx_word' id='word_1_327' title='bbox 819 3051 850 3100; x_wconf 89' lang='lat' dir='ltr'><strong>in</strong></span> <span class='ocrx_word' id='word_1_328' title='bbox 874 3050 961 3104; x_wconf 80' lang='lat' dir='ltr'><strong>(lodd.</strong></span> <span class='ocrx_word' id='word_1_329' title='bbox 987 3050 1075 3106; x_wconf 83' lang='lat' dir='ltr'><strong>Marb.</strong></span> <span class='ocrx_word' id='word_1_330' title='bbox 1104 3061 1133 3104; x_wconf 89' lang='lat' dir='ltr'><strong>et</strong></span> <span class='ocrx_word' id='word_1_331' title='bbox 1158 3055 1235 3108; x_wconf 87' lang='lat' dir='ltr'><strong>Gud.</strong></span> <span class='ocrx_word' id='word_1_332' title='bbox 1254 3057 1288 3110; x_wconf 77' lang='lat'><strong>2.-</strong></span> 
     </span>
     <span class='ocr_line' id='line_1_37' title="bbox 124 3068 1282 3191; baseline 0.002 -16"><span class='ocrx_word' id='word_1_333' title='bbox 124 3068 265 3191; x_wconf 57' lang='lat' dir='ltr'><strong>{equitur</strong></span> <span class='ocrx_word' id='word_1_334' title='bbox 282 3121 343 3174; x_wconf 86' lang='lat' dir='ltr'><strong>sine</strong></span> <span class='ocrx_word' id='word_1_335' title='bbox 359 3119 566 3190; x_wconf 72' lang='lat' dir='ltr'><strong>suspicione</strong></span> <span class='ocrx_word' id='word_1_336' title='bbox 590 3120 719 3175; x_wconf 65' lang='lat' dir='ltr'><strong>inEdd..</strong></span> <span class='ocrx_word' id='word_1_337' title='bbox 739 3120 778 3171; x_wconf 82' lang='lat' dir='ltr'><strong>A.</strong></span> <span class='ocrx_word' id='word_1_338' title='bbox 792 3120 823 3171; x_wconf 89' lang='grc' dir='ltr'><strong>Β.</strong></span> <span class='ocrx_word' id='word_1_339' title='bbox 844 3119 872 3172; x_wconf 92' lang='lat' dir='ltr'><strong>S.</strong></span> <span class='ocrx_word' id='word_1_340' title='bbox 899 3121 934 3174; x_wconf 88' lang='lat' dir='ltr'><strong>E.</strong></span> <span class='ocrx_word' id='word_1_341' title='bbox 952 3123 1024 3174; x_wconf 77' lang='lat' dir='ltr'><strong>Ven.</strong></span> <span class='ocrx_word' id='word_1_342' title='bbox 1052 3129 1143 3175; x_wconf 83' lang='lat' dir='ltr'><strong>nostr.</strong></span> <span class='ocrx_word' id='word_1_343' title='bbox 1168 3125 1235 3178; x_wconf 88' lang='lat' dir='ltr'><strong>Asc.</strong></span> <span class='ocrx_word' id='word_1_344' title='bbox 1255 3128 1282 3181; x_wconf 73' lang='grc'><strong><em>2.</em></strong></span> 
     </span>
     <span class='ocr_line' id='line_1_38' title="bbox 124 3189 1285 3258; baseline 0.002 -16"><span class='ocrx_word' id='word_1_345' title='bbox 124 3195 207 3248; x_wconf 81' lang='lat' dir='ltr'><strong>Junt.</strong></span> <span class='ocrx_word' id='word_1_346' title='bbox 236 3191 366 3246; x_wconf 71' lang='lat' dir='ltr'><strong>HWoln</strong></span> <span class='ocrx_word' id='word_1_347' title='bbox 387 3199 416 3244; x_wconf 90' lang='lat' dir='ltr'><strong>et</strong></span> <span class='ocrx_word' id='word_1_348' title='bbox 443 3191 474 3243; x_wconf 89' lang='lat' dir='ltr'><strong>in</strong></span> <span class='ocrx_word' id='word_1_349' title='bbox 501 3189 568 3244; x_wconf 73' lang='lat' dir='ltr'><strong>(iod.</strong></span> <span class='ocrx_word' id='word_1_350' title='bbox 593 3190 677 3242; x_wconf 89' lang='lat' dir='ltr'><strong>Vind.</strong></span> <span class='ocrx_word' id='word_1_351' title='bbox 705 3195 729 3245; x_wconf 89' lang='lat' dir='ltr'><strong>l.</strong></span> <span class='ocrx_word' id='word_1_352' title='bbox 768 3189 907 3258; x_wconf 83' lang='lat' dir='ltr'><strong>Sequitur</strong></span> <span class='ocrx_word' id='word_1_353' title='bbox 931 3191 962 3245; x_wconf 89' lang='lat' dir='ltr'><strong>in</strong></span> <span class='ocrx_word' id='word_1_354' title='bbox 988 3192 1071 3244; x_wconf 86' lang='lat' dir='ltr'><strong>Vind.</strong></span> <span class='ocrx_word' id='word_1_355' title='bbox 1090 3196 1118 3249; x_wconf 77' lang='lat'><strong>2.</strong></span> <span class='ocrx_word' id='word_1_356' title='bbox 1145 3195 1185 3249; x_wconf 81' lang='lat' dir='ltr'><strong>eit</strong></span> <span class='ocrx_word' id='word_1_357' title='bbox 1212 3196 1285 3248; x_wconf 70' lang='lat' dir='ltr'><strong>eane</strong></span> 
     </span>
     <span class='ocr_line' id='line_1_39' title="bbox 125 3260 1283 3325; baseline 0.004 -9"><span class='ocrx_word' id='word_1_358' title='bbox 125 3263 205 3316; x_wconf 81' lang='lat' dir='ltr'><strong>cine</strong></span> <span class='ocrx_word' id='word_1_359' title='bbox 222 3261 319 3317; x_wconf 88' lang='lat' dir='ltr'><strong>omni</strong></span> <span class='ocrx_word' id='word_1_360' title='bbox 332 3260 512 3322; x_wconf 70' lang='lat' dir='ltr'><strong>libidinee</strong></span> <span class='ocrx_word' id='word_1_361' title='bbox 531 3267 613 3314; x_wconf 87' lang='lat' dir='ltr'><strong>vacat</strong></span> <span class='ocrx_word' id='word_1_362' title='bbox 632 3268 688 3313; x_wconf 88' lang='lat' dir='ltr'><strong>etc.</strong></span> <span class='ocrx_word' id='word_1_363' title='bbox 708 3260 775 3313; x_wconf 86' lang='lat' dir='ltr'><strong>Cod.</strong></span> <span class='ocrx_word' id='word_1_364' title='bbox 797 3260 871 3313; x_wconf 87' lang='lat' dir='ltr'><strong>Gud.</strong></span> <span class='ocrx_word' id='word_1_365' title='bbox 891 3261 1111 3325; x_wconf 66' lang='lat' dir='ltr'><strong>omittit‘omni3</strong></span> <span class='ocrx_word' id='word_1_366' title='bbox 1136 3265 1199 3318; x_wconf 80' lang='lat' dir='ltr'><strong>ains</strong></span> <span class='ocrx_word' id='word_1_367' title='bbox 1217 3266 1283 3321; x_wconf 82' lang='lat' dir='ltr'><strong>loeo</strong></span> 
     </span>
     <span class='ocr_line' id='line_1_40' title="bbox 124 3328 1283 3396; baseline 0.003 -10"><span class='ocrx_word' id='word_1_368' title='bbox 124 3351 198 3386; x_wconf 86' lang='lat' dir='ltr'><strong>unus</strong></span> <span class='ocrx_word' id='word_1_369' title='bbox 217 3334 265 3386; x_wconf 89' lang='lat' dir='ltr'><strong>Ox.</strong></span> <span class='ocrx_word' id='word_1_370' title='bbox 288 3332 374 3388; x_wconf 82' lang='lat' dir='ltr'><strong>habet</strong></span> <span class='ocrx_word' id='word_1_371' title='bbox 399 3333 531 3396; x_wconf 84' lang='lat' dir='ltr'><strong>omnium,</strong></span> <span class='ocrx_word' id='word_1_372' title='bbox 557 3330 656 3383; x_wconf 84' lang='lat' dir='ltr'><strong>Duisb.</strong></span> <span class='ocrx_word' id='word_1_373' title='bbox 684 3328 752 3384; x_wconf 79' lang='lat' dir='ltr'><strong>daec</strong></span> <span class='ocrx_word' id='word_1_374' title='bbox 776 3337 868 3384; x_wconf 85' lang='lat' dir='ltr'><strong>aulem</strong></span> <span class='ocrx_word' id='word_1_375' title='bbox 891 3339 944 3385; x_wconf 77' lang='lat' dir='ltr'><strong>eet</strong></span> <span class='ocrx_word' id='word_1_376' title='bbox 968 3333 1003 3386; x_wconf 85' lang='lat' dir='ltr'><strong>de</strong></span> <span class='ocrx_word' id='word_1_377' title='bbox 1029 3333 1149 3388; x_wconf 78' lang='lat' dir='ltr'><strong>libidine</strong></span> <span class='ocrx_word' id='word_1_378' title='bbox 1168 3336 1283 3390; x_wconf 74' lang='lat' dir='ltr'><strong>oratio:</strong></span> 
     </span>
     <span class='ocr_line' id='line_1_41' title="bbox 125 3400 1284 3474; baseline 0.005 -20"><span class='ocrx_word' id='word_1_379' title='bbox 125 3421 199 3461; x_wconf 85' lang='lat' dir='ltr'><strong>unus</strong></span> <span class='ocrx_word' id='word_1_380' title='bbox 218 3404 269 3458; x_wconf 85' lang='lat' dir='ltr'><strong>Ox.</strong></span> <span class='ocrx_word' id='word_1_381' title='bbox 289 3402 460 3455; x_wconf 77' lang='lat' dir='ltr'><strong>ornittiteot</strong></span> <span class='ocrx_word' id='word_1_382' title='bbox 477 3410 542 3472; x_wconf 85' lang='lat' dir='ltr'><strong>post</strong></span> <span class='ocrx_word' id='word_1_383' title='bbox 560 3400 663 3464; x_wconf 86' lang='lat' dir='ltr'><strong>aratio,</strong></span> <span class='ocrx_word' id='word_1_384' title='bbox 689 3400 762 3474; x_wconf 83' lang='lat' dir='ltr'><strong>Gud.</strong></span> <span class='ocrx_word' id='word_1_385' title='bbox 781 3405 807 3458; x_wconf 60' lang='grc' dir='ltr'><strong><em>Ἰ.</em></strong></span> <span class='ocrx_word' id='word_1_386' title='bbox 836 3401 913 3454; x_wconf 86' lang='lat' dir='ltr'><strong>idem</strong></span> <span class='ocrx_word' id='word_1_387' title='bbox 936 3403 1058 3456; x_wconf 84' lang='lat' dir='ltr'><strong>verbum</strong></span> <span class='ocrx_word' id='word_1_388' title='bbox 1074 3412 1140 3474; x_wconf 88' lang='lat' dir='ltr'><strong>post</strong></span> <span class='ocrx_word' id='word_1_389' title='bbox 1164 3406 1212 3460; x_wconf 78' lang='lat' dir='ltr'><strong>ein</strong></span> <span class='ocrx_word' id='word_1_390' title='bbox 1231 3423 1284 3460; x_wconf 85' lang='lat' dir='ltr'><strong>au·</strong></span> 
     </span>
     <span class='ocr_line' id='line_1_42' title="bbox 125 3471 1283 3544; baseline 0.003 -16"><span class='ocrx_word' id='word_1_391' title='bbox 125 3481 189 3529; x_wconf 88' lang='lat' dir='ltr'><strong>tem.</strong></span> <span class='ocrx_word' id='word_1_392' title='bbox 225 3472 319 3525; x_wconf 77' lang='lat' dir='ltr'><strong>Verba</strong></span> <span class='ocrx_word' id='word_1_393' title='bbox 336 3472 382 3525; x_wconf 80' lang='lat' dir='ltr'><strong>sin</strong></span> <span class='ocrx_word' id='word_1_394' title='bbox 401 3480 490 3526; x_wconf 85' lang='lat' dir='ltr'><strong>autem</strong></span> <span class='ocrx_word' id='word_1_395' title='bbox 517 3479 559 3525; x_wconf 83' lang='lat' dir='ltr'><strong>est</strong></span> <span class='ocrx_word' id='word_1_396' title='bbox 583 3471 688 3541; x_wconf 80' lang='lat' dir='ltr'><strong>aliquio</strong></span> <span class='ocrx_word' id='word_1_397' title='bbox 712 3487 794 3526; x_wconf 85' lang='lat' dir='ltr'><strong>amor</strong></span> <span class='ocrx_word' id='word_1_398' title='bbox 807 3481 880 3535; x_wconf 77' lang='lat' dir='ltr'><strong>etc..</strong></span> <span class='ocrx_word' id='word_1_399' title='bbox 904 3471 946 3525; x_wconf 87' lang='lat' dir='ltr'><strong>ait</strong></span> <span class='ocrx_word' id='word_1_400' title='bbox 963 3473 1093 3528; x_wconf 80' lang='lat' dir='ltr'><strong>Wolfius</strong></span> <span class='ocrx_word' id='word_1_401' title='bbox 1110 3475 1143 3527; x_wconf 89' lang='lat' dir='ltr'><strong>in</strong></span> <span class='ocrx_word' id='word_1_402' title='bbox 1162 3477 1283 3544; x_wconf 82' lang='lat' dir='ltr'><strong>scholis,</strong></span> 
     </span>
     <span class='ocr_line' id='line_1_43' title="bbox 125 3542 1283 3616; baseline 0.003 -20"><span class='ocrx_word' id='word_1_403' title='bbox 125 3561 193 3601; x_wconf 87' lang='lat' dir='ltr'><strong>cum</strong></span> <span class='ocrx_word' id='word_1_404' title='bbox 216 3559 273 3596; x_wconf 88' lang='lat' dir='ltr'><strong>non</strong></span> <span class='ocrx_word' id='word_1_405' title='bbox 290 3543 413 3596; x_wconf 83' lang='lat' dir='ltr'><strong>habeant</strong></span> <span class='ocrx_word' id='word_1_406' title='bbox 438 3542 582 3614; x_wconf 80' lang='lat' dir='ltr'><strong>apodesin‚</strong></span> <span class='ocrx_word' id='word_1_407' title='bbox 607 3542 755 3616; x_wconf 79' lang='lat' dir='ltr'><strong>intellige:</strong></span> <span class='ocrx_word' id='word_1_408' title='bbox 781 3542 848 3595; x_wconf 80' lang='lat' dir='ltr'><strong>talis</strong></span> <span class='ocrx_word' id='word_1_409' title='bbox 865 3558 945 3595; x_wconf 88' lang='lat' dir='ltr'><strong>amor</strong></span> <span class='ocrx_word' id='word_1_410' title='bbox 963 3550 1003 3596; x_wconf 80' lang='lat' dir='ltr'><strong>est</strong></span> <span class='ocrx_word' id='word_1_411' title='bbox 1027 3543 1283 3612; x_wconf 72' lang='lat' dir='ltr'><strong>reprehendendae.</strong></span> 
     </span>
     <span class='ocr_line' id='line_1_44' title="bbox 125 3612 1284 3684; baseline 0.004 -15"><span class='ocrx_word' id='word_1_412' title='bbox 125 3614 182 3669; x_wconf 78' lang='lat' dir='ltr'><strong>Sed</strong></span> <span class='ocrx_word' id='word_1_413' title='bbox 199 3614 409 3668; x_wconf 85' lang='lat' dir='ltr'><strong>Billerbeckins</strong></span> <span class='ocrx_word' id='word_1_414' title='bbox 433 3622 536 3677; x_wconf 77' lang='lat' dir='ltr'><strong>autem.</strong></span> <span class='ocrx_word' id='word_1_415' title='bbox 553 3613 625 3666; x_wconf 81' lang='lat' dir='ltr'><strong>haec</strong></span> <span class='ocrx_word' id='word_1_416' title='bbox 644 3630 710 3666; x_wconf 87' lang='lat' dir='ltr'><strong>cum</strong></span> <span class='ocrx_word' id='word_1_417' title='bbox 736 3613 822 3666; x_wconf 86' lang='lat' dir='ltr'><strong>initio</strong></span> <span class='ocrx_word' id='word_1_418' title='bbox 846 3613 948 3682; x_wconf 81' lang='lat' dir='ltr'><strong>capitis</strong></span> <span class='ocrx_word' id='word_1_419' title='bbox 963 3630 1030 3684; x_wconf 70' lang='lat' dir='ltr'><strong>seq.</strong></span> <span class='ocrx_word' id='word_1_420' title='bbox 1058 3612 1099 3667; x_wconf 84' lang='lat' dir='ltr'><strong>ita</strong></span> <span class='ocrx_word' id='word_1_421' title='bbox 1123 3617 1284 3674; x_wconf 80' lang='lat' dir='ltr'><strong>cohaerere</strong></span> 
     </span>
     <span class='ocr_line' id='line_1_45' title="bbox 125 3682 1283 3758; baseline -0.003 -17"><span class='ocrx_word' id='word_1_422' title='bbox 125 3686 228 3752; x_wconf 70' lang='lat' dir='ltr'><strong>aiunt</strong></span> <span class='ocrx_word' id='word_1_423' title='bbox 246 3685 471 3758; x_wconf 82' lang='lat' dir='ltr'><strong>intelligendum</strong></span> <span class='ocrx_word' id='word_1_424' title='bbox 489 3685 539 3736; x_wconf 86' lang='lat' dir='ltr'><strong>sit:</strong></span> <span class='ocrx_word' id='word_1_425' title='bbox 559 3683 605 3736; x_wconf 83' lang='lat' dir='ltr'><strong>sin</strong></span> <span class='ocrx_word' id='word_1_426' title='bbox 624 3688 716 3736; x_wconf 85' lang='lat' dir='ltr'><strong>nutem</strong></span> <span class='ocrx_word' id='word_1_427' title='bbox 734 3690 775 3736; x_wconf 80' lang='lat' dir='ltr'><strong>eet</strong></span> <span class='ocrx_word' id='word_1_428' title='bbox 792 3682 898 3750; x_wconf 79' lang='lat' dir='ltr'><strong>aliquio</strong></span> <span class='ocrx_word' id='word_1_429' title='bbox 924 3695 1005 3738; x_wconf 80' lang='lat' dir='ltr'><strong>amor</strong></span> <span class='ocrx_word' id='word_1_430' title='bbox 1031 3686 1283 3755; x_wconf 86' lang='lat' dir='ltr'><strong>insanus..&#39;....,</strong></span> 
     </span>
     <span class='ocr_line' id='line_1_46' title="bbox 126 3753 1157 3826; baseline 0 -16"><span class='ocrx_word' id='word_1_431' title='bbox 126 3757 225 3810; x_wconf 80' lang='lat' dir='ltr'><strong>eia...</strong></span> <span class='ocrx_word' id='word_1_432' title='bbox 245 3758 345 3822; x_wconf 74' lang='lat' dir='ltr'><strong>affecto</strong></span> <span class='ocrx_word' id='word_1_433' title='bbox 363 3753 430 3807; x_wconf 82' lang='lat' dir='ltr'><strong>llaec</strong></span> <span class='ocrx_word' id='word_1_434' title='bbox 447 3753 603 3808; x_wconf 73' lang='lat' dir='ltr'><strong>adhibenda</strong></span> <span class='ocrx_word' id='word_1_435' title='bbox 620 3755 726 3806; x_wconf 81' lang='lat' dir='ltr'><strong>curatio</strong></span> <span class='ocrx_word' id='word_1_436' title='bbox 745 3759 794 3806; x_wconf 80' lang='lat' dir='ltr'><strong>eet.</strong></span> <span class='ocrx_word' id='word_1_437' title='bbox 832 3753 912 3820; x_wconf 83' lang='lat' dir='ltr'><strong>Quod</strong></span> <span class='ocrx_word' id='word_1_438' title='bbox 932 3756 1036 3826; x_wconf 71' lang='lat' dir='ltr'><strong>placet.</strong></span> <span class='ocrx_word' id='word_1_439' title='bbox 1073 3757 1157 3809; x_wconf 71' lang='lat' dir='ltr'><strong>Mn‘</strong></span> 
     </span>
     <span class='ocr_line' id='line_1_47' title="bbox 129 3823 1284 3895; baseline 0.003 -15"><span class='ocrx_word' id='word_1_440' title='bbox 129 3857 135 3868; x_wconf 49' lang='grc' dir='ltr'><strong><em>ι</em></strong></span> <span class='ocrx_word' id='word_1_441' title='bbox 198 3826 250 3880; x_wconf 82' lang='lat' dir='ltr'><strong>Sin</strong></span> <span class='ocrx_word' id='word_1_442' title='bbox 272 3831 362 3878; x_wconf 86' lang='lat' dir='ltr'><strong>autem</strong></span> <span class='ocrx_word' id='word_1_443' title='bbox 388 3832 430 3877; x_wconf 82' lang='lat' dir='ltr'><strong>eet</strong></span> <span class='ocrx_word' id='word_1_444' title='bbox 453 3823 559 3891; x_wconf 83' lang='lat' dir='ltr'><strong>uliquis</strong></span> <span class='ocrx_word' id='word_1_445' title='bbox 582 3823 687 3889; x_wconf 62' lang='lat' dir='ltr'><strong>amon]</strong></span> <span class='ocrx_word' id='word_1_446' title='bbox 723 3824 841 3876; x_wconf 81' lang='lat' dir='ltr'><strong>Excidit</strong></span> <span class='ocrx_word' id='word_1_447' title='bbox 869 3829 909 3877; x_wconf 85' lang='lat' dir='ltr'><strong>est</strong></span> <span class='ocrx_word' id='word_1_448' title='bbox 937 3834 1003 3895; x_wconf 90' lang='lat' dir='ltr'><strong>post</strong></span> <span class='ocrx_word' id='word_1_449' title='bbox 1030 3833 1123 3881; x_wconf 86' lang='lat' dir='ltr'><strong>autem</strong></span> <span class='ocrx_word' id='word_1_450' title='bbox 1153 3829 1187 3882; x_wconf 91' lang='lat' dir='ltr'><strong>in</strong></span> <span class='ocrx_word' id='word_1_451' title='bbox 1212 3831 1284 3884; x_wconf 78' lang='lat' dir='ltr'><strong>(lod.</strong></span> 
     </span>
     <span class='ocr_line' id='line_1_48' title="bbox 128 3889 1288 3964; baseline 0.001 -11"><span class='ocrx_word' id='word_1_452' title='bbox 128 3896 202 3953; x_wconf 78' lang='lat' dir='ltr'><strong>cod.</strong></span> <span class='ocrx_word' id='word_1_453' title='bbox 227 3899 259 3961; x_wconf 77' lang='lat'><strong>23</strong></span> <span class='ocrx_word' id='word_1_454' title='bbox 273 3895 365 3952; x_wconf 71' lang='lat' dir='ltr'><strong>&#39;idem</strong></span> <span class='ocrx_word' id='word_1_455' title='bbox 392 3895 423 3946; x_wconf 88' lang='lat' dir='ltr'><strong>in</strong></span> <span class='ocrx_word' id='word_1_456' title='bbox 447 3912 524 3964; x_wconf 90' lang='lat' dir='ltr'><strong>seqq.</strong></span> <span class='ocrx_word' id='word_1_457' title='bbox 552 3893 651 3948; x_wconf 83' lang='lat' dir='ltr'><strong>habet:</strong></span> <span class='ocrx_word' id='word_1_458' title='bbox 681 3893 730 3962; x_wconf 78' lang='lat' dir='ltr'><strong>qui</strong></span> <span class='ocrx_word' id='word_1_459' title='bbox 749 3893 823 3948; x_wconf 74' lang='lat' dir='ltr'><strong>uitii</strong></span> <span class='ocrx_word' id='word_1_460' title='bbox 839 3896 912 3948; x_wconf 75' lang='lat' dir='ltr'><strong>absit</strong></span> <span class='ocrx_word' id='word_1_461' title='bbox 933 3903 970 3949; x_wconf 83' lang='lat' dir='ltr'><strong>ut</strong></span> <span class='ocrx_word' id='word_1_462' title='bbox 995 3889 1127 3951; x_wconf 62' lang='lat' dir='ltr'><strong>mictum(</strong></span> <span class='ocrx_word' id='word_1_463' title='bbox 1156 3902 1236 3953; x_wconf 78' lang='lat' dir='ltr'><strong>nlon.</strong></span> <span class='ocrx_word' id='word_1_464' title='bbox 1259 3906 1288 3956; x_wconf 66' lang='lat' dir='ltr'><strong>ls-</strong></span> 
     </span>
     <span class='ocr_line' id='line_1_49' title="bbox 127 3963 1285 4043; baseline 0.004 -23"><span class='ocrx_word' id='word_1_465' title='bbox 127 3965 209 4036; x_wconf 78' lang='lat' dir='ltr'><strong>paasi</strong></span> <span class='ocrx_word' id='word_1_466' title='bbox 225 3982 278 4035; x_wconf 91' lang='lat' dir='ltr'><strong>pro</strong></span> <span class='ocrx_word' id='word_1_467' title='bbox 297 3963 396 4033; x_wconf 82' lang='lat' dir='ltr'><strong>qualis.</strong></span> <span class='ocrx_word' id='word_1_468' title='bbox 434 3965 478 4017; x_wconf 85' lang='lat' dir='ltr'><strong>Ad</strong></span> <span class='ocrx_word' id='word_1_469' title='bbox 500 3980 578 4034; x_wconf 86' lang='lat' dir='ltr'><strong>seqq.</strong></span> <span class='ocrx_word' id='word_1_470' title='bbox 601 3964 773 4018; x_wconf 83' lang='lat' dir='ltr'><strong>Bouhierius</strong></span> <span class='ocrx_word' id='word_1_471' title='bbox 797 3974 905 4031; x_wconf 83' lang='lat' dir='ltr'><strong>monet,</strong></span> <span class='ocrx_word' id='word_1_472' title='bbox 929 3984 958 4027; x_wconf 82' lang='lat' dir='ltr'><strong>se</strong></span> <span class='ocrx_word' id='word_1_473' title='bbox 980 3967 1067 4020; x_wconf 86' lang='lat' dir='ltr'><strong>hosce</strong></span> <span class='ocrx_word' id='word_1_474' title='bbox 1089 3985 1203 4039; x_wconf 59' lang='lat' dir='ltr'><strong>versun</strong></span> <span class='ocrx_word' id='word_1_475' title='bbox 1232 3971 1285 4043; x_wconf 83' lang='lat' dir='ltr'><strong>qni</strong></span> 
     </span>
     <span class='ocr_line' id='line_1_50' title="bbox 128 4035 1258 4108; baseline 0 -16"><span class='ocrx_word' id='word_1_476' title='bbox 128 4045 297 4108; x_wconf 77' lang='lat' dir='ltr'><strong>sequuntur,</strong></span> <span class='ocrx_word' id='word_1_477' title='bbox 315 4036 371 4089; x_wconf 93' lang='lat' dir='ltr'><strong>hoc</strong></span> <span class='ocrx_word' id='word_1_478' title='bbox 388 4035 605 4090; x_wconf 87' lang='lat' dir='ltr'><strong>modo-censere</strong></span> <span class='ocrx_word' id='word_1_479' title='bbox 623 4036 786 4090; x_wconf 86' lang='lat' dir='ltr'><strong>scribendos</strong></span> <span class='ocrx_word' id='word_1_480' title='bbox 803 4044 837 4087; x_wconf 91' lang='lat' dir='ltr'><strong>ut</strong></span> <span class='ocrx_word' id='word_1_481' title='bbox 854 4036 913 4088; x_wconf 87' lang='lat' dir='ltr'><strong>sint</strong></span> <span class='ocrx_word' id='word_1_482' title='bbox 930 4035 1098 4092; x_wconf 83' lang='lat' dir='ltr'><strong>Trochaici:</strong></span> <span class='ocrx_word' id='word_1_483' title='bbox 1256 4042 1258 4047; x_wconf 82' lang='lat'><em>&#39;</em></span> 
     </span>
     <span class='ocr_line' id='line_1_51' title="bbox 123 4106 1054 4178; baseline -0.002 -14"><span class='ocrx_word' id='word_1_484' title='bbox 123 4116 124 4121; x_wconf 77' lang='grc'>’</span> <span class='ocrx_word' id='word_1_485' title='bbox 158 4124 161 4131; x_wconf 94' lang='grc'><strong><em>·</em></strong></span> <span class='ocrx_word' id='word_1_486' title='bbox 198 4108 236 4164; x_wconf 85' lang='grc' dir='ltr'><strong><em>Α.</em></strong></span> <span class='ocrx_word' id='word_1_487' title='bbox 255 4107 399 4176; x_wconf 80' lang='lat' dir='ltr'><strong>Siquidem</strong></span> <span class='ocrx_word' id='word_1_488' title='bbox 415 4107 455 4160; x_wconf 84' lang='lat' dir='ltr'><strong>sit</strong></span> <span class='ocrx_word' id='word_1_489' title='bbox 472 4106 611 4178; x_wconf 79' lang='lat' dir='ltr'><strong>quispiam</strong></span> <span class='ocrx_word' id='word_1_490' title='bbox 630 4109 706 4174; x_wconf 82' lang='lat' dir='ltr'><strong>deus,</strong></span> <span class='ocrx_word' id='word_1_491' title='bbox 726 4107 772 4160; x_wconf 87' lang='lat' dir='ltr'><strong>eui</strong></span> <span class='ocrx_word' id='word_1_492' title='bbox 789 4123 842 4174; x_wconf 81' lang='lat' dir='ltr'><strong>ego</strong></span> <span class='ocrx_word' id='word_1_493' title='bbox 859 4123 943 4164; x_wconf 85' lang='lat' dir='ltr'><strong>earne</strong></span> <span class='ocrx_word' id='word_1_494' title='bbox 961 4108 1054 4174; x_wconf 83' lang='lat' dir='ltr'><strong>siem,-</strong></span> 
     </span>
     <span class='ocr_line' id='line_1_52' title="bbox 197 4177 1223 4246; baseline 0.005 -13"><span class='ocrx_word' id='word_1_495' title='bbox 197 4179 260 4233; x_wconf 86' lang='lat' dir='ltr'><strong>Heu</strong></span> <span class='ocrx_word' id='word_1_496' title='bbox 278 4195 321 4230; x_wconf 87' lang='lat' dir='ltr'><strong>me</strong></span> <span class='ocrx_word' id='word_1_497' title='bbox 339 4178 497 4244; x_wconf 72' lang='lat' dir='ltr'><strong>infelicem!</strong></span> <span class='ocrx_word' id='word_1_498' title='bbox 519 4179 555 4235; x_wconf 87' lang='lat' dir='ltr'><strong>B.</strong></span> <span class='ocrx_word' id='word_1_499' title='bbox 575 4177 700 4232; x_wconf 81' lang='lat' dir='ltr'><strong>Sanusne</strong></span> <span class='ocrx_word' id='word_1_500' title='bbox 718 4196 757 4243; x_wconf 81' lang='lat' dir='ltr'><strong>es,</strong></span> <span class='ocrx_word' id='word_1_501' title='bbox 777 4177 822 4246; x_wconf 77' lang='lat' dir='ltr'><strong>qui</strong></span> <span class='ocrx_word' id='word_1_502' title='bbox 842 4183 899 4230; x_wconf 89' lang='lat' dir='ltr'><strong>tam</strong></span> <span class='ocrx_word' id='word_1_503' title='bbox 918 4179 1091 4234; x_wconf 73' lang='lat' dir='ltr'><strong>lamentare?</strong></span> <span class='ocrx_word' id='word_1_504' title='bbox 1119 4181 1157 4236; x_wconf 89' lang='lat' dir='ltr'><strong>A.</strong></span> <span class='ocrx_word' id='word_1_505' title='bbox 1180 4183 1223 4239; x_wconf 76' lang='lat' dir='ltr'><strong>Te</strong></span> 
     </span>
     <span class='ocr_line' id='line_1_53' title="bbox 197 4240 1289 4320; baseline 0.001 -16"><span class='ocrx_word' id='word_1_506' title='bbox 197 4250 299 4319; x_wconf 81' lang='lat' dir='ltr'><strong>Apollo</strong></span> <span class='ocrx_word' id='word_1_507' title='bbox 316 4250 489 4315; x_wconf 62' lang='lat' dir='ltr'><strong>canentia·</strong></span> <span class='ocrx_word' id='word_1_508' title='bbox 506 4249 594 4320; x_wconf 88' lang='lat' dir='ltr'><strong>opem)</strong></span> <span class='ocrx_word' id='word_1_509' title='bbox 613 4256 703 4318; x_wconf 82' lang='lat' dir='ltr'><strong>teque,</strong></span> <span class='ocrx_word' id='word_1_510' title='bbox 719 4255 816 4319; x_wconf 83' lang='lat' dir='ltr'><strong>patene</strong></span> <span class='ocrx_word' id='word_1_511' title='bbox 834 4249 969 4316; x_wconf 83' lang='lat' dir='ltr'><strong>Neptune,</strong></span> <span class='ocrx_word' id='word_1_512' title='bbox 986 4253 1093 4317; x_wconf 82' lang='lat' dir='ltr'><strong>invoco,</strong></span> <span class='ocrx_word' id='word_1_513' title='bbox 1145 4279 1148 4282; x_wconf 56' lang='lat'><strong>&gt;</strong></span> <span class='ocrx_word' id='word_1_514' title='bbox 1186 4240 1193 4254; x_wconf 66' lang='lat'>⁶</span> <span class='ocrx_word' id='word_1_515' title='bbox 1241 4278 1245 4285; x_wconf 49' lang='lat'>¹</span> <span class='ocrx_word' id='word_1_516' title='bbox 1286 4287 1289 4297; x_wconf 71' lang='lat'><strong>.</strong></span> 
     </span>
     <span class='ocr_line' id='line_1_54' title="bbox 82 4311 1264 4392; baseline -0.002 -15"><span class='ocrx_word' id='word_1_517' title='bbox 82 4311 91 4347; x_wconf 41' lang='lat' dir='ltr'><strong>l</strong></span> <span class='ocrx_word' id='word_1_518' title='bbox 128 4348 139 4378; x_wconf 53' lang='grc' dir='ltr'><strong><em>ι</em></strong></span> <span class='ocrx_word' id='word_1_519' title='bbox 201 4323 308 4392; x_wconf 74' lang='lat' dir='ltr'><strong>Vosque</strong></span> <span class='ocrx_word' id='word_1_520' title='bbox 326 4319 393 4372; x_wconf 86' lang='lat' dir='ltr'><strong>adeo</strong></span> <span class='ocrx_word' id='word_1_521' title='bbox 415 4319 504 4375; x_wconf 86' lang='lat' dir='ltr'><strong>Venti.</strong></span> <span class='ocrx_word' id='word_1_522' title='bbox 524 4320 703 4389; x_wconf 74' lang='lat' dir='ltr'><strong>Numquid</strong></span> <span class='ocrx_word' id='word_1_523' title='bbox 720 4337 772 4389; x_wconf 80' lang='lat' dir='ltr'><strong>ego</strong></span> <span class='ocrx_word' id='word_1_524' title='bbox 792 4324 818 4372; x_wconf 88' lang='lat' dir='ltr'><strong>te</strong></span> <span class='ocrx_word' id='word_1_525' title='bbox 835 4321 990 4388; x_wconf 77' lang='lat' dir='ltr'><strong>appellem,¹</strong></span> <span class='ocrx_word' id='word_1_526' title='bbox 1002 4322 1114 4377; x_wconf 76' lang='lat' dir='ltr'><strong>Venus?</strong></span> <span class='ocrx_word' id='word_1_527' title='bbox 1260 4366 1264 4375; x_wconf 90' lang='lat'><strong>.</strong></span> 
     </span>
     <span class='ocr_line' id='line_1_55' title="bbox 128 4390 1290 4468; baseline 0.004 -23"><span class='ocrx_word' id='word_1_528' title='bbox 128 4390 229 4448; x_wconf 80' lang='lat' dir='ltr'><strong>Tertio</strong></span> <span class='ocrx_word' id='word_1_529' title='bbox 246 4409 342 4460; x_wconf 80' lang='lat' dir='ltr'><strong>versu,</strong></span> <span class='ocrx_word' id='word_1_530' title='bbox 360 4392 410 4462; x_wconf 81' lang='lat' dir='ltr'><strong>ait,</strong></span> <span class='ocrx_word' id='word_1_531' title='bbox 428 4391 533 4466; x_wconf 81' lang='lat' dir='ltr'><strong>Apollo</strong></span> <span class='ocrx_word' id='word_1_532' title='bbox 551 4392 613 4468; x_wconf 79' lang='lat' dir='ltr'><strong>legi</strong></span> <span class='ocrx_word' id='word_1_533' title='bbox 630 4392 723 4460; x_wconf 81' lang='lat' dir='ltr'><strong>debet,</strong></span> <span class='ocrx_word' id='word_1_534' title='bbox 752 4390 834 4462; x_wconf 85' lang='lat' dir='ltr'><strong>quasi</strong></span> <span class='ocrx_word' id='word_1_535' title='bbox 851 4392 993 4464; x_wconf 79' lang='lat' dir='ltr'><strong>scriptum</strong></span> <span class='ocrx_word' id='word_1_536' title='bbox 1010 4394 1051 4448; x_wconf 83' lang='lat' dir='ltr'><strong>sit</strong></span> <span class='ocrx_word' id='word_1_537' title='bbox 1066 4392 1176 4465; x_wconf 67' lang='lat' dir='ltr'><strong>etpoics</strong></span> <span class='ocrx_word' id='word_1_538' title='bbox 1201 4392 1290 4455; x_wconf 77' lang='lat' dir='ltr'><strong>cuiue</strong></span> 
     </span>
    </p>
   </div>
   <div class='ocr_carea' id='block_1_4' title="bbox 0 0 1426 5070">
    <p class='ocr_par' dir='ltr' id='par_1_4' title="bbox 0 0 1426 5070">
     <span class='ocr_line' id='line_1_56' title="bbox 0 0 1426 5070; baseline 0 0"><span class='ocrx_word' id='word_1_539' title='bbox 0 0 1426 5070; x_wconf 95' lang='lat' dir='ltr'><strong> </strong></span> 
     </span>
    </p>
   </div>
  </div>
 </body>
</html>
