2842 5070
577 271 791 385 nrsmrv,
814 302 845 368 a
1214 306 1277 373 su

125 481 160 536 el
183 470 418 535 odorationum
432 481 474 535 et
494 488 672 552 saporam:
694 489 778 552 quas
800 474 880 532 sunt
892 487 1014 537 ,omnes
1029 467 1129 531 unius
1144 472 1276 556 generis

116 555 169 617 <ad
190 550 456 639 perfundendum
481 556 628 615 annuum
650 560 815 635 tamquam
826 552 1052 634 illiquefactae
1073 553 1275 635 voluptates.

123 639 267 702 Iactatio
301 648 349 700 est
380 637 533 718 voluptas
567 637 724 720 gestiens,
758 644 792 696 et
825 654 860 696 se
893 637 1036 696 efferens
1068 636 1274 698 insolentius.
1293 645 1336 697 ll.

123 721 215 785 Quae
239 728 351 783 autem
373 719 501 782 lebedrru
523 720 673 783 subiecta
693 725 783 793 sunt,
805 737 844 778 ea
864 718 913 778 sic
934 714 1153 796 deliniuntur,
1174 721 1278 780 utiro

124 806 170 864 sit
191 803 298 865 libido
320 800 498 886 poeniendi
529 802 609 873 eius,
631 801 688 883 qui
718 799 874 863 videatur
895 801 1030 862 laesisse
1050 800 1194 866 iniuria:
1222 821 1279 863 ex-

77 976 83 1040 Ῐ
123 990 249 1059 vandum
267 991 314 1056 sit,
331 989 390 1047 rid.
411 989 603 1060 disputantem
621 986 757 1040 chsner.
778 986 812 1039 ad
830 986 889 1041 cic.
909 986 1033 1062 Eclogg.
1059 1005 1086 1057 p.
1106 990 1168 1044 223.
1189 989 1231 1041 ed.
1251 992 1278 1045 3,

123 1063 159 1114 ln
177 1079 235 1115 una
254 1062 304 1114 Ox.
325 1061 471 1113 omittitur
489 1067 559 1113 suut.
591 1058 675 1115 Vind.
706 1056 820 1111 exbibet
848 1064 874 1111 et
892 1057 1042 1111 tactionum
1061 1058 1280 1130 odorumque

123 1138 336 1185 venustates.
364 1134 439 1184 ltlon.
463 1135 486 1186 l.
506 1132 695 1184 odoratorum.
726 1130 806 1182 Unus
826 1130 875 1181 Ox.
896 1129 1006 1181 ornittit
1025 1133 1052 1181 et
1071 1129 1276 1184 odorationum.

123 1204 199 1256 Mon.
219 1206 244 1259 2
263 1202 348 1255 babet
367 1202 405 1254 ud
421 1219 486 1271 pro
493 1203 635 1271 fundum
653 1202 783 1254 animum.
803 1199 887 1252 Vind.
905 1205 929 1255 l.
948 1190 1195 1268 profundendum.
1217 1202 1276 1256 Mr.

194 1281 240 1328 tun
279 1291 324 1327 om
342 1272 534 1342 illiquefartae
552 1269 713 1340 ooleeptstes]
750 1264 949 1342 „Pal.'quart.
969 1271 1052 1326 Fabr.
1083 1270 1279 1340 liquefactae.“

124 1343 210 1409 cest..
270 1344 351 1397 odem
370 1345 453 1397 modo
472 1345 568 1398 Duisb.
591 1354 619 1396 et
637 1344 714 1396 Mon.
734 1344 760 1398 2.
781 1360 847 1394 cum
865 1340 938 1417 Aug.
970 1341 1033 1396 Duo
1052 1343 1123 1398 Oxx.
1143 1342 1191 1398 tter·
1209 1359 1279 1413 quse

122 1417 232 1481 sactae:
258 1415 291 1468 de
309 1415 366 1468 hoc
386 1432 517 1468 errorum
535 1432 651 1490 genere,
672 1430 728 1483 quo
757 1413 957 1487 coniungenda
975 1413 1049 1465 disiu
1111 1422 1191 1481 ntur,
1218 1414 1277 1470 sid.

123 1505 211 1557 quem
232 1487 333 1557 paullo
359 1485 489 1556 superius
511 1486 698 1550 laudavimus,
727 1484 895 1554 Scioppium
919 1484 954 1536 de
972 1482 1043 1536 Arte
1086 1485 1171 1536 ritica
1195 1503 1223 1556 p.
1243 1488 1279 1542 83

123 1577 164 1628 sq.
190 1558 253 1610 Duo
272 1559 342 1614 Oxx.
361 1556 467 1609 habent
491 1574 560 1624 puae
582 1559 700 1623 foetos..
721 1554 765 1607 Ad
791 1574 817 1607 v.
844 1554 975 1621 Iactatio,
1002 1572 1074 1624 quae
1092 1554 1202 1607 dieitur
1221 1573 1280 1608 esse

124 1630 303 1682 Graecorum
327 1629 430 1696 τέρψις,
458 1628 529 1701 uin,
552 1628 665 1680 laudata
692 1625 861 1679 definitione
886 1626 996 1678 Graeca
1022 1625 1153 1695 scripsit:
1184 1628 1217 1679 τέ
1232 1635 1280 1694 ψις

124 1693 202 1752 οἷον
219 1698 339 1767 τέρψις
357 1694 498 1768 προτροπὴ
518 1700 566 1767 τῆς
583 1699 672 1769 ψυχῆς
696 1694 766 1769 πρὸς
784 1693 814 1753 τὸ
841 1693 1001 1767 ἀνειμένους
1022 1697 1119 1763 Ιπήρη
1145 1643 1277 1751 debebat:
1353 1728 1356 1733 ·

124 1762 185 1823 οἷον
202 1769 341 1841 τρέψις,
361 1769 501 1839 προτροπὴ
522 1787 546 1821 κ.
565 1791 588 1825 τ.
608 1771 633 1825 λ,
670 1771 725 1822 Pro
744 1768 860 1835 efferens
878 1767 952 1820 Gud.
975 1773 998 1823 l.
1020 1769 1161 1834 efferrens.
1198 1768 1274 1821 Mr.'

194 1858 237 1911 ua
255 1857 299 1910 sie
317 1858 494 1924 definiuntur,
513 1865 544 1911 ut
560 1859 607 1911 iro
625 1859 664 1912 sit
681 1857 770 1911 libido
786 1850 935 1925 partiendi]
959 1857 1020 1922 „ln
1038 1857 1166 1926 patiendi
1183 1857 1279 1932 figura
1386 1910 1392 1921 .

124 1927 215 2001 ¹edidit
239 1927 289 1981 hic
307 1930 416 1982 Victor.
443 1930 491 1981 cui
515 1928 668 1997 subcinunt
692 1929 783 1981 Vatic.
804 1928 874 1993 Pali.
895 1935 988 1996 quart.
1018 1927 1144 1995 quintus.
1182 1928 1278 2012 Vulgo
1344 1966 1349 1974 ,

124 1998 267 2066 definiunt.
296 2000 393 2065 Porro,
411 2018 464 2070 pro
480 1999 626 2069 puniendi,
644 1999 715 2054 Pall.
734 2016 789 2052 sec.
809 2008 877 2051 tert.
890 1996 1035 2066 penitendi
1041 2015 1050 2065 3
1070 1998 1145 2051 unde
1163 2000 1279 2063 feceris,

123 2079 157 2121 ut
175 2089 269 2142 supra,
284 2072 442 2139 poeniendi,
471 2079 504 2123 ut
521 2068 654 2123 videatur
671 2086 729 2126 nan
747 2070 938 2131 indelectatus
956 2068 1012 2121 hoc
1031 2068 1114 2122 modo
1131 2068 1279 2123 Tullius.“

123 2138 206 2193 Geel.
243 2142 349 2207 „Quod
372 2160 462 2211 quum
485 2142 530 2194 ita
549 2142 696 2216 integrum
712 2141 755 2192 ‘in
780 2142 917 2211 Vaticano
935 2138 1011 2190 libro
1039 2149 1149 2207 exstars
1168 2140 1281 2193 intelli-

122 2229 188 2335 tt
206 2208 425 2336 nstitit}
445 2210 1280 2353 tttttttit‘t5ttt0tj.ttttisttt.3⁰:233}

121 2369 171 2407 nec
189 2352 314 2410 abesse.“
333 2354 450 2408 Gronov.
488 2353 621 2407 Activam
645 2357 779 2420 soranam,
794 2353 950 2419 definiunt,
979 2352 1108 2407 defendit
1125 2346 1280 2425 Wopken-

121 2424 179 2477 sius
198 2424 218 2475 1.
240 2442 264 2477 c.
280 2443 312 2506 p.
333 2428 376 2481 86.
397 2426 438 2477 ed.
459 2425 549 2479 lland.
587 2425 648 2479 Mr.
853 2484 855 2487 ,

90 2541 97 2546 ,
165 2558 168 2565 Ι
196 2494 240 2547 Eo
258 2510 302 2548 esc
324 2496 478 2563 definiunt]
524 2495 572 2549 Sic
592 2496 744 2549 ediderunt
761 2495 922 2561 Ascensius,
951 2495 1098 2560 Erasmus,
1122 2495 1279 2565 Manucius,

121 2565 274 2618 Lambinus
294 2575 323 2619 et
342 2568 401 2620 alii.
439 2566 533 2640 Vulgo
552 2565 735 2633 deputarun-
753 2584 785 2620 ac
804 2568 844 2619 ita
862 2570 925 2619 fere
944 2564 1072 2620 Codices.
1091 2567 1127 2621 D.
1173 2612 1176 2617 .

193 2654 226 2690 ea
255 2637 297 2690 sic
323 2637 578 2707 definiuntur]
621 2657 659 2695 sc.
688 2656 704 2690 a
728 2637 839 2692 Stoicis.
875 2639 919 2691 lta
941 2636 1048 2690 babent
1070 2647 1182 2710 septem
1208 2630 1278 2692 Oxi.

121 2706 192 2782 Reg.
219 2708 305 2761 Bern.
333 2710 406 2764 Gud.
428 2714 453 2764 l.
473 2710 499 2762 2.
528 2709 624 2762 Duisb.
649 2712 723 2762 Mon.
743 2712 769 2765 Ἃ.
797 2709 882 2763 Vind.
903 2713 927 2764 1.
947 2710 974 2765 2.
1001 2709 1074 2761 Edd.
1100 2711 1130 2763 P.
1149 2711 1184 2763 V.
1209 2708 1278 2779 Ros,

122 2777 221 2849 Stepb.
243 2778 335 2834 Gebb.
353 2781 427 2834 Ern.
446 2779 537 2833 Nobb.
558 2780 629 2833 Tbn.
668 2776 748 2846 Quod
766 2780 806 2833 ait
823 2781 898 2833 Niss.
919 2780 950 2854 in
969 2780 1064 2833 activo
1078 2798 1191 2833 sensum
1209 2798 1281 2851 eon·

122 2849 198 2915 dem,
226 2850 400 2924 elegantiam
410 2852 558 2904 anaiorem
578 2869 657 2918 esse,¹
675 2852 705 2904 id
723 2861 787 2903 tum
806 2868 948 2916 curarem,
977 2850 1001 2902 si
1019 2860 1218 2918 quaereretur,
1242 2869 1279 2921 an

120 2921 299 2991 optimorum
317 2922 460 2975 librorum
477 2921 565 2974 lectio
591 2922 627 2987 (si
644 2921 686 2974 ibi
704 2931 776 2975 esset
802 2922 905 2996 agendi
923 2919 1027 2985 forma)
1045 2922 1180 2989 renotanda
1198 2922 1297 2992 vide·¹

122 3001 206 3044 retur
233 2993 264 3043 in
288 2992 444 3062 passivam?
480 2992 575 3056 Nunc,
600 3010 654 3046 cur
676 2993 785 3045 variari
812 2993 990 3045 locutionem
1008 3010 1029 3061 a
1044 2992 1183 3049 Cicerone
1202 2994 1279 3061 noli·

121 3079 195 3126 mns,
215 3077 268 3113 cur
287 3079 352 3113 eum
371 3063 520 3136 eleganter
535 3062 617 3131 loqui
633 3063 791 3130 doceamus,
810 3080 869 3139 pon
890 3062 984 3115 video.
1022 3062 1101 3128 Quod
1118 3063 1160 3115 ait
1173 3064 1226 3120 W.
1247 3064 1280 3131 in

122 3130 238 3197 scholis,
258 3131 391 3197 definiunt
415 3150 472 3185 esse
492 3132 522 3183 in
541 3133 627 3185 Godd.
648 3133 774 3202 optimis,
802 3134 935 3203 cupidius
958 3133 1061 3185 dixisse
1086 3151 1162 3197 eum,
1190 3151 1279 3202 quam

121 3203 229 3269 verius,
248 3220 336 3267 nunc,
362 3204 474 3273 opinor,
500 3219 584 3255 neruo
609 3203 758 3255 dubitabit.
779 3202 862 3256 ·Sola
883 3202 937 3255 Ed.
956 3201 991 3254 Α.
1017 3200 1102 3256 babet
1127 3202 1278 3271 designant

122 3271 198 3339 (sic):
218 3275 288 3326 Ven.
308 3283 397 3327 nostr.
418 3274 575 3343 designant.
613 3274 674 3328 Mr.
996 3318 1000 3326 .
1272 3330 1275 3335 ,

192 3370 223 3416 ut
241 3363 290 3417 ira
308 3363 346 3418 sit
362 3363 450 3417 libido
467 3362 619 3432 poeniendi
637 3361 708 3430 eius]
745 3360 890 3416 scribitur
905 3359 1056 3431 poeniendi
1073 3362 1105 3415 in
1123 3362 1205 3417 libris
1230 3378 1280 3431 any

122 3432 294 3503 tiquissimis
319 3446 348 3488 et
372 3435 488 3507 optimis
511 3437 581 3509 neg.
607 3434 681 3486 Gud.
703 3438 726 3489 1.
747 3437 772 3489 2.
801 3435 872 3487 Edd.
897 3433 967 3486 Dav.
986 3434 1056 3486 Ern.
1083 3451 1163 3504 seqq.
1190 3441 1219 3487 st
1238 3433 1279 3486 iba

123 3514 165 3556 est
184 3507 215 3557 in
233 3507 418 3576 palimpsesto
437 3507 529 3567 Vatis.
550 3505 624 3576 apud
642 3506 702 3559 cic.
723 3504 758 3558 ds
776 3507 846 3576 Rep.
866 3506 920 3558 Ill.
941 3508 966 3560 9.
991 3510 1018 3575 ρ.
1039 3506 1101 3561 358.
1140 3506 1201 3558 lam
1218 3502 1277 3557 uida

121 3575 256 3629 Beier-um
276 3578 307 3629 in
324 3577 457 3633 Philol.
477 3576 708 3652 Paedag..Lit.
726 3576 776 3628 Bl.
805 3595 831 3628 a.
851 3575 1037 3650 Schulat'g.
1065 3578 1142 3631 1826.
1168 3576 1213 3628 11..
1232 3577 1276 3630 lo.

123 3663 152 3714 p·
172 3649 233 3702 422.
252 3647 322 3717 ibiq.
341 3649 436 3701 laudd.
466 3649 491 3701 li
510 3665 624 3719 quoque
642 3648 722 3713 libri,
751 3647 782 3698 in
801 3647 903 3716 quibus
930 3655 972 3699 est
988 3645 1136 3713 penitendi
1159 3654 1188 3698 et
1213 3658 1280 3712 poe·

123 3716 241 3782 nitendi,
260 3719 367 3771 veteris
386 3719 554 3789 scriptionis
572 3719 695 3794 vestig-ia
713 3720 745 3771 in
764 3719 825 3788 ipso
845 3724 1115 3782 errorem-rarum,
1133 3723 1167 3767 ut
1184 3713 1278 3780 babet,

124 3804 191 3839 cum
210 3789 316 3841 duobus
334 3791 414 3854 Pall,
433 3797 531 3843 noster
548 3791 646 3855 ltlarb.,
675 3789 847 3842 amonacbo
872 3787 969 3856 aliquo
994 3787 1146 3840 admodum
1163 3786 1278 3857 stupido

125 3875 161 3910 ex
185 3859 383 3928 antiquissimo
408 3860 483 3913 libro
507 3860 674 3932 descriptus.
716 3861 856 3930 Sequitur
879 3860 991 3915 uidetur
1013 3875 1066 3929 pro
1094 3857 1228 3911 uideatur
1246 3857 1278 3908 in

124 3928 192 3982 Cod.
212 3929 301 3982 Rebd.
338 3932 392 3983 Pro
412 3931 474 3984 eius
500 3941 623 3987 osteum
641 3934 672 3984 in
691 3931 757 3986 coe
776 3932 849 4006 Aug.
888 3932 1044 4007 vulgarem
1062 3927 1279 3982 Aristotelicum

122 4001 185 4055 irae
202 4001 402 4055 definitionem
419 4018 480 4056 esse
497 4002 537 4055 ait
556 4004 641 4059 Gesn.
661 4005 693 4054 in
712 4002 824 4057 Chrest.
845 4003 904 4056 Cic.
923 4020 951 4072 p.
972 4003 1038 4056 392:
1064 4001 1150 4070 ὄρεξις
1174 3997 1279 4051 ἀντιλυ-

122 4080 240 4140 πήσεως.
270 4071 334 4127 Vid.
354 4072 551 4124 Camerarium
567 4074 600 4126 in
617 4073 761 4143 Explicat.
788 4073 852 4126 Lib.
872 4074 910 4127 11.
928 4071 1025 4125 Etbic.
1045 4071 1159 4126 Nicom.
1183 4089 1212 4141 p.
1232 4071 1277 4127 85

123 4143 176 4197 Ed.
197 4143 435 4201 Wscbel.'l578.
473 4143 534 4195 Mr.
639 4179 645 4183 -

194 4215 243 4284 qni
266 4215 397 4271 uideatur
419 4212 537 4268 laesisse
561 4211 682 4281 iniuria]
720 4213 820 4279 „Quia
843 4214 926 4267 video
949 4213 1115 4283 quibusdam
1139 4212 1171 4264 in
1195 4210 1278 4264 libris

123 4285 279 4340 desiderari
296 4287 418 4341 verbum
435 4285 555 4351 iniuria,
568 4284 652 4355 *quod
670 4284 758 4337 etiam
775 4285 807 4335 in
824 4283 872 4350 iis,
898 4285 950 4355 qui
969 4302 1005 4337 ex
1031 4284 1144 4338 aedibus
1162 4281 1277 4344 nostris,

124 4358 235 4428 alioqui
258 4359 326 4412 satis
352 4357 505 4423 emendati,
531 4354 727 4427 superioribus
757 4355 838 4407 annis
863 4355 1010 4421 exierant,
1040 4355 1176 4410 omissum
1201 4359 1278 4413 erat3

125 4426 189 4484 ideo
208 4431 316 4486 Graeca
334 4430 458 4487 Zenonis
482 4427 579 4493 rerba,
606 4426 681 4481 iram
705 4425 881 4493 definientis,
902 4435 937 4493 ut
960 4426 1053 4497 omnis
1076 4426 1109 4479 in
1132 4429 1279 4492 posterum
