2842 5070
197 314 260 379 272
400 312 634 378 CICERONIS·
647 311 893 378 TUSCULAN.
916 306 1147 375 DISPUTAT.
1183 310 1190 315 ”

132 494 137 502 ·
188 474 340 540 'Minime
366 497 466 542 veros
495 498 574 539 nam
604 479 690 539 mihi
720 471 855 564 egregie
886 476 1026 559 probata
1058 482 1109 537 est
1139 470 1250 534 oratio
1282 481 1353 534 tna.

197 557 248 623 Μ.
270 558 349 619 Non
369 561 476 644 igitur
497 564 664 621 existimas
685 561 805 622 cadere
826 563 861 621 in
883 562 1066 640 sapientem
1087 553 1355 642 aegritudinemt

197 639 236 702 b
259 641 400 702 Prorsus
422 659 489 703 non
511 644 671 706 arbitror.
712 643 760 704 M.
785 643 900 723 Atqui,
923 643 952 701 si
973 644 1038 702 ista
1059 639 1261 719 perturbare
1282 637 1356 697 ani·

197 742 289 783 mum
312 726 470 805 sapientis
492 743 558 784 non
579 732 702 807 potest,
733 724 827 783 nulla
848 719 1006 805 poterit.
1039 719 1126 785 Ouid
1155 716 1265 779 enim?
1287 738 1357 780 me-

114 805 296 870 tantuma
329 804 527 867 conturbet?
569 816 605 867 at
634 825 749 866 earum
781 825 898 866 rerum
932 813 986 864 est
1014 803 1201 863 absentium
1234 809 1357 879 metus,

142 877 167 913 ³·
199 906 342 967 quarum
364 890 591 966 praesentium
624 898 672 949 est
698 887 892 970 aegritud03
925 887 1056 946 sublata
1075 886 1183 966 igitur
1205 885 1356 968 aegritu-

116 1050 124 1058 *
199 967 277 1030 dine
297 969 445 1030 sublatus
467 977 517 1030 est
538 978 657 1033 metus.
689 970 826 1031 Restant
847 969 931 1030 duae
952 967 1235 1050 perturbationes,
1257 966 1361 1027 laeti-v

201 1151 297 1207 simile
326 1152 460 1222 quiddam
485 1154 617 1208 voluerat
640 1153 766 1220 Tullius,
799 1157 903 1225 procul
935 1154 1018 1205 dubio
1051 1153 1183 1206 dixisset:
1221 1152 1356 1219 temporie

203 1239 300 1289 eausa
320 1239 374 1275 non
391 1225 534 1277 rationum
551 1224 582 1276 υἱ
599 1233 625 1278 et
640 1228 763 1292 pondere
780 1219 894 1278 coactus
912 1223 1114 1279 adsentiebare.
1152 1224 1189 1279 D.

273 1297 407 1361 temporis
425 1310 511 1348 eausa
524 1295 741 1362 assentiebare]
773 1296 886 1361 „Codd
906 1296 1009 1347 vitiose
1028 1295 1160 1361 temporis
1177 1307 1273 1358 eastra,
1292 1309 1357 1346 nou

174 1389 178 1394 -
201 1363 252 1428 oi,
278 1364 482 1418 assentiebare:
509 1366 584 1418 unde
602 1367 749 1419 Bentleius
774 1368 904 1436 reponit:
930 1372 1009 1434 temp.
1030 1381 1125 1431 eausa,
1150 1380 1216 1417 non
1233 1381 1285 1428 re,
1308 1379 1357 1415 as·

201 1434 387 1488 sentiebare.“
411 1433 524 1488 Laitem.
562 1472 582 1501 „
592 1437 739 1505 Temporis
762 1452 850 1489 eausa
861 1437 888 1487 i.
909 1453 934 1487 e.
954 1437 997 1499 ob,
1013 1435 1159 1487 defectum
1185 1433 1356 1504 temporis.“

200 1503 313 1560 Nissen.
352 1505 451 1570 „Male
469 1506 582 1562 Nissen.
600 1508 653 1559 Est
672 1509 691 1558 i.
711 1525 738 1577 q.
758 1515 789 1560 ut
808 1505 928 1574 tempori
950 1505 1085 1568 servires,
1110 1504 1251 1565 ¹videlicet
1276 1521 1356 1556 meae
1385 1526 1399 1548 .-

115 1592 118 1597 ’
202 1577 382 1628 auctoritatis
401 1584 431 1628 et
447 1579 585 1649 personae
611 1578 723 1630 ratione
741 1577 870 1660 habiJaf‘
896 1577 984 1642 Wolf.
1009 1577 1040 1627 in
1058 1575 1174 1627 scholis.
1212 1575 1358 1635 Similiter

200 1644 338 1700 Neidius:
357 1645 535 1715 temporibus
554 1648 723 1714 inserviens,
742 1655 838 1700 motus
857 1648 1027 1699 auctoritate
1046 1663 1120 1711 mea,
1140 1661 1178 1696 ne
1186 1644 1280 1696 dubiis
1298 1646 1358 1696 tuis

201 1717 330 1769 taedium
348 1715 424 1767 mihi
443 1717 623 1770 exhiberes.“
641 1719 738 1772 Recte.
757 1718 829 1769 Add.
848 1719 920 1770 Ern.
947 1717 1024 1769 clav.
1045 1716 1105 1771 cic.
1141 1715 1254 1773 Habent
1275 1715 1357 1768 nobis

203 1786 290 1839 Codd.
309 1786 394 1842 Bern.
414 1783 445 1849 (a
462 1790 487 1843 2.
507 1786 559 1852 m.)
578 1807 651 1840 unus
669 1790 719 1843 Ox.
739 1788 823 1840 Vind.
845 1792 869 1842 l.
889 1789 963 1839 Mon.
984 1790 1010 1840 2.
1030 1785 1157 1850 (sedhic
1176 1785 1271 1838 addito
1293 1782 1357 1849 non)

202 1855 275 1909 Edi.
301 1855 335 1908 A.
359 1857 391 1907 Β.
420 1855 448 1910 S.
473 1858 507 1909 E.
534 1857 565 1909 G.
591 1860 625 1914 V.
653 1861 723 1912 Ven.
751 1867 840 1910 nostr.
866 1856 931 1929 Asc.
951 1862 976 1912 1.
1003 1860 1028 1910 2.
1054 1858 1137 1908 Junt.
1160 1856 1231 1907 Rob.
1256 1855 1356 1924 Steph.

202 1926 543 1983 ciat.11erw.}1wolf.
563 1929 648 1983 Leod.
666 1947 731 1981 mar
753 1970 760 1984 .
779 1927 893 1980 Lambb.
916 1936 945 1979 et
964 1927 1051 1980 Goth.
1070 1924 1143 1979 Noui
1161 1934 1203 1978 est
1221 1926 1253 1976 in
1270 1925 1356 1976 Codd.

202 1997 288 2051 Bern.
309 2015 325 2049 a
345 2002 369 2052 1.
389 2014 428 2048 m.
447 1999 517 2071 Reg.
538 1998 613 2050 Gud.
635 2003 658 2053 1.
679 2002 705 2054 2.
750 2017 800 2072 ug.
819 2001 894 2050 Mon.
916 2002 941 2051 1.
983 2006 1086 2049 uatuor
1105 1996 1174 2047 Oxx.
1194 1996 1282 2047 Marb.
1302 1995 1355 2047 Ed.

202 2069 232 2122 P.
250 2068 320 2120 Ven.
346 2066 406 2119 Alt.
432 2086 505 2138 quae
532 2077 653 2121 estune
677 2069 847 2136 eademque3
875 2066 946 2122 mibi
990 2069 1055 2120 abet
1079 2067 1145 2119 eod
1172 2064 1271 2128 Retia,
1301 2081 1359 2117 non

204 2137 414 2195 codd.=1>uisb.
440 2157 514 2189 unus
537 2139 588 2190 Ox.
615 2147 645 2190 et
668 2139 741 2191 Gud.
779 2140 814 2191 ln
844 2154 902 2190 uno
935 2139 985 2190 Ox.
1019 2145 1061 2189 est
1085 2135 1293 2198 absentiebare,
1324 2136 1357 2185 in

184 2207 278 2261 'Gud.
299 2211 324 2262 l.
344 2226 360 2261 a
379 2213 409 2263 la
431 2225 470 2264 m.
501 2208 739 2274 absentiabare,
771 2208 803 2259 in
826 2208 900 2261 Gud.
921 2206 1192 2270 2-assente'abare,
1223 2205 1255 2255 in
1280 2209 1357 2278 Aug.

204 2277 424 2332 assentiebare.
461 2281 526 2330 Post
544 2279 656 2330 minime
673 2295 739 2330 uero
757 2279 789 2329 in
806 2281 881 2342 Mon.
902 2282 928 2333 2.
954 2288 995 2331 est
1017 2282 1083 2332 iam.
1119 2279 1185 2328 Mox
1211 2292 1285 2325 unus
1305 2277 1358 2328 Ox.

203 2346 234 2402 N
237 2364 290 2400 um
308 2348 402 2414 igitur
418 2364 472 2417 pro
489 2365 552 2400 non
569 2348 669 2414 igitur.
690 2349 777 2401 Marb.
797 2349 829 2401 s'n
846 2349 1002 2416 sapientem
1020 2349 1165 2400 cadere-
1178 2354 1207 2398 et
1225 2346 1258 2396 in
1277 2363 1358 2416 seqq.

202 2432 322 2540 prorsam
339 2433 420 2538 ἔξω
439 2416 581 2544 qus'poqr.⁷
612 2417 838 2544 Adlpqrmulam
856 2436 979 2487 prorsus
1002 2422 1056 2472 non
1081 2418 1140 2469 vid.
1160 2417 1301 2470 Goerenz.
1325 2416 1360 2468 ad

230 2503 266 2540 sc.
307 2504 322 2538 e
365 2506 424 2540 mn.
475 2527 482 2540 .
521 2527 527 2539 .
585 2526 591 2538 .
634 2525 640 2539 .
714 2525 722 2541 .
939 2507 940 2511 ¹

276 2555 375 2627 Atqui,
393 2559 423 2611 si
440 2557 499 2611 e'sta
514 2505 696 2626 perturbare]
731 2560 812 2613 Unus
831 2562 881 2614 0x.
901 2559 981 2630 atqui
1000 2562 1153 2626 frustra
1175 2558 1359 2627 perturbare3

207 2627 280 2680 alius
308 2628 420 2681 omittit
444 2635 543 2696 potest,
569 2629 655 2680 natta.
683 2633 757 2684 Mon.
783 2633 808 2685 2.
835 2631 920 2684 habet
943 2631 1022 2684 nulla
1044 2634 1171 2698 potest.
1204 2628 1300 2684 Wolf.
1328 2629 1360 2677 in

126 2760 136 2775 ἱ
206 2697 317 2822 petiolis
328 2699 378 2823 ffqd
405 2697 463 2754 ista
490 2699 634 2752 subaudiri
659 2700 739 2754 iubet
762 2701 926 2770 aegritudo,
952 2700 987 2756 ad
1011 2700 1089 2754 natta
1120 2707 1217 2752 autem
1245 2703 1360 2768 pertur-

223 2769 292 2823 ate‘o.
366 2787 390 2821 r.
506 2782 560 2816 ’,
638 2812 690 2818 ,.
750 2773 764 2796 ‘-

280 2839 357 2893 natta
372 2838 481 2908 poterit
500 2865 533 2876 -
552 2838 705 2893 absentium
722 2841 823 2908 metus]
860 2843 923 2907 „In
940 2842 1020 2897 MSto
1038 2841 1159 2894 Nor-vic.
1184 2840 1257 2892 baec
1273 2838 1360 2890 verba

207 2909 248 2962 sie
267 2909 451 2965 ordinantur:
472 2908 551 2961 nulla
567 2912 678 2976 poterit.
716 2913 753 2964 A.
774 2912 850 2968 Quid
868 2913 963 2966 enim?
990 2919 1081 2964 metus
1104 2927 1170 2963 non
1195 2909 1360 2963 conturbet?

208 2979 251 3034 Μ.
271 2979 343 3032 Non.
364 2979 431 3049 quia
448 2995 548 3033 earum
566 2996 662 3033 rerum
681 2990 720 3035 est
738 2985 891 3037 absentium
908 2991 995 3036 metus
1014 2991 1068 3042 eto.
1105 2982 1178 3034 cum
1202 2996 1272 3032 vero
1292 2978 1362 3031 reli-

210 3049 262 3116 qui
281 3049 367 3105 Codd.
387 3067 445 3102 non
463 3050 603 3116 addicant,
631 3061 660 3105 et
677 3054 796 3175 Wllfflta
818 3055 906 3107 lectio
924 3070 1065 3124 perquam
1083 3053 1120 3103 sit
1138 3051 1296 3113 commoda,
1325 3049 1362 3098 il-

209 3119 268 3172 lam
287 3120 479 3195 mutationem
496 3139 512 3173 a
530 3121 648 3175 librario
667 3139 720 3192 pro
737 3133 829 3177 ectam
847 3123 1004 3188 arbitror.“
1022 3124 1107 3189 Dav„
1122 3120 1154 3172 in
1177 3119 1230 3172 Ed.
1253 3123 1276 3173 1.
1314 3118 1362 3172 sio
1401 3166 1406 3170 .

165 3201 167 3205 ’
209 3189 305 3261 plane,
323 3199 357 3242 ut
375 3192 476 3256 Norv.‚
502 3190 589 3244 habet
605 3195 681 3246 Mon.
701 3196 726 3248 2.
754 3195 812 3246 nisi
830 3195 908 3263 quod
926 3194 1044 3254 exhibet¹
1066 3191 1272 3244 conturbantur.
1288 3211 1291 3216 ¹
1309 3189 1364 3240 Est

209 3261 299 3314 etiam
317 3270 408 3315 metus
434 3278 500 3315 non
525 3261 557 3312 in
579 3279 637 3315 uno
657 3264 706 3317 Ox.
735 3264 767 3315 in
783 3264 992 3323 uehafmuus-
1010 3278 1094 3322 num.-
1121 3261 1213 3316 Verba
1236 3265 1364 3311 metusne

208 3332 705 3456 {me,affiqgarss‘m,⁰mit·tit¹c⁰{j
714 3333 843 3455 ‚Gudmz
867 3335 909 3456 Iln¹
919 3332 1003 3453 and·
1015 3327 1364 3450 lMleqitulqecontIqrblqt.
1409 3408 1414 3413 ‘

150 3430 167 3450 κ
232 3416 304 3454 roa
367 3419 492 3456 aene
549 3421 680 3456 uinue.
810 3419 901 3455 on..
953 3419 1002 3452 u.
1061 3416 1118 3450 ar.
1212 3414 1378 3447 ·u1s.·'

145 3455 161 3534 ‚f
210 3471 312 3523 etenim
335 3469 408 3524 Gud.
429 3481 458 3525 et
480 3420 569 3527 Relild.
588 3421 768 3543 pbsteriffrx'a
785 3473 811 3529 2.
831 3488 869 3525 m.
896 3456 950 3523 Est
974 3419 1060 3522 §tiam
1082 3473 1110 3519 et
1136 3465 1167 3515 in
1185 3412 1256 3516 igidd.
1277 3468 1306 3516 P.
1327 3435 1366 3518 Af

132 3559 134 3566 ¹
209 3539 240 3592 B.
261 3539 289 3593 S.
309 3540 343 3592 E.
370 3542 452 3595 Junt.
476 3545 547 3596 Van.
574 3553 664 3599 nostr.
681 3541 756 3596 Asc.
778 3546 802 3598 1.
839 3542 945 3592 Vocem
968 3543 1011 3591 est
1036 3544 1100 3606 post
1128 3550 1224 3588 rerum
1251 3536 1365 3589 omittit

210 3609 278 3664 God.
306 3611 402 3663 Duisb.
433 3613 500 3671 God.
529 3614 614 3670 Vind.
634 3617 660 3667 1.
687 3609 950 3675 habetatsents'a,
971 3617 1000 3662 et
1017 3606 1086 3660 mox
1104 3612 1146 3658 est
1162 3608 1363 3675 praesentium.

209 3680 289 3735 Unus
309 3683 359 3735 Ox.
379 3684 490 3736 omittit
508 3684 628 3748 reram„
648 3683 709 3737 Mr.
797 3736 800 3741 ⁴

258 3771 408 3824 sublatus
432 3779 474 3825 est
494 3753 526 3824 et
548 3769 656 3835 metus]
702 3769 763 3833 „In
789 3765 889 3852 vulgg.
918 3765 1080 3836 deestetff
1103 3766 1174 3818 Dav.
1205 3766 1237 3816 in
1263 3767 1316 3821 Ed.
1337 3769 1363 3830 2.

211 3841 321 3906 „Quod
340 3842 412 3907 conj.
434 3849 460 3895 et
477 3850 543 3893 ante
561 3847 652 3897 metus
670 3839 807 3892 excidisse
824 3856 873 3890 vir
891 3856 1017 3890 surnmus
1036 3838 1177 3900 censebat,
1197 3836 1229 3886 in
1248 3852 1280 3887 eo
1300 3837 1365 3905 qui-

211 3911 286 3978 dem,
311 3921 345 3964 ut
363 3914 394 3963 in
415 3912 549 3984 pluribus
565 3909 631 3961 aliis
650 3910 791 3975 minutiis,
819 3926 888 3977 quas
907 3910 1011 3962 merito
1036 3917 1172 3962 excutere
1200 3923 1364 3979 gravamur,

211 3983 320 4035 frustra
338 3984 456 4036 omnino
475 3998 532 4034 esse
550 3979 673 4031 videtur.
703 3979 785 4045 Vide,
809 3997 845 4032 ne
868 3981 956 4032 verba
980 3996 1130 4049 apponam,
1151 3978 1229 4028 infra
1247 3995 1308 4047 cap.
1320 3980 1363 4031 2⁰.

214 4070 300 4121 supm
318 4055 371 4106 lll.
392 4069 416 4105 e.
442 4052 496 4104 ult.
521 4049 619 4101 Divin.
644 4050 682 4102 Π.
707 4053 750 4106 59.
775 4050 859 4104 Acad.
879 4052 918 4117 11,
937 4054 962 4125 6,
986 4054 1091 4106 1219.
1122 4048 1156 4101 de
1176 4047 1272 4099 'Amic
1298 4046 1364 4102 27.“

215 4123 360 4194 Wopkens.
381 4123 402 4174 l.
422 4140 448 4175 c.
467 4139 495 4190 p.
515 4123 558 4175 89.
580 4120 652 4185 [122.
673 4122 777 4188 Hand]
943 4187 947 4193 f

285 4193 417 4248 Sublatus
444 4198 485 4245 est
507 4192 607 4259 metus]
644 4194 683 4245 Re
707 4231 712 4243 .
739 4193 885 4249 Pithoean.
909 4195 983 4247 Med.
1009 4190 1123 4245 Balliol.
1150 4188 1259 4258 aliique
1283 4187 1366 4244 Codi-
1415 4199 1419 4210 ·

213 4280 260 4333 ees
278 4269 312 4318 et
330 4261 457 4315 sublatus
474 4267 517 4317 est
535 4267 631 4316 metus.
695 4281 777 4317 orsan
796 4264 903 4318 ettam
920 4265 1045 4317 sublatus
1064 4270 1106 4315 est
1124 4267 1220 4312 metus.
1257 4258 1293 4310 D.

285 4333 410 4386 sublatas
428 4338 468 4387 est
485 4334 584 4400 metas]
621 4334 767 4393 FAWolf.
793 4343 820 4389 et
844 4343 910 4388 ante
933 4335 1060 4388 sublatus
1081 4331 1196 4384 uncinis
1222 4330 1367 4381 inclusum

215 4402 341 4458 addidit:
371 4421 407 4460 ex
424 4406 505 4483 Reg.·
520 4407 552 4460 in
570 4406 725 4463 collatione
743 4414 841 4463 nostra
865 4406 942 4460 nihil
960 4405 1107 4469 enotatum
1125 4410 1176 4468 est,
1205 4418 1298 4470 neque
1325 4409 1367 4456 est
