2842 5070
376 348 380 361 ,
438 282 784 366 ‚.·1.tuaa1v,a.
873 301 877 307 ’
934 350 938 355 .
1173 280 1238 361 289

84 454 222 517 ciuntur
250 450 585 536 perturbationibuss
606 458 645 514 ut
663 447 851 536 aegritudo
884 451 977 533 quasi
999 466 1148 520 morsum
1175 448 1235 537 ali·

85 557 182 619 quem
205 535 332 599 doloris
363 536 505 609 efficiam
535 541 653 610 metus,
682 551 850 601 recessum
876 530 1038 617 quandam
1068 532 1172 594 animi
1201 538 1236 594 et
1264 566 1279 583 ι

82 623 217 704 fugams
257 619 385 680 laetitia
421 621 591 699 profusam
627 615 853 690 hilaritatem
891 613 996 679 iibido
1040 612 1279 683 effrenatamb·

82 703 321 784 appetentiam.
367 700 589 779 Opinationem
600 706 725 777 autem,
743 706 838 781 quesn
854 699 890 777 in
901 717 1015 763 omnes
1027 697 1237 761 definitiones

79 812 227 821 Μ...-
401 811 568 818 --—--—-·
588 810 813 817 --.---...-.

82 881 150 925 sunt
167 880 344 942 praestantes
363 871 411 923 illi
428 871 503 937 κλεὶς
528 871 635 941 quippe
660 870 786 933 Galenus
813 869 941 923 aTullii
962 867 1092 941 partibus
1119 866 1236 920 omnino
1322 859 1326 873 '

83 951 153 996 stat:
176 961 243 996 nam
262 960 351 1012 quum
375 943 447 997 dicit
464 941 658 1013 Chrysippum
682 940 787 994 Stoicis
813 939 967 1004 adversari,
986 940 1025 993 οἳ
1046 935 1085 992 οὗ
1109 940 1237 1009 asie-apt-

82 1029 139 1073 σεις
157 1041 207 1078 -,
227 1014 324 1066 eodem
344 1013 420 1065 redit
436 1029 469 1064 ac
487 1014 512 1063 si
531 1008 701 1082 seripsisset:
722 1013 753 1065 οἳ
769 1007 805 1064 ού
822 1005 927 1076 μόνον
950 1011 995 1073 τὰς
1014 1012 1123 1081 κρίσεις,
1148 1004 1235 1062 atad

82 1088 141 1137 καλ
162 1085 211 1144 soie
233 1082 279 1137 tat
304 1087 411 1144 ταύταις
435 1076 550 1151 ἀλόγους
575 1083 706 1145 neuroide
725 1115 757 1126 -
780 1080 1025 1152 ὑπολαμβάνουσιν
1048 1074 1170 1135 εἶναιτὰ
1189 1077 1238 1146 ταῖς

82 1155 176 1224 ψυχῆς
191 1153 278 1221 πάθη.
315 1156 350 1208 ln
376 1154 540 1207 huiusmodi
569 1163 649 1207 certe
667 1152 862 1206 locutionibus
878 1152 955 1207 haud
976 1169 1043 1206 raro
1061 1153 1105 1216 fit,
1133 1161 1168 1204 ut
1184 1145 1237 1221 μ’ό-

80 1242 133 1279 νον
149 1225 340 1278 subaudiatur.
368 1225 541 1280 Theocritus
559 1225 648 1293 Idy-ll.
667 1214 700 1276 X.
721 1228 763 1280 19.
784 1250 817 1264 ·-
840 1252 873 1262 -
899 1223 1043 1293 sapide&
1062 1225 1104 1276 osi
1111 1240 1128 1274 κ
1151 1221 1237 1285 adeda
1328 1248 1332 1253 ⁷

80 1297 236 1355 ὀΠλοῦιος
262 1297 344 1350 ἀλλὰ
370 1302 429 1350 καὶ
450 1292 637 1365 ὥφρόντιστος
661 1290 771 1365 Ἔρως.
791 1295 975 1348 Democrates
1001 1295 1034 1346 in
1059 1293 1137 1348 Sent.
1163 1293 1233 1347 Aur.

66 1385 109 1439 ‚p-
128 1370 196 1423 63οε
215 1366 318 1438 ἐχθρὸς
337 1365 398 1438 ούχ
422 1364 437 1421 ὁ
457 1366 572 1432 ἀδικῶν,
591 1364 674 1419 ἀλλὰ
693 1368 750 1421 καλ
777 1361 953 1436 ὁβοολεύων.
992 1365 1122 1420 Zosimus
1140 1365 1191 1423 lib.
1210 1365 1235 1421 l.

80 1457 109 1508 p.
128 1441 175 1494 36:
203 1442 263 1508 οὐχ
284 1437 369 1506 ἅπαξ,
396 1441 479 1492 ἀλλὰ
498 1440 554 1491 aut
571 1432 706 1508 δεύτερον.
744 1437 775 1490 Si
801 1437 888 1509 plura
911 1437 965 1502 vis,
992 1437 1038 1490 adi
1064 1453 1136 1505 quae
1155 1443 1236 1489 nota·

80 1510 174 1562 vimus
193 1511 227 1562 ad
244 1510 295 1562 lib.
316 1512 353 1564 ll.
374 1511 408 1563 de
427 1511 492 1563 Nat.
512 1509 597 1563 Deor.
618 1526 641 1560 c.
662 1508 728 1564 64.“
747 1508 808 1560 Mr.
846 1508 965 1573 „Davia
990 1507 1021 1561 ia
1045 1506 1109 1559 illia
1135 1507 1234 1560 eliam.

80 1579 162 1634 blale.
200 1582 274 1634 Nam
293 1598 350 1634 ιιοο
367 1582 457 1634 solum
472 1575 873 1651 perturbationesrequirunt
890 1577 974 1631 illa.“
997 1577 1112 1631 Nissen.
1149 1578 1236 1631 Vides

81 1669 118 1702 ex
136 1668 202 1703 ann.
222 1651 273 1705 Ed.
293 1656 319 1708 3.
339 1669 397 1705 non
416 1661 591 1722 exspectasse
608 1651 765 1716 Davisium‚
794 1649 884 1702 donee
908 1667 924 1701 a
942 1648 1075 1708 Nissenio
1103 1646 1237 1701 edocere·

45 1758 48 1763 ,
80 1731 144 1774 tur:
170 1740 344 1792 quamquam
368 1723 445 1776 Nisa.
470 1739 528 1775 non
556 1722 648 1792 ipsam
673 1721 783 1776 Davisii
812 1721 864 1773 Ed.
897 1719 1051 1774 secundam
1080 1719 1236 1791 inspexisse

81 1791 178 1857 credo,
197 1793 245 1845 sed
263 1793 380 1863 obloqui
398 1802 511 1845 tantum
528 1792 663 1856 Ernesto,
693 1793 754 1862 qui,
783 1808 842 1844 non
867 1790 994 1862 inspecta
1017 1790 1114 1854 tertia,
1142 1806 1236 1860 neque

81 1880 145 1915 rem
164 1863 256 1931 ipsam
274 1863 341 1930 satis
360 1864 522 1935 expendens
540 1862 621 1935 illius
640 1862 838 1916 coniecturam
856 1862 887 1913 in
905 1880 969 1920 ann.
991 1861 1131 1932 probavit.
1152 1860 1236 1915 Solus

10 1988 14 1994 ,
81 1934 149 1988 Cod.
171 1932 244 1986 Ven'.
263 1934 349 1989 hahet
368 1950 464 1987 aarum
482 1935 590 1988 etiam
608 1933 686 1986 itta.
716 1934 784 2005 ,Mn
820 1961 824 1967 -
1020 1930 1024 1935 ’
1119 1967 1123 1987 .
1202 1930 1205 1937 ’

156 2005 261 2058 Veram
277 2002 329 2059 illa
347 2005 443 2072 etiam]
480 2007 604 2059 Veretur
623 2004 802 2057 doctissimus
820 2002 973 2057 Salmasius
997 2004 1033 2059 ad
1050 2002 1236 2074 Simplicium

80 2092 144 2150 pag.
164 2079 207 2131 59.
228 2093 264 2131 ne
283 2094 435 2147 perperam
451 2076 525 2131 baeu
547 2075 730 2129 intellexerit
748 2075 862 2129 Cicero:
884 2084 918 2129 et
944 2093 1011 2128 cum
1037 2091 1070 2129 eo
1089 2075 1160 2128 facit
1178 2079 1244 2128 Me·-
1271 2120 1276 2132 ,

79 2147 180 2215 nagius
204 2146 239 2200 ad
260 2148 372 2202 Laertii
391 2148 455 2211 Vll,
477 2152 535 2203 111.
573 2148 648 2200 Nam
674 2165 741 2200 eum
759 2145 938 2217 Chrysippus
957 2145 1064 2199 iudicia
1086 2147 1236 2218 perturba·

80 2217 173 2270 tiones
192 2236 250 2272 esse
269 2220 413 2283 statuerit,
432 2221 530 2272 Zenon
549 2218 659 2290 aliique
684 2235 699 2271 e
717 2218 821 2272 Stoicis
841 2234 940 2269 eorum
969 2215 1087 2270 effectus
1111 2213 1167 2271 boc
1185 2233 1236 2271 no·

80 2288 159 2341 enine
192 2290 341 2343 donabant.
379 2290 504 2343 Galenus
534 2289 585 2342 lib.
612 2290 659 2342 1V.
688 2289 789 2364 Dogm.
815 2288 902 2358 Hipp.
935 2297 964 2341 et
990 2288 1062 2343 Plat.
1092 2305 1153 2360 cap.
1181 2288 1234 2343 111.

79 2363 216 2446 pag.139.
237 2355 347 2426 Ζήνωνι
361 2363 428 2413 aurai
445 2380 477 2430 γε
494 2365 575 2414 τοῦτο
586 2364 631 2412 καὶ
650 2356 736 2426 ἑαυτῷ
755 2359 801 2412 καλ
819 2361 925 2421 πολλοῖς
944 2352 1032 2420 ύλλοις
1050 2359 1235 2430 (Χρύσιππος)
1332 2386 1336 2401 =

78 2448 198 2504 μαχειαι
219 2436 276 2495 aar
293 2437 428 2485 Στωϊκῶν
449 2433 480 2486 oi'
500 2429 533 2485 ού
559 2426 607 2490 τὰς
629 2437 730 2498 κρίσεις
755 2426 838 2489 αὐτὰς
863 2431 907 2496 τῆς
930 2431 1029 2497 ψυχῆς,
1055 2426 1130 2482 ἄλλο’
1157 2430 1237 2482 Lar

79 2500 127 2567 τὰς
145 2502 192 2556 ἐπὶ
210 2497 317 2567 ταύταις
334 2501 452 2572 ἀλόγους
469 2498 603 2562 συστολὰς
620 2505 667 2555 καὶ
685 2495 863 2561 ταπεινώσας
888 2502 937 2552 καλ
954 2499 1044 2565 δήξεις
1061 2495 1189 2568 todonae
1206 2517 1238 2563 te

79 2578 127 2628 καλ
153 2573 307 2643 διαχύσεις,
335 2568 584 2646 ὑπολαμβάνουσιν
609 2571 682 2626 εἶναι
708 2567 741 2625 ιὰ
767 2576 814 2638 τῆς
836 2572 926 2640 ψυχῆς
943 2571 1031 2639 πάθη.
1068 2573 1236 2647 [regendum

79 2647 197 2699 videtur
222 2643 289 2700 αἰλλοὶ
313 2643 359 2710 τὰς
384 2645 431 2700 tat
456 2645 567 2705 ταύταις
590 2639 707 2712 ἀλόγους
737 2642 878 2702 συστολάς.
925 2642 1046 2710 Alioqui
1072 2645 1152 2697 Zeno
1177 2659 1237 2697 non

10 2773 12 2777 ,
79 2717 187 2771 iudicia
212 2724 323 2772 tantum
350 2719 399 2773 sed
423 2726 452 2772 et
477 2736 548 2788 quae
572 2734 608 2769 ex
631 2715 747 2769 iudiciis
766 2723 982 2782 consequuntur
1006 2713 1236 2784 perturbationes

79 2786 139 2843 esse
156 2789 308 2842 statuisset.
346 2791 417 2843 Vide
442 2788 480 2840 sis
507 2789 540 2841 ad
564 2787 613 2839 lib.
632 2789 670 2841 ll.
701 2788 739 2840 N.
758 2783 792 2839 D.
819 2803 880 2855 cap.
900 2788 943 2841 64.
981 2785 1024 2838 Ea
1045 2793 1141 2838 tamen
1159 2784 1237 2839 haud
1263 2802 1267 2811 ’

78 2861 137 2913 fuit
156 2859 235 2911 illius
254 2863 409 2914 sententia:
443 2877 509 2911 nam
527 2859 568 2911 sic
596 2858 675 2911 idem
694 2857 819 2912 Galenus
837 2857 887 2909 lib.
907 2856 939 2908 V.
960 2873 1021 2927 cap.
1044 2861 1156 2932 [με.
1174 2852 1235 2912 155.

79 2931 133 2984 ait:
155 2928 320 2999 Χρύσιππος
338 2930 391 2998 μὲν
409 2919 460 2983 ούν
478 2926 509 2981 ἐν
526 2935 564 2995 τῷ
582 2929 680 2995 πρώιῳ
698 2929 762 2996 περὶ
779 2932 882 2979 παθῶν
893 2922 1091 2981 ἀποδεικνύναι
1109 2934 1237 3000 πειρᾶται

79 3005 181 3068 κρίσεις
202 2997 279 3059 τινὰς
301 2993 375 3053 εἶναι
399 3005 449 3054 τοῦ
473 3001 626 3066 λογιστικοῦ
649 2997 682 3052 τὰ
699 2998 802 3064 πάθη,
833 2994 934 3065 Ζήνων
957 2998 983 3052 d'
1002 2996 1035 3053 ού
1064 2992 1113 3061 saie
1135 3003 1237 3072 κρίσεις

80 3070 173 3135 aiteio,
201 3067 271 3123 ἀλλὰ
293 3068 341 3132 τὰς
359 3069 572 3140 ἐπιγιγνομένας
596 3067 689 3132 adroic
707 3065 840 3129 συστολὰς
862 3072 909 3122 καὶ
931 3069 1031 3136 λύσεις,
1060 3062 1189 3141 lucipetas
1207 3087 1237 3125 τε

80 3144 128 3196 καὶ
145 3137 258 3204 πτώσεις
276 3147 322 3207 τῆς
341 3145 430 3212 ψυχῆς
448 3140 574 3211 ἐνόμιζεν
591 3134 664 3193 εἶναι
681 3137 715 3193 sd
733 3134 821 3204 asido.
858 3141 895 3193 D.

150 3220 181 3266 ut
201 3212 352 3282 aegritudo
372 3214 455 3284 quasi
471 3226 594 3265 morsum
612 3212 733 3278 aliquem
758 3210 867 3264 doloris
886 3209 1025 3278 efficiam]
1058 3211 1182 3266 Autem
1202 3246 1235 3259 -

80 3285 204 3352 efficiat,
224 3285 300 3354 quod
319 3283 482 3355 explicandi
501 3300 583 3336 causa
601 3282 725 3346 additur,
744 3280 878 3355 intellige
897 3286 938 3336 ita
956 3281 1094 3337 uidelicet.
1122 3285 1188 3337 Vid.
1206 3285 1234 3338 J.

80 3357 108 3410 S.
134 3356 312 3426 Rosenhayn.
340 3356 372 3408 in
398 3355 498 3410 Jahnii
523 3353 638 3406 Annali.
666 3351 784 3407 Philoll.
813 3360 841 3404 et
867 3353 1003 3438 Paedagg.
1034 3356 1112 3410 1826.
1146 3357 1184 3409 11.
1210 3360 1235 3412 1.

79 3447 108 3498 p.
128 3431 171 3484 46.
192 3459 226 3470 -
262 3430 298 3482 ln
321 3428 387 3484 God.
415 3426 488 3479 Gud.
517 3425 656 3479 scribitur
683 3423 793 3478 doloris
817 3424 950 3494 aliquem,
985 3420 1100 3479 inverso
1125 3426 1235 3482 ordine.

53 3503 57 3517 '
78 3499 227 3553 Unus0x.
246 3499 333 3553 babet
352 3498 486 3566 efficiant.
520 3498 596 3550 Voce
615 3512 740 3549 recessus
759 3495 860 3549 Cicero
879 3496 998 3551 reddere
1017 3496 1081 3551 vult
1097 3496 1237 3553 Graecam

80 3569 223 3636 σοσιολήν,
243 3578 378 3623 manente
397 3571 448 3626 W.
470 3569 500 3621 in
520 3567 634 3621 scholis.
672 3569 726 3620 l'ro
752 3564 864 3619 laetitia
882 3585 955 3619 unus
973 3568 1024 3620 Ox.
1044 3565 1130 3623 habet
1153 3569 1237 3624 laeti-

80 3641 160 3694 tiam.
182 3640 255 3693 Gud.
275 3640 364 3695 libido
383 3641 631 3707 diffrenatam
650 3655 712 3708 app.
734 3636 808 3692 Gud.
827 3642 849 3693 1.
871 3646 901 3691 et
914 3641 939 3694 2.
959 3637 1065 3693 lubido
1084 3640 1235 3707 effrenata:

80 3713 112 3764 in
132 3711 229 3782 priore
249 3729 264 3763 a
281 3729 306 3762 r.
326 3731 365 3764 m.
386 3721 549 3781 correctum
568 3721 610 3764 est
628 3710 724 3765 libido.
761 3709 820 3762 Mr.
966 3756 968 3760 .
1002 3744 1005 3749 .

152 3780 347 3849 Opinatioaem
371 3782 484 3849 autem]
522 3774 597 3849 „lta
616 3781 682 3836 God.
707 3781 822 3851 Gry-ph.
846 3780 982 3834 utinfra
1006 3778 1142 3848 [luat.
1168 3783 1235 3853 26]ss

80 3852 232 3906 Definiunt
257 3861 352 3905 autem
375 3853 465 3905 animi
494 3853 732 3928 aegrotationem,
766 3851 963 3923 opinationem
987 3853 1238 3912 vehementiorem

80 3925 115 3977 de
134 3942 166 3976 re
185 3941 243 3976 non
261 3925 427 3994 expetenda.
463 3924 504 3976 Et
522 3943 633 3976 rursus:
664 3926 743 3978 Haec
760 3930 854 3976 autem
871 3923 996 3993 opinatio
1021 3931 1074 3992 est,
1104 3925 1238 3981 iudicare
1320 3968 1324 3973 .

79 4013 110 4050 se
127 3996 211 4059 seire,
233 3995 306 4065 quod
324 3993 430 4054 nesciat
450 3995 513 4061 [tv.
535 3998 577 4050 11.
597 3995 692 4061 26.].“
719 3996 840 4049 Brutus.
876 3996 1065 4062 „lutroduxi,
1094 3999 1172 4067 quod
1190 4017 1237 4052 ex-

79 4068 170 4121 stabat
198 4067 229 4118 in
253 4073 311 4120 vet.
338 4065 398 4118 cod.
423 4064 608 4134 Gryphiique
633 4067 718 4131 libro,
746 4068 816 4119 Pall.
833 4067 987 4132 'omnibus3
1018 4066 1101 4120 Fahr.
1123 4064 1235 4123 Gembl.

79 4138 155 4192 Pith.
177 4139 256 4202 alias,
274 4135 466 4209 opinionem.“
485 4132 565 4189 Gett.
603 4136 679 4191 Ante
699 4130 884 4190 Gebhardus'n
901 4137 958 4191 iarn
978 4136 1089 4191 editum
1108 4149 1149 4193 est
1172 4139 1238 4209 opi·

80 4210 223 4265 nationem
242 4210 273 4261 in
291 4208 363 4261 Edd.
383 4210 452 4260 Ven.
472 4215 562 4259 nostr.
587 4207 650 4261 Asc.
673 4212 696 4263 1.
717 4211 751 4265 2.
771 4208 848 4261 Crat.
868 4206 967 4262 llerw.
996 4217 1024 4262 et
1051 4210 1093 4262 ita
1119 4229 1177 4264 esse
1205 4210 1238 4263 in

80 4292 139 4335 vet.
160 4282 220 4336 eod.
242 4289 373 4334 notatum
392 4288 434 4333 est
452 4277 483 4329 in
501 4295 592 4352 marg.
611 4279 725 4331 Lasnbh.
763 4278 875 4331 Habent
901 4278 978 4333 idem
1001 4297 1052 4334 sex
1076 4283 1205 4335 OxxrRe
1229 4319 1235 4332 .

83 4352 157 4407 Gud.
179 4360 202 4410 l.
226 4357 252 4410 2.
279 4352 352 4426 Aug.
381 4351 469 4404 lilarh.
497 4351 572 4415 Mon.
598 4353 623 4405 1.
649 4353 675 4406 2.
698 4349 783 4403 vind.
812 4353 836 4407 l·
862 4352 888 4406 2.
918 4346 1107 4409 (induetis.
1138 4299 1236 4421 Duisl.
1269 4366 1273 4377 ¹

84 4424 167 4479 Cani.
186 4424 294 4480 Aeadd..
310 4442 355 4496 pr.
374 4421 411 4476 11.
433 4424 475 4479 24.
497 4423 539 4477 78.
577 4421 685 4475 Eadem
707 4422 793 4477 verba
811 4422 1028 4483 confunduntur
1050 4422 1084 4477 de
1102 4421 1188 4476 Uniu.
1209 4424 1235 4478 2.

112 4557 192 4601 tieem
208 4555 273 4600 Ture.
291 4555 359 4614 Diam
374 4555 409 4600 ai.
425 4554 509 4600 Moser.
533 4553 557 4598 Y.
573 4554 608 4598 11.
679 4574 692 4620 x?
951 4529 990 4592 19
