2842 5070
494 317 624 381 nmen
643 317 705 398 111,
720 265 837 382 uo(¹
979 341 984 351 ·
1149 317 1208 386 137

184 513 224 527 ·-
244 479 316 554 Pol.
338 477 413 544 miti
432 479 568 560 fortune
586 476 687 561 mdgi'
706 498 791 543 nuuc
810 481 900 562 defit,
920 475 1011 562 qudm
1031 498 1144 562 genua.

183 559 327 646 Na'mque
344 581 475 644 ,reguum
491 559 680 642 suppetebat
699 564 756 625 mi:
783 559 820 624 rit
839 565 926 624 aeica
946 572 1066 644 quanto
1088 562 1106 623 ε’
1128 561 1208 640 Ioco,

120 692 125 704 ,
186 642 324 716 Qudutis
346 643 471 724 opibus,
501 641 608 726 quibu’
629 645 668 705 de
688 644 774 706 rebu’
795 641 886 723 ldpse
906 642 1043 722 fortune
1069 642 1207 710 occidat.

61 721 167 790 Quidl
189 727 269 788 hnic
286 728 372 788 calix
392 726 491 786 mulsi
510 725 742 811 impingendus
764 734 823 801 est,
846 726 1042 807 utplorare
1062 722 1210 787 desinat?

50 815 122 880 ,aut
132 806 258 891 aliquid
269 806 448 870 eiusmodi?
469 806 627 891 Eccctibi
638 827 679 872 ex
691 809 793 883 altera
805 814 901 888 parte
911 808 952 870 ab
966 806 1083 871 eodem
1094 808 1208 887 polita:

65 968 143 1092 qpod
161 968 195 1022 ob
212 972 334 1023 fratrem
350 971 473 1024 Phocam
491 988 507 1022 a
524 973 557 1024 se‘
572 970 760 1024 interfectum
777 971 875 1040 pulsus
893 977 966 1023 erat.
992 972 1046 1024 Pro
1061 969 1212 1039 privemur

107 1039 227 1095 dead.
248 1044 272 1095 1.
291 1039 378 1094 habet
392 1035 544 1111 privemur.
581 1040 661 1093 Mr..
825 1069 828 1075 -
952 1067 955 1071 «

136 1141 170 1153 -
187 1108 248 1175 Pol,
266 1108 464 1176 milifortem
482 1109 550 1174 cet]
586 1110 658 1174 Edd.
676 1111 710 1162 V.
731 1117 760 1164 et
783 1110 850 1164 Rob.
870 1109 969 1180 Steph.
994 1111 1034 1163 mi
1059 1126 1112 1179 pro
1130 1108 1213 1175 milei,

65 1178 141 1247 quod
157 1195 242 1240 versu
260 1197 319 1250 aeq.
346 1182 437 1256 magis
462 1181 653 1234 necessarium
677 1188 738 1232 erat
757 1181 890 1245 scribere,
915 1197 1002 1250 quam
1018 1179 1087 1232 hoc:
1114 1198 1211 1249 quam-

49 1263 152 1370 ·guam
169 1266 234 1302 cum
252 1251 383 1302 Nissenio
401 1252 487 1320 plane
504 1251 596 1303 abesse
614 1250 723 1302 malim.
749 1251 877 1314 Bothius‚
895 1259 929 1302 ut
947 1250 1039 1313 refert
1057 1249 1114 1313 Or,
1132 1252 1209 1305 Poct.

78 1333 167 1386 ,centn
193 1337 222 1389 p·
240 1321 284 1374 48.
309 1319 362 1373 hos
383 1337 482 1373 versus
505 1338 542 1374 ex
567 1319 657 1372 Ennii
682 1320 796 1372 Hecuba
818 1328 944 1389 sumptos
969 1336 1028 1372 esse
1055 1319 1210 1385 existimat,

64 1386 193 1458 itemque
209 1388 385 1458 proximum,
404 1391 454 1458 qui
472 1390 619 1459 aequitum
638 1406 726 1460 quam
743 1406 797 1464 ego
814 1407 882 1442 cum
899 1389 951 1442 illo
963 1406 998 1442 ex
1013 1388 1212 1442 Andromacha

63 1467 210 1527 sumptum
235 1468 315 1528 puto.
350 1459 442 1534 nent.
463 1460 550 1513 habet
571 1476 644 1513 uuuc
668 1459 768 1525 magia.
801 1459 884 1512 Vind
903 1461 928 1512 2.
957 1476 1024 1510 cum
1041 1459 1115 1542 Aug.
1142 1475 1212 1512 nuuc

65 1527 185 1581 omittit.
200 1536 203 1540 '
221 1529 275 1582 Pro
294 1529 358 1593 defit
376 1539 418 1583 est
436 1530 528 1595 deficit
546 1531 578 1581 in
596 1530 663 1583 cod.
676 1529 769 1584 Mart.
798 1545 869 1596 quae
888 1537 930 1579 est
952 1529 1128 1601 glqesatorrs'
1141 1530 1212 1580 seri-

85 1597 136 1650 tio.
154 1597 250 1654 Duisb.
270 1598 315 1651 Au
338 1635 346 1650 .
366 1600 491 1655 etllehd.
509 1601 616 1652 habent
634 1597 723 1651 desit:
743 1599 775 1649 in
791 1596 950 1666 posteriore
968 1615 1054 1668 supra
1070 1596 1122 1648 lin.
1140 1599 1213 1650 scri-

64 1614 147 1718 ditur
168 1667 252 1734 deest,
275 1616 415 1723 videlicet
440 1678 473 1721 ut
496 1670 707 1736 Grammatieae
732 1666 859 1720 satisfiat.
895 1666 1007 1718 Habent
1029 1667 1115 1725 etiam
1139 1665 1212 1720 deaii

65 1734 143 1804 Eud..
158 1735 192 1788 A.
210 1736 242 1790 B.
261 1739 331 1791 Ven.
355 1748 444 1792 nostr.
471 1741 551 1791 Jnnt.
576 1737 639 1792 Asc.
660 1742 690 1802 l,
718 1737 766 1789 sed
788 1739 817 1789 P.
844 1734 927 1790 deaii.
963 1736 1004 1789 De
1027 1739 1121 1788 forma
1146 1737 1220 1801 defit.

65 1805 126 1859 vid.
145 1821 222 1856 nunc
239 1821 343 1858 novam
360 1807 518 1862 Forcellin.
536 1807 591 1859 Ed.
611 1807 708 1859 Germ.
729 1807 763 1860 T.
781 1806 820 1859 11.
837 1823 866 1874 p.
886 1809 929 1860 25.
949 1823 973 1860 c.
999 1807 1048 1858 ubi
1067 1814 1096 1858 ct
1113 1807 1211 1875 plures

88 1877 217 1928 oe'tarum
233 1875 312 1928 locos
330 1877 464 1930 collectos
482 1876 576 1940 habes,
603 1883 632 1928 et
650 1875 875 1928 observationem
892 1877 1023 1928 uirorum
1041 1875 1213 1928 criticorum

46 1892 309 2008 ‘d’Drakenborchii
327 1947 358 1997 in
376 1947 478 2018 primis
496 1947 531 2000 ad
547 1946 600 1999 sil.
617 1949 649 2013 92
663 1945 737 2010 335.)
764 1942 838 1997 decit
855 1961 937 2014 saepe
954 1961 1007 2013 pro
1026 1946 1089 2007 defit
1107 1945 1140 1996 ab
1158 1945 1213 1995 im-

105 2011 172 2066 ritia'
193 2014 321 2067 librariis
343 2018 487 2087 scriptum
510 2033 578 2070 esse.
614 2016 787 2082 Versu-seq.
811 2031 940 2068 errorem
967 2013 1213 2087 typographicum

61 2032 144 2137 {dit
164 2085 240 2151 Ern„
254 2092 354 2154 quanto
372 2088 432 2139 loco
449 2096 502 2154 pro
522 2091 623 2155 quanto
641 2101 657 2138 e
675 2085 736 2137 loco
759 2084 897 2137 fideliter>
909 2085 1110 2153 repetiverunt
1126 2084 1161 2134 Bi
1182 2101 1211 2153 p.
1274 2111 1278 2116 -

65 2155 103 2208 ln
119 2153 193 2208 Gud.
213 2158 238 2211 Ἰ.
259 2165 302 2208 est
320 2162 424 2225 quanto
442 2155 542 2208 duco.-
560 2154 701 2207 nimirum
718 2162 901 2223 posteaquam
923 2154 1011 2206 semel
1028 2154 1132 2205 literae
1179 2161 1213 2206 et

65 2224 129 2276 lin
145 2242 231 2278 unam
249 2224 291 2289 (d)
309 2243 408 2280 errore
426 2225 533 2277 scribae
551 2224 672 2278 alicuius
690 2224 865 2289 coaluerant,
893 2232 1046 2306 ortumque
1065 2223 1131 2276 inde
1150 2232 1213 2276 erat
1241 2259 1244 2262 <

64 2294 145 2356 (loco,
151 2296 321 2364 prudentior
329 2296 442 2348 scilicet
450 2295 522 2346 alius
532 2295 598 2346 inde
606 2294 728 2346 verbum
735 2294 858 2346 latinum
868 2294 935 2347 duco
947 2303 1033 2346 eruit.
1054 2293 1145 2346 Verba
1153 2293 1214 2361 qui-

66 2363 118 2415 due
125 2364 244 2418 derebus
252 2366 364 2418 omittit
372 2383 445 2416 unua
452 2365 500 2416 Ox.
512 2363 597 2416 Codd.
609 2364 794 2419 Ven.habent
807 2364 974 2431 quibusque
992 2363 1026 2416 de
1039 2364 1130 2416 reduc.
1151 2362 1212 2417 Mr.

138 2433 218 2501 lapsu
242 2435 360 2500 fortuna
383 2434 543 2500 occidet]
584 2432 728 2485 Scribitur
751 2434 829 2486 larsa
859 2433 891 2484 in
914 2433 1000 2485 Codd.
1025 2434 1107 2485 Vind.
1128 2438 1153 2488 l.
1184 2441 1213 2486 et

65 2504 142 2554 Mon.
162 2507 195 2571 23
222 2505 255 2555 in
277 2505 373 2556 Duisb.
401 2505 506 2570 elapee.
543 2501 691 2567 ,‚Accidat
713 2502 788 2566 dedi,
820 2516 878 2553 non
904 2501 1030 2567 occidat,
1062 2511 1096 2554 ut
1123 2503 1213 2578 vulgo

66 2572 213 2626 scribitur.
250 2574 361 2627 Habent
384 2575 462 2627 enim
485 2573 599 2625 accidat
623 2572 709 2624 Codd.
733 2572 803 2624 Pan.
826 2579 894 2624 tert.
920 2580 1013 2641 quart.
1039 2571 1131 2624 Fabr.
1146 2573 1212 2625 Vat.

67 2641 123 2694 Ed.
142 2643 240 2698 Vict.“
259 2643 340 2696 Gella.
378 2644 511 2697 'l'uentur
528 2651 624 2695 autem
642 2641 754 2695 occidet
772 2641 858 2696 codd.
881 2643 951 2714 Reg.
970 2641 1059 2698 Rehd.
1083 2641 1166 2692 Vind.
1188 2644 1213 2695 l.
1246 2656 1249 2661 ⁴
1291 2675 1293 2687 .

66 2714 142 2764 Mon.
162 2719 186 2768 l.
212 2714 341 2783 quinque
364 2715 432 2768 Oxx.
464 2722 494 2766 et
517 2713 588 2765 Edd.
611 2721 683 2768 vett.
704 2721 772 2764 ante
800 2709 902 2775 Geth,
934 2710 1061 2780 exceptis
1084 2712 1117 2766 V.
1144 2710 1215 2764 Rob.

67 2781 168 2851 steph.
205 2783 251 2834 Ex
265 2800 344 2836 racc.
370 2783 476 2836 habent
493 2781 639 2843 FAWolf.
664 2783 710 2836 Or.
735 2782 807 2833 Tbn.
832 2780 960 2848 itemque
984 2781 1058 2836 Lall.
1086 2788 1116 2832 et
1140 2779 1228 2832 Olir.¹
1285 2805 1288 2810 ·

65 2853 143 2905 Bene
167 2853 219 2907 W.
246 2853 449 2906 animadvertit
481 2852 594 2921 poetica
619 2851 679 2903 dici
700 2851 824 2904 'licentia
848 2849 959 2902 occidat
976 2866 1037 2919 pro
1064 2849 1213 2905 occiderit.

64 2921 134 2975 Bill.
154 2938 223 2975 vero
241 2923 348 2978 occidat
373 2921 478 2975 melius
496 2921 651 2974 convenire
673 2920 769 2974 verbis
787 2925 890 2989 quanto
916 2937 931 2972 e
953 2919 1012 2975 loeo
1031 2920 1213 2984 contendens,

67 3008 156 3060 quam
174 2991 286 3044 accidet
301 2989 437 3055 semilae,
456 2991 488 3051 in
504 3007 603 3046 errore
621 3000 761 3043 versatur.
796 2987 933 3042 Accidere
959 2991 1038 3042 enim
1056 2989 1131 3058 apud
1148 2991 1214 3059 poe'-

66 3069 112 3112 tas
130 3075 187 3111 non
205 3075 271 3113 raro
290 3067 332 3111 est
350 3060 369 3111 i.
389 3077 417 3127 q.
437 3059 514 3123 cado,
542 3060 666 3126 adeoque
686 3060 705 3110 i.
725 3077 753 3128 q.
773 3058 888 3110 decido:
915 3059 1076 3128 quodcum
1096 3075 1132 3110 ex
1149 3058 1215 3110 aliis

66 3130 141 3181 locis
157 3137 236 3197 patet
254 3136 318 3181 tmn
335 3145 372 3181 ex
389 3129 441 3181 illo
459 3129 550 3179 Ennii
568 3128 730 3180 notissimo:
761 3127 876 3180 Utinam
898 3143 932 3178 ue
955 3128 985 3179 iu
1006 3144 1117 3182 uemore
1134 3126 1213 3179 Pelio

67 3198 212 3253 securibus
230 3199 320 3252 Caeca
347 3196 548 3253 accidisset
575 3196 696 3263 abiegna
714 3196 877 3248 adeersum
895 3197 1007 3249 trabes!
1035 3199 1086 3267 qui
1104 3197 1215 3268 legitur

67 3269 104 3322 de
123 3272 159 3324 N.
179 3270 213 3322 D.
233 3270 285 3322 111.
303 3270 347 3323 30.
367 3270 408 3323 75.
434 3276 463 3320 et
486 3268 520 3320 de
543 3267 614 3318 Fato
634 3270 677 3331 15,
695 3269 740 3322 ³5.
765 3265 814 3316 ubi
840 3281 891 3317 nos
910 3264 1027 3334 quide'm
1048 3265 1216 3334 nuperrime

68 3339 210 3393 edidimus
227 3339 291 3392 loco
309 3339 469 3408 posteriore
487 3337 644 3401 cecidisset,
668 3336 717 3389 sed
734 3335 826 3408 magis
848 3352 926 3388 nunc
951 3336 1112 3417 probamus,
1141 3334 1216 3403 quod

68 3411 167 3479 priore
189 3411 253 3463 loco
279 3409 312 3461 in
334 3408 387 3462 Ed.
411 3409 482 3459 min.
510 3407 637 3460 dedimus
661 3423 728 3458 cum
745 3404 847 3457 Heind.
867 3404 1027 3458 occiduae.
1055 3406 1119 3460 Vid.
1138 3421 1216 3456 nunc

69 3481 157 3532 etiam
173 3484 276 3532 novam
293 3479 454 3532 Porcellini
470 3478 524 3532 Ed.
544 3477 642 3530 Germ.
661 3493 690 3546 p.
710 3478 755 3532 25.
772 3475 863 3528 Ennii
881 3476 1008 3535 Medeam
1026 3476 1079 3528 Ed·
1098 3475 1214 3528 Planck.

68 3568 98 3674 p·
118 3542 153 3605 74'
169 3568 212 3619 sq.
239 3549 309 3618 ibiq.
336 3548 431 3602 laudd.
464 3547 505 3600 De
528 3545 655 3600 formula
678 3545 749 3599 Ecce
776 3545 829 3599 titi
845 3563 874 3598 v.
894 3546 925 3599 Ο.
945 3549 982 3603 Μ.
1006 3547 1121 3599 Miiller.
1148 3546 1215 3598 Cur.

91 3637 131 3672 ec.
173 3660 177 3668 .
234 3657 241 3669 .
279 3620 340 3675 Mr.

140 3622 331 3754 ciliigmulei]
368 3687 518 3753 „lllulmm
537 3694 580 3738 est
597 3686 677 3769 potio
695 3686 820 3756 pretiosa
838 3702 875 3740 es
892 3684 961 3737 vino
983 3686 1129 3754 melleque
1150 3700 1217 3737 con·
1274 3670 1282 3683 '
1314 3747 1317 3754 Ι

68 3761 154 3822 fecta,
174 3758 256 3811 cuius
273 3759 383 3810 mentio
401 3766 444 3811 est
461 3756 535 3827 apud
552 3763 706 3825 scriptores
728 3772 834 3809 omnes.
860 3755 946 3820 [Vid.
963 3755 996 3807 iu
1021 3755 1125 3826 primis
1143 3755 1216 3806 Plin.

69 3830 106 3882 ll.
124 3830 161 3883 N.
180 3828 268 3880 xxn.
287 3827 342 3894 24]
369 3827 474 3880 Graeci
492 3826 618 3878 mulsum
635 3835 739 3879 vocant
757 3825 878 3894 οἰνόμελι
902 3834 937 3878 et
956 3826 1123 3897 μελίκρατον.
1160 3824 1218 3878 Ινη-

66 3897 228 3967 pingendus
249 3896 324 3949 dixit
348 3897 429 3965 quasi
454 3895 609 3953 illidendus
640 3905 670 3960 et
691 3896 804 3950 nolenti
829 3895 1015 4018 inpetendum
1052 3896 1217 3968 impingere

69 3968 149 4022 enim
166 3966 309 4040 significat
325 3967 386 4017 vim
404 3967 599 4049 quaanpiamf‘
618 3967 751 4020 Beroald.
788 3969 863 4034 „Mu
876 3984 939 4017 sum
957 3967 1133 4036 appellamus
1151 3982 1218 4017 con·
1331 4013 1336 4024 ,

69 4039 227 4091 factionem
251 4039 286 4088 ex
311 4033 398 4088 melle
422 4045 451 4088 et
474 4053 556 4089 vano:
583 4045 673 4089 estet
697 4036 791 4089 mulsa
809 4054 845 4089 ex
863 4054 937 4106 aqua
955 4044 984 4088 et
1006 4037 1110 4089 melle:
1143 4035 1219 4095 illud

66 4107 202 4171 ¹oenomel
219 4114 351 4171 vocatur,
369 4105 426 4158 hoc
433 4104 618 4174 hydromel.“
635 4106 841 4161 (lemmAuou.
859 4104 998 4174 ephod.
1019 4106 1086 4161 Cod.
1107 4104 1218 4159 (ind-2.

71 4177 276 4247 inapigueudue,
297 4176 383 4228 Marb.
405 4173 627 4242 impinguentur.
647 4177 743 4230 Duisb.
763 4177 873 4230 omittit
892 4183 941 4228 eet.
978 4177 1053 4228 Tum
1075 4193 1148 4226 unus
1167 4175 1218 4226 Ox.

72 4255 104 4301 ut
122 4265 175 4319 pro
193 4253 252 4300 aut.
289 4249 344 4307 Bra
362 4244 502 4299 eiusmodi
520 4246 586 4298 θοὰ
605 4246 688 4298 Vind.
710 4252 735 4301 l.
756 4255 783 4299 et
802 4247 860 4299 lllS.
881 4246 911 4296 in
930 4261 1020 4320 marg.
1040 4244 1104 4298 Asc.
1123 4247 1150 4300 2.
1167 4258 1219 4295 no·

73 4327 148 4371 strae
160 4318 265 4372 habent
277 4314 452 4370 huiusmodi:
472 4315 548 4368 idem
558 4315 643 4377 habet
655 4315 728 4368 Gud.
738 4319 763 4373 2.
772 4335 788 4368 a
801 4322 825 4372 l.
842 4335 880 4372 m.
899 4317 948 4370 sed
962 4316 994 4367 in
1011 4333 1101 4389 marg.
1125 4329 1221 4365 corre-

73 4389 116 4442 xit
135 4389 225 4444 altera
238 4386 386 4442 eiusmodi.
406 4390 471 4443 Mox
484 4385 579 4442 Duisb.
600 4400 640 4440 ex
652 4387 746 4442 eodem
753 4392 847 4457 potia.
859 4386 932 4461 Aug.
941 4383 974 4440 iu
983 4385 1034 4439 alt.
1047 4392 1137 4455 parte.
1158 4381 1217 4434 Mr.

260 4585 297 4598 κ
