2842 5070
332 243 826 366 *0st.·-.³.;1.1ana-m,ze.
1230 291 1280 354 os·

121 455 210 516 malo
228 455 351 516 Latine
379 453 530 529 uidetur,¹
561 451 619 514 sed
638 454 823 534 ,praeclare
839 451 968 513 Attius:
989 460 1028 514 ut
1050 455 1135 514 euim
1158 455 1282 532 videre,

1223 582 1275 589 ...α-

123 639 215 704 Quid?
239 630 450 709 quod'reperio
467 641 632 706 Moralium]
646 638 691 689 ’in
714 638 863 691 nonnullis
877 639 1069 708 ¹scriptoribus
1089 638 1214 704 Graecis,
1244 649 1276 692 ut
1308 628 1312 671 f

123 707 288 781 Theophila
308 710 343 763 ad
360 710 493 779 Autolyc.
518 728 555 779 Ρ.»
567 712 610 764 85.
640 706 1017 764 ed.'1636.Arist0t.eoet.
1041 726 1067 761 c.
1089 711 1131 764 15.
1152 707 1218 773 [sed
1236 710 1277 761 iot

124 781 232 832 dudum
251 780 346 834 editur
367 784 542 846 Μελανίππης
566 780 624 830 vid.
645 780 684 832 ib.
704 781 859 832 Hermann.
878 798 906 848 Ρ.
928 781 1000 846 let]
1035 779 1163 832 Historia
1182 788 1278 831 autem

122 851 313 920 Menalippaa
326 869 417 921 ‘quam
434 852 527 916 refert
545 850 655 921 Hygia.
680 850 700 901 l.
721 867 746 903 c.
776 849 851 902 mihi
872 851 944 912 facit
969 851 1161 920 suspicionem
1178 850 1278 923 legen·

125 920 194 974 dum
214 923 271 974 esse
290 939 354 974 cum
372 920 437 974 aliis
454 922 485 974 in
503 920 686 989 Menalippa;
716 937 747 972 ea
763 920 902 985 videlicet
924 920 1060 984 hocloco
1079 920 1180 994 lugere
1198 921 1279 974 vide·

125 999 176 1043 tur
193 992 297 1044 liberos
320 1009 399 1058 suos,-
426 1008 497 1061 quos
520 992 676 1046 exstinctos
701 990 860 1061 putabatf‘,
874 988 1010 1044 Bouhier.
1048 991 1220 1056 „Beroaldus
1246 993 1278 1044 in

122 1060 303 1130 Menalippa
321 1062 382 1116 sine
400 1079 483 1115 causa
500 1063 620 1114 mavult.
657 1061 782 1131 Scripsit
805 1060 884 1113 enim
901 1061 1095 1129 Menalippum
1119 1063 1150 1113 1..
1171 1060 1277 1127 Attius,

123 1139 156 1182 ut
174 1133 265 1199 Nonii
283 1133 361 1185 Festi
385 1142 414 1186 et
437 1133 562 1186 aliorum
588 1132 763 1195 testimoniis
782 1131 923 1184 constat.“
949 1133 997 1186 Fr.
1019 1131 1131 1186 Fabric.
1168 1133 1278 1185 Eadem

123 1210 166 1254 est
183 1204 324 1256 sententia
341 1203 450 1255 Davisii
469 1205 501 1255 in
518 1203 571 1257 Ed.
594 1207 617 1258 1.
639 1211 669 1256 et
685 1203 811 1259 Ernesti.
850 1203 908 1255 Mr.
979 1228 982 1235 ·
1008 1224 1011 1229 >
1089 1217 1093 1222 ·
1208 1226 1211 1231 ·

196 1291 234 1345 Ut
251 1298 293 1344 eet
319 1290 352 1344 in
377 1291 559 1360 Melanippo]
596 1291 645 1344 Sic
669 1292 739 1365 Reg.
761 1299 789 1343 et
806 1290 954 1343 Pithoean.
990 1293 1085 1414 Vulpo
1103 1293 1276 1360 Menalippa,
1340 1326 1343 1330 Δ

123 1361 310 1431 εοάΡιότειιε
335 1361 502 1414 adversatur
527 1363 645 1435 linguae
669 1363 794 1414 Graecae
818 1362 901 1413 ratio.
939 1363 1019 1415 Hanc
1070 1363 1126 1414 ccii
1151 1363 1278 1415 fabulam
1302 1416 1307 1427 .

123 1449 206 1502 saepe
231 1433 348 1484 laudant
371 1433 472 1485 Festus
491 1440 520 1483 et
538 1431 659 1484 Nonius.
697 1431 843 1496 Quodnam
866 1433 957 1484 fuerit
976 1433 1036 1484 eius
1061 1443 1276 1505 argumentum,

123 1503 277 1555 divinando
313 1504 425 1572 assequi
454 1511 571 1555 conatus
603 1511 646 1554 est
677 1500 712 1554 G.
743 1504 769 1554 J.
802 1501 916 1553 Vossius
947 1502 981 1554 ad
1014 1503 1129 1577 Fragm.
1159 1504 1275 1578 Tragic.

123 1589 181 1648 pag
194 1644 305 1696 Florem
324 1644 458 1710 quisnam.
472 1672 503 1686 -
523 1642 625 1696 inuidit
643 1641 693 1707 -]
721 1643 825 1708 „Valet
842 1644 961 1696 fortasse
979 1644 1053 1696 malo
1072 1643 1149 1697 oculo
1167 1643 1277 1698 limavit

125 1720 153 1766 el
179 1714 354 1778 effascinaail
380 1723 408 1766 et
432 1714 542 1764 invidia
563 1713 661 1765 laesit.
689 1731 755 1765 nam
779 1731 796 1764 a
819 1713 944 1765 nimium
975 1714 1113 1767 intuendo
1140 1716 1277 1768 invidere

126 1783 239 1835 dictum
257 1784 306 1834 ait.
345 1784 398 1848 Qui
422 1791 517 1834 autem
536 1783 634 1834 invido
663 1791 692 1834 et
718 1784 876 1836 fascinante
899 1783 982 1835 oculo
1005 1795 1119 1850 nocent,
1150 1787 1277 1860 maligne
1316 1824 1320 1831 .

123 1853 271 1922 nimisque
290 1852 472 1909 intuentur.“
494 1853 638 1905 Turnebus
656 1851 727 1904 nav.
746 1856 789 1907 27.
808 1857 835 1908 6.
854 1869 883 1922 Ρ.
903 1856 948 1908 89.
970 1858 1002 1890 ’-
1038 1857 1277 1910 Florem-male

123 1923 226 1991 Latine
245 1923 366 1989 videtur,
386 1925 437 1976 aed
452 1924 601 1991 praeclare
618 1922 728 1989 Allius]
764 1924 849 1988 „Iino
867 1924 1031 1993 praeclare.
1047 1924 1091 1975 'da
1107 1927 1221 1977 veniam
1239 1931 1276 1979 Μ.

123 1994 215 2046 Tulli.
252 1997 314 2047 Nec
333 1995 412 2047 enim
431 1995 500 2063 quid
518 1995 556 2046 sit
574 1993 654 2046 Attio
672 1994 796 2048 inuidere
814 1995 881 2046 satis
898 1993 1007 2047 videris
1025 2003 1174 2046 assecutus.
1212 1999 1279 2048 Non

125 2074 169 2118 est
188 2066 306 2129 etenim,
337 2074 370 2117 ut
388 2074 421 2116 tu
438 2066 492 2130 vis,
518 2065 602 2116 valde
627 2072 731 2116 etune
749 2064 920 2117 haerentem
943 2064 1044 2115 obtutu
1063 2065 1207 2134 inspicere
1226 2067 1279 2118 ali·

125 2135 206 2203 quid,
224 2136 274 2188 sed
290 2137 440 2200 fascinare,
466 2143 499 2187 ut
516 2139 595 2187 Maro
614 2135 703 2187 dixit:
723 2134 838 2188 ‘Nescio
863 2135 928 2204 puis
953 2141 1064 2188 teneros
1087 2136 1184 2188 aculae
1208 2135 1280 2190 mili

124 2205 250 2271 fascinat
274 2214 380 2274 agnam
407 2206 466 2258 ‘hoc
491 2206 569 2258 enim
596 2214 638 2257 est
661 2205 725 2274 qaia
751 2205 859 2259 invidet
886 2220 984 2272 agnae.
1022 2207 1124 2275 ltaque
1150 2206 1279 2260 invidere

125 2277 236 2344 aliquid
258 2285 287 2328 et
312 2277 439 2330 inuideri
457 2277 491 2328 ab
515 2275 736 2342 aliquo·Latine
762 2276 880 2328 dicitur.
916 2277 957 2328 Ut
980 2275 1010 2340 Q.
1040 2277 1185 2342 Horatius,
1220 2295 1279 2330 non

124 2354 223 2399 minen
239 2363 293 2417 pro
311 2347 430 2410 fascino,
449 2347 480 2397 in
498 2344 571 2398 Arte*
587 2354 667 2415 poet.¹
684 2349 727 2401 55.
749 2374 780 2387 -
818 2362 870 2412 ego
889 2361 945 2410 cur,
971 2347 1119 2414 acquirere
1133 2364 1224 2416 pauca
1244 2350 1279 2403 Si

122 2433 247 2484 poetam,
266 2417 415 2471 invideor?
432 2415 564 2468 Catullus
583 2425 678 2468 autem
696 2433 762 2468 cum
781 2416 899 2467 dixisset
918 2417 1021 2489 Epigr.
1041 2420 1073 2468 V.
1090 2419 1288 2472 (lottlurbalii.⁴

123 2504 185 2539 mas
202 2487 263 2553 illa,
291 2504 324 2540 ne
347 2488 468 2539 sciamus
491 2485 550 2538 Aul
568 2502 601 2537 ne
621 2486 683 2555 puis
700 2489 793 2539 malus
818 2485 945 2539 invidere
961 2491 1066 2553 possin
1089 2505 1156 2540 mox
1172 2492 1276 2564 Epigr.

124 2559 187 2613 VII.
207 2559 251 2611 sic
268 2560 399 2628 repetite
411 2572 479 2623 qaue
497 2573 545 2609 nec
560 2559 760 2623 pernumerare
777 2556 883 2610 curiosi
896 2555 1018 2621 Possint,
1038 2561 1172 2611 necmala
1189 2563 1277 2625 faeci-

123 2644 194 2682 nare
212 2631 320 2696 lingua.¹
348 2628 394 2680 An
411 2628 442 2678 id
459 2644 532 2701 ergo
541 2628 642 2680 Cicero
661 2629 825 2702 ignoravit?
851 2630 946 2680 Potest
964 2628 1056 2679 cuivis
1073 2628 1129 2681 hoc
1147 2640 1278 2682 nostrum

123 2700 156 2751 in
173 2700 278 2774 lingua
290 2699 454 2761 vernacula,
477 2706 510 2749 ut
526 2702 630 2750 vocu'm
656 2698 835 2767 quarundam
862 2697 988 2770 origines
1007 2698 1131 2772 ignoret,
1158 2718 1211 2752 usu
1227 2719 1278 2754 ve-

124 2770 221 2823 nire‘t
248 2768 374 2823 solorius
397 2769 471 2824 Nod.
491 2768 616 2820 cic.·1v.
637 2772 680 2822 27.
709 2788 737 2838 Ρ.
757 2772 819 2824 388.
848 2769 920 2820 Add.
941 2771 1085 2822 Marantae
1102 2771 1274 2824 huculiann.

110 2840 307 2905 Quaestione.
326 2858 354 2910 p.
374 2843 434 2895 417.
461 2839 717 2909 qui'existimabat
742 2839 856 2890 Attium
883 2839 946 2891 ideo
964 2841 1114 2892 accusandi
1139 2858 1204 2894 casu
1221 2860 1275 2913 pro

123 2911 209 2964 dandi
228 2928 293 2963 casu
311 2920 369 2963 ess'e
387 2927 480 2974 usum,
503 2917 538 2960 ut
556 2910 657 2962 elatius
675 2917 787 2963 sonaret
805 2925 922 2962 versus..
948 2911 1009 2977 Mr.
1227 2918 1247 2952 -'

195 2998 226 3049 in
248 2996 427 3065 Melanippa]
463 2996 534 3062 „Sic
561 3015 651 3072 marg.
679 2999 762 3068 Bern.
783 2998 877 3062 Wolf.
899 2985 1063 3066 Menalippa
1081 3000 1167 3054 Codd.
1187 3003 1278 3072 pleri-

124 3085 183 3139 que
200 3067 271 3119 Edd.
291 3069 319 3118 P.
339 3068 373 3118 A.
393 3068 425 3119 G.
440 3068 477 3118 'V.
497 3069 534 3117 llll.
554 3069 586 3118 1..
607 3068 698 3120 Gebh.
718 3068 791 3119 Lall.
818 3069 887 3119 Ern.
908 3069 1071 3138 Melanippo
1094 3072 1178 3123 Bern.
1204 3091 1277 3124 unus

124 3141 176 3193 Ox.
206 3135 278 3202 [duo
297 3146 371 3203 sunt,
398 3137 449 3259 epi
472 3137 578 3199 habent
603 3136 807 3206 Melaenippo].
839 3137 1004 3206 Menalippa
1030 3141 1061 3190 B.
1082 3139 1109 3191 S.
1130 3143 1165 3195 Ε,
1184 3143 1275 3199 Bouh.

66 3226 70 3230 “
124 3212 311 3263 controversa
328 3225 374 3260 res
392 3227 413 3271 u
429 3209 513 3276 iquc3
541 3226 568 3258 v.
589 3225 613 3261 c.
633 3208 707 3277 apud
724 3210 882 3259 Varronem
901 3209 932 3257 L.
953 3209 1046 3267 lavi.
1065 3227 1093 3278 p.
1107 3213 1168 3266 347,
1188 3211 1278 3281 spen.
1386 3215 1389 3222 ’

162 3282 183 3332 1.
210 3280 328 3332 Festum
351 3278 478 3332 Dacierii
502 3296 530 3342 Ρ.
551 3279 611 3333 285.
637 3280 675 3330 cf.
704 3278 795 3330 Bothe
820 3279 896 3328 Po'e't.
926 3275 1006 3331 Scen.
1032 3296 1060 3348 Ρ.
1087 3282 1129 3335 56.
1159 3289 1188 3333 et
1214 3282 1275 3337 217.

124 3299 243 3405 fiiierus
262 3365 376 3419 quoque
394 3350 429 3402 ad
447 3349 506 3401 Gic.
527 3348 560 3400 de
579 3348 632 3403 Off.
653 3350 675 3401 1.
696 3346 719 3414 ᾗ.
731 3351 790 3403 114.
812 3365 847 3399 ex
859 3346 932 3399 Gud.
954 3349 1082 3401 correxit
1100 3351 1276 3429 Melanippa.

82 3417 84 3423 ’
125 3423 242 3475 Acriter
264 3421 393 3473 defendit
419 3421 575 3473 lectionem
596 3421 686 3472 Nonii
715 3419 746 3472 in
775 3417 939 3487 Melanippo
965 3419 1113 3483 cordesius
1133 3422 1178 3484 in:
1208 3425 1278 3477 Zu-
1354 3432 1357 3438 '

125 3489 223 3546 s'aitze
256 3510 281 3543 z.
307 3491 524 3560 Eberhardt.
545 3497 579 3559 Ῥ.
607 3490 673 3546 52.“
707 3489 793 3543 Orell.
816 3538 818 3541 .
845 3490 957 3552 Habent
991 3490 1175 3560 Menalippa.
1205 3495 1276 3548 Cod.

126 3563 213 3618 Marb.
232 3562 303 3614 Edd.
323 3564 404 3616 June.
424 3562 487 3613 Asc.
510 3566 533 3614 1.
553 3564 586 3616 t.
600 3562 707 3614 Sturm.
734 3559 898 3626 Melanippo
917 3558 991 3611 ced.
1014 3565 1186 3630 1.Mon..23
1214 3566 1287 3618 Me..

125 3632 343 3773 pppip'ppeffipd,
373 3631 539 3699 Melanippa
562 3640 626 3702 post
646 3633 720 3684 Dav.
745 3629 891 3685 FAWolf.
921 3647 1001 3699 seqq.
1034 3633 1155 3702 ,Reliqui
1179 3636 1279 3689 Meno.

198 3792 330 3848 Quisnam
348 3773 444 3856 florem
463 3789 582 3845 liberim
600 3791 699 3844 inuidit
717 3752 832 3854 irretita]
855 3758 977 3864 Integer
991 3757 1082 3843 exstat
1101 3792 1277 3846 Trochaicus

126 3863 202 3947 opud
227 3864 354 3916 Nonium
381 3881 440 3932 cap.
461 3864 507 3916 IX.
547 3861 653 3915 Invidit
681 3860 763 3912 illam
791 3877 853 3912 rem
878 3877 931 3929 pro
955 3860 1006 3915 illa
1029 3878 1071 3925 re,
1096 3863 1199 3942 Accius
1218 3867 1278 3918 Me.

125 3936 268 4061 lamppi]
293 3980 371 4058 Tinde
389 4010 437 4056 aut
458 3974 524 4069 quie
536 4002 667 4056 morlilis
685 4003 780 4064 florem
799 4000 916 4055 Iiberrim
934 3986 1038 4055 inuidit
1058 4004 1153 4057 mrim.
1199 3993 1204 4012 ¹

125 4077 198 4129 Vide
226 4075 373 4128 Sanctium
398 4074 465 4125 Min.
494 4071 546 4129 lib.
566 4075 617 4128 111.
646 4089 706 4141 cap.
733 4075 758 4126 3.
787 4074 814 4134 J.
846 4073 895 4124 Fr.
916 4072 1101 4129 Gronovium
1123 4073 1158 4125 ad
1184 4074 1280 4127 Taciti
1323 4071 1329 4081 '

127 4148 200 4200 Arm.
222 4148 252 4212 l','
264 4141 306 4201 22.
329 4155 358 4198 et
376 4147 445 4197 lntt.
470 4141 504 4209 ad
522 4141 713 4206 Quinctiliani
739 4143 788 4208 IX,
807 4145 832 4196 3.
870 4143 906 4194 D.
974 4180 976 4185 .

200 4233 336 4290 Quisnam
354 4233 461 4298 aaran]
497 4217 568 4282 Edd.
589 4240 654 4282 ante
673 4231 762 4282 Gebh.
782 4232 891 4284 Florem
910 4230 1043 4299 quisnam.
1065 4232 1137 4285 Gud.
1151 4236 1174 4286 1.
1194 4232 1280 4286 habet

128 4327 144 4360 a
160 4325 205 4377 pr.
226 4324 264 4356 in.
285 4319 450 4372 quasnam.
477 4301 552 4354 Gud.
573 4302 598 4353 2.
628 4300 739 4352 omittit
758 4300 882 4355 liberam.
912 4303 986 4354 Ilion.
1008 4307 1039 4356 1.-
1060 4302 1145 4355 habet
1169 4303 1278 4356 incidit.

127 4378 169 4431 De
189 4375 402 4429 constructione
420 4373 517 4435 aorem
536 4370 637 4423 inuidit
664 4369 721 4422 vid.
746 4372 881 4426 Willaer.
919 4372 984 4424 Die
1012 4371 1280 4441 spraohlichen

155 4509 235 4551 Cicero
250 4506 314 4550 Tusa.
328 4506 395 4561 Disp.
410 4505 445 4546 ed.
463 4504 549 4548 Moser.
565 4501 588 4546 T.
604 4501 638 4548 li.
1011 4477 1032 4538 5
