2842 5070
133 308 175 390 at
339 316 564 420 cressonis
586 302 831 402 resonem.
854 315 1082 403 nisenam.

135 495 330 571 posuerunt,
371 487 513 547 sensisse
545 486 609 560 hoe
637 484 735 563 idem,
782 485 869 566 qnod
902 485 1079 547 aSoerate
1116 494 1286 568 acceptum

135 571 317 658 diligenter
348 568 454 630 Stoici
491 571 714 638 retinuerunt,
742 567 862 628 Omnes
895 570 1088 650 insipientes
1116 589 1187 632 esse
1220 588 1288 631 non

135 668 242 716 sanos.
287 652 350 715 ont
372 661 423 712 est
444 652 532 712 enim
555 653 683 711 animus
705 652 739 710 in
761 652 871 733 aliquo
893 653 1023 726 morbo,
1043 651 1200 726 (morbos
1229 673 1287 712 an-

134 746 201 796 tem
223 734 284 796 hos
305 734 519 815 perturbatos
533 741 656 812 motns;
677 738 715 793 nt
735 734 835 795 modo
856 733 938 810 dixi,
962 734 1153 816 philosophi
1175 737 1288 816 appel·

134 817 220 895 lant)
240 834 307 877 non
330 821 435 900 magis
457 825 507 877 est
526 834 639 894 sanus,
662 835 757 897 quam
780 816 813 876 id
837 830 970 897 corpus,
1004 816 1089 898 qnod
1112 819 1147 876 in
1169 818 1287 878 morbo

134 910 194 963 est.
238 899 290 960 Ita
311 899 359 974 fit,
381 908 420 960 nt
441 900 602 979 sapientia
623 900 743 959 sanitas
765 900 809 958 sit
831 901 944 975 animi,
966 901 1160 978 insipientia
1175 907 1288 960 autem

135 984 228 1065 qnasi
250 983 410 1043 insanitas
426 980 604 1061 quaedam:
628 997 710 1063 qnae
732 990 784 1042 est
806 983 933 1041 insania
954 981 1132 1062 eademqne
1154 980 1288 1042 demen-

134 1069 193 1130 tia.
226 1062 398 1145 Multoqne
411 1063 531 1124 melius
552 1061 634 1125 haec
656 1068 771 1125 notata
793 1070 870 1124 sunt
890 1064 1003 1127 verbis
1025 1065 1174 1136 hatinies
1189 1082 1286 1146 quam

135 1254 249 1306 inverso
271 1251 382 1304 ordine.
419 1252 500 1304 Unus
523 1250 573 1305 Ox.
598 1251 709 1304 omittit
732 1250 833 1305 stoici.
875 1254 955 1306 Unus
973 1252 1052 1304 Leid.
1077 1251 1164 1303 habet
1187 1257 1288 1305 tenne·

133 1330 208 1377 nant.
245 1323 335 1375 Possit
358 1321 463 1391 aliquis
486 1322 542 1374 hoa
564 1322 686 1404 probare
710 1322 825 1375 collatis
851 1323 923 1376 locis
947 1323 1043 1375 Parad.
1063 1325 1089 1376 2.
1114 1323 1187 1375 iliud
1210 1329 1288 1376 arete

135 1399 242 1456 tenen23
273 1393 307 1446 de
333 1392 418 1445 Finn.
438 1392 462 1455 1,
488 1395 530 1448 10.
557 1399 668 1446 interea
693 1391 749 1446 ltoe'
768 1395 875 1466 teneto,
906 1395 1011 1450 ib.‚1V.
1032 1397 1075 1449 28.
1094 1394 1178 1447 verba
1196 1397 1289 1447 tenent

134 1464 285 1522 mordiens.
324 1464 378 1517 Sed
402 1463 479 1515 nihil
503 1464 674 1516 novandum.
711 1465 772 1517 Mr.

205 1536 306 1589 Omnes
329 1533 498 1602 insipientes
515 1550 577 1587 esee
601 1551 653 1587 nen
670 1534 785 1602 ennon]
823 1534 864 1586 Ad
890 1535 1061 1587 sententiam
1080 1536 1118 1586 cf.
1138 1535 1288 1588 Ciceronis

133 1604 297 1661 Paradoxon
314 1608 362 1659 lv,
383 1605 453 1675 ibiq.
474 1607 613 1676 interprr.
634 1608 661 1660 J.
682 1607 812 1677 Lipsimn
830 1607 994 1658 llllanuduct.
1014 1607 1049 1658 ad
1072 1605 1159 1659 Stoic.
1180 1606 1287 1659 Philus.

133 1681 166 1732 h.
187 1679 238 1732 ΠΙ.
256 1676 328 1729 Dies.
349 1677 393 1732 20·
414 1708 446 1721 -
484 1678 519 1730 In
538 1676 604 1730 eod.
624 1676 697 1753 Aug.
718 1677 854 1730 scribitur
873 1693 934 1729 esar
956 1676 1083 1730 insanos.
1109 1677 1182 1730 Gud.
1203 1678 1289 1730 omit·

42 1815 45 1819 .
133 1750 172 1802 tit
196 1765 263 1802 esee.
301 1748 362 1801 Mr.

207 1820 263 1877 Qui
289 1818 363 1872 enim
390 1819 500 1872 animos
524 1827 566 1872 eet
589 1818 742 1888 ioniique
764 1818 886 1884 morin]
922 1819 1011 1885 „Non
1039 1826 1081 1871 est
1108 1819 1287 1872 incommoda

134 1891 205 1944 haee
254 1887 350 1944 uidem
381 1891 478 1945 lectio.
527 1891 584 1944 Sed
608 1893 717 1942 Veneta
742 1890 812 1946 Quis
835 1891 909 1943 enim
936 1899 1048 1942 annua
1071 1896 1114 1942 eet
1142 1889 1174 1942 in
1192 1889 1288 1960 aliquo

133 1906 254 2016 morini
278 1961 435 2015 intellectu
460 1961 655 2014 sustentanda:
679 1960 818 2012 animum
835 1971 871 2014 ut
890 1961 1043 2014 sentiamus
1062 1961 1092 2012 in
1111 1961 1210 2020 morbo
1229 1961 1288 2013 dici

133 2050 191 2086 nou
209 2033 300 2108 magis
317 2049 419 2085 sanum
438 2046 506 2098 esse,
527 2046 725 2101 quamcorpus
743 2032 774 2082 in
786 2032 1012 2106 aegrotatione.“
1033 2032 1178 2084 Gamerae.
1199 2033 1288 2098 „Col-

132 2105 205 2157 latio
223 2115 266 2158 est
282 2120 386 2174 pamm
405 2101 436 2167 [i.
456 2120 480 2155 e.
501 2101 692 2173 aliquantum]
717 2102 880 2173 interrupta
898 2103 1072 2172 parenthesi.
1111 2104 1201 2168 Quare
1229 2119 1288 2155 non

132 2176 230 2246 planet
256 2174 435 2243 quorundam
460 2175 560 2226 lectior
591 2174 655 2242 qnia
678 2173 751 2225 enim
776 2188 883 2226 aenne
906 2174 984 2227 etc.“
1002 2174 1050 2227 Fr.
1071 2175 1155 2227 Fadr.
1194 2175 1285 2238 „Pell⁸

132 2263 177 2317 pr.
197 2246 291 2316 quint.
310 2242 420 2297 Vlotor.
440 2245 504 2313 quie
522 2250 564 2297 e'st
582 2244 657 2297 enim
675 2258 769 2297 sanna.
789 2245 847 2296 Pal.
868 2253 961 2314 quart.
989 2244 1056 2314 qnid
1073 2252 1116 2296 est
1134 2246 1208 2298 enim
1226 2245 1289 2298 ani-

131 2330 193 2370 nnte
211 2314 287 2369 etin
306 2324 360 2368 etc.
398 2316 451 2370 Sed
468 2316 615 2388 vulgatam
633 2315 762 2368 defendit
781 2315 881 2368 iuncto
898 2316 1020 2368 umbone
1044 2325 1140 2368 cetera
1159 2314 1236 2368 MSS.
1258 2325 1288 2368 et

133 2385 293 2441 editionum
315 2385 448 2450 cohors.“
480 2384 562 2440 Geel.

208 2471 262 2533 Qut
286 2477 327 2528 eet
352 2466 435 2529 e‘nim·
450 2472 561 2529 animes
581 2476 615 2529 in
643 2474 736 2544 aliquo
762 2475 888 2543 morsos
909 2475 953 2528 Ita
971 2471 1036 2527 dedi
1056 2493 1091 2528 ex
1110 2475 1194 2528 Cndd.
1214 2476 1255 2529 Re
1278 2478 1284 2528 ’.

132 2543 217 2609 Vind·
236 2546 263 2604 2.
283 2541 357 2603 Gud.
378 2552 403 2603 l.
425 2545 494 2612 [nisi
513 2548 588 2616 quod
606 2546 639 2597 hi
657 2546 762 2599 habent
781 2548 854 2616 qnia]
876 2547 962 2602 lilarb.
984 2545 1044 2611 [sed
1061 2544 1147 2599 habet
1165 2548 1188 2598 is
1207 2493 1285 2616 quii]

133 2611 205 2690 Gnd,
225 2615 252 2674 Ἰ.
272 2617 347 2672 Mon.
368 2621 393 2673 1.
420 2617 465 2670 Au
488 2658 494 2670 .
516 2613 582 2684 [sed
599 2617 679 2687 qnid,
715 2627 746 2671 ut
770 2619 870 2683 Marh]
895 2612 983 2670 steht.
1008 2610 1072 2682 [sed
1090 2626 1155 2687 post
1175 2618 1286 2671 animus

131 2687 261 2759 additum
277 2681 364 2742 habet
383 2700 490 2752 eunus.
528 2691 562 2742 ln
581 2705 638 2742 uno
657 2690 707 2742 Ox.
729 2697 771 2741 est
797 2688 866 2758 qnid
884 2688 956 2740 enim
975 2688 1085 2741 animos
1104 2694 1153 2752 eat,
1182 2689 1214 2740 in
1231 2687 1287 2740 tris

131 2760 182 2814 bus
202 2761 308 2832 quite.
329 2777 355 2813 n.
376 2767 426 2826 est,
446 2761 478 2812 in
495 2776 552 2812 uno
571 2759 648 2812 Dte.
670 2753 762 2815 Quin
786 2776 807 2812 e.
828 2779 853 2814 n.
875 2764 924 2811 est.
953 2758 1039 2824 [illud
1058 2760 1120 2812 Dia.
1141 2757 1205 2811 vult
1224 2761 1286 2812 sine

132 2832 217 2885 dnbio
244 2829 437 2899 Discipulos]
468 2832 523 2885 duo
547 2830 654 2884 habent
677 2841 763 2883 annus
785 2848 838 2902 pro
866 2830 984 2895 animos,
1011 2848 1084 2882 unus
1108 2835 1138 2881 et
1164 2831 1284 2883 animus.

132 2900 207 2956 ltlon.
228 2904 252 2960 2.
285 2903 349 2972 qnia
374 2909 415 2956 ert
433 2899 508 2955 enim
525 2917 619 2955 senne.
648 2900 732 2954 vind.
754 2907 777 2957 l.
804 2901 905 2954 eninr
929 2904 972 2953 eat
997 2901 1070 2954 eni-m
1088 2904 1208 2968 aninzne,
1235 2903 1286 2971 qni

42 3004 43 3007 =
131 2977 211 3027 favet
230 2975 317 3028 etiam
328 2983 441 3027 nostrae
460 2971 592 3026 lectioni.
613 2969 686 3026 (iud.
707 2972 757 3040 qni
775 2980 818 3026 est
830 2987 917 3025 sanna
935 2971 1009 3024 enim
1027 2973 1055 3024 in
1068 2973 1161 3040 aliquo
1180 2972 1284 3026 morde.

131 3044 228 3098 Duisb.
254 3040 319 3115 qnia
344 3052 388 3098 eet
405 3044 513 3097 enimus
537 3043 569 3098 in
594 3060 619 3100 n.
639 3061 674 3098 m.
711 3041 828 3112 Reliqui
852 3049 882 3097 et
909 3042 980 3096 Edd.
1006 3042 1056 3112 qni
1062 3047 1064 3051 ’
1079 3044 1153 3095 enim
1177 3044 1287 3096 animae

132 3120 194 3172 etis
211 3117 288 3202 quod
305 3127 470 3178 servassem,
496 3115 553 3168 nisi
580 3113 683 3185 optimi
700 3111 771 3166 libri
791 3119 883 3169 esseut
901 3109 1049 3183 sequendi.
1087 3115 1186 3187 Pergit
1209 3116 1286 3167 idem

131 3189 193 3256 Ox„
225 3181 257 3240 m
282 3202 339 3257 quo
365 3196 406 3240 est
431 3181 508 3251 Die,
532 3200 609 3239 nnnc
626 3184 688 3238 Ma.
709 3185 729 3240 i.
750 3203 774 3238 e.
798 3183 947 3254 magister.
984 3185 1059 3237 Tum
1078 3185 1151 3260 Aug.
1177 3187 1287 3239 marios

130 3257 180 3314 lios
195 3266 296 3312 nutem.
333 3260 400 3312 lllox
418 3257 507 3311 Rehd.
527 3263 685 3324 utsupra
705 3255 774 3323 dixi,
798 3256 847 3309 ubi
865 3257 993 3332 agnoscis
1012 3256 1208 3330 glossatorem,
1228 3275 1287 3309 ma-

130 3332 175 3407 gis
204 3331 291 3384 etiam
317 3329 348 3380 in
376 3329 423 3381 his
453 3344 526 3398 quae
556 3337 731 3397 sequuntur:
767 3326 930 3397 philosophi
958 3327 1117 3395 appellant:
1145 3326 1287 3381 animoa

132 3405 247 3455 antem
273 3400 326 3453 ita
354 3399 518 3466 effeetus
541 3411 593 3451 non
612 3397 708 3466 magis
726 3406 767 3451 est
784 3411 878 3452 senne.
904 3398 1008 3451 Duisb.⁴
1026 3415 1106 3451 num
1129 3398 1287 3467 mugirent

71 3495 72 3498 ¹
130 3486 224 3529 aanor.
262 3470 353 3522 Habes
380 3473 452 3522 item
475 3482 591 3520 manum
613 3469 793 3523 correctoris.
830 3471 865 3522 ln
889 3485 966 3538 seqq.
995 3470 1062 3522 eod.
1082 3468 1156 3522 oud.
1177 3470 1202 3524 2.
1240 3469 1302 3522 Et.

134 3544 177 3598 ita
195 3538 235 3611 pit.
256 3543 308 3594 Ed.
328 3543 357 3594 P.
377 3543 421 3594 ita
439 3546 501 3593 eat.
529 3538 626 3592 Duisb.
648 3550 677 3593 et
694 3538 784 3594 Rehd.
805 3542 844 3594 sit
861 3541 982 3594 sanitae.
1020 3540 1082 3592 Mr.

201 3609 371 3682 insipientia
393 3640 426 3650 -
446 3611 593 3678 dementia]
613 3612 720 3664 Laudat
739 3611 850 3665 Nonius
868 3613 900 3663 in
917 3609 1068 3664 insanitas.
1105 3611 1141 3664 D.

204 3683 375 3753 iusipientia
394 3687 483 3736 antem
502 3682 584 3752 qnasi
601 3683 740 3748 insanitas
758 3684 905 3751 quaedum:
938 3698 1004 3748 qnae
1031 3689 1073 3734 eet
1100 3681 1216 3738 insania
1238 3698 1285 3736 en-

133 3758 248 3826 demque
275 3754 442 3820 dementiae]
479 3755 582 3820 „Quae
610 3761 704 3807 earet
730 3753 846 3807 insontia
875 3752 907 3804 in
929 3753 1012 3805 libris
1037 3753 1127 3805 Nonii
1153 3753 1285 3808 Marcelli

131 3826 275 3901 legitur.“
301 3827 348 3879 Fr.
368 3825 479 3879 Febris.
518 3827 634 3891 „Verba
661 3837 730 3892 qnae
757 3831 798 3877 est
821 3823 934 3877 insanin
965 3835 1141 3894 supervacua
1165 3833 1232 3877 sunt
1257 3834 1284 3878 et

133 3900 232 3968 inepta
250 3915 304 3950 nee
322 3896 384 3949 ullo
403 3896 485 3950 modo
512 3897 694 3950 aCicerons.
732 3892 842 3948 inclusi
865 3894 977 3946 uncis.“
1003 3893 1071 3947 Ean.
1110 3897 1198 3960 „Non
1215 3896 1287 3950 haec

131 3978 254 4034 tantum,
274 3969 321 4022 sed
341 3968 426 4021 etiam
445 3967 531 4020 rerba
557 3969 704 4034 eodemque
731 3964 869 4034 dementia
888 3967 1010 4042 glossam
1035 3966 1156 4036 sapiunt.
1194 3967 1285 4035 Quare

131 4040 247 4093 uncinis
272 4039 378 4111 sepsi.“
402 4036 543 4103 FAWolf.
569 4039 600 4090 in
626 4037 741 4090 scholis.
778 4037 898 4090 Uneinis
923 4038 1019 4090 eadem
1039 4044 1187 4108 sepserunt
1204 4038 1285 4091 Koel.

133 4119 162 4164 et
180 4111 270 4164 Nobb.
303 4112 393 4171 ,Plane
412 4111 498 4163 eiecit
517 4109 601 4162 Sehz.
628 4107 723 4161 Nimis
742 4108 843 4173 calide,
872 4107 966 4175 jndice
985 4109 1104 4174 Orellio,
1131 4108 1182 4177 qui
1206 4112 1285 4162 recte

132 4183 254 4249 „Haben
283 4182 331 4247 ait,
361 4183 418 4234 iam
436 4180 547 4235 Nonius
574 4198 602 4251 p.
624 4182 682 4235 122.
709 4177 795 4231 ltlerc.
826 4187 854 4231 et
878 4181 995 4233 omnino
1018 4188 1084 4231 sunt
1108 4180 1285 4246 neeessaria'3

133 4254 272 4311 insanitas
292 4255 378 4319 enim,
397 4252 567 4305 vocabulum
584 4259 654 4302 tunc
673 4262 791 4316 novum,
810 4251 887 4303 nihil
898 4251 977 4303 aliud
991 4250 1179 4324 significabat,
1200 4268 1285 4321 quam
1311 4246 1315 4252 ⁴

123 4320 418 4381 ‘Unresnndheit
457 4322 517 4375 Iam
541 4320 622 4388 dicit,
649 4320 794 4394 sapienter
811 4321 941 4374 insaniae
959 4322 1042 4390 (quae
1062 4322 1159 4374 eadem
1178 4326 1221 4376 est
1239 4324 1287 4375 de-

132 4373 251 4463 ineniia)
277 4392 357 4470 quasi
382 4388 535 4447 insanienti
561 4392 674 4445 cuidam
696 4394 811 4459 mentis,
836 4393 893 4446 hoc
911 4393 1006 4462 ipsum
1032 4391 1163 4447 insaniae
1181 4385 1302 4447 nomen

134 4470 332 4542 imposuerunt
350 4461 472 4519 maiores
490 4462 613 4518 nostri.“
633 4496 664 4508 -
702 4467 782 4519 Unus
801 4466 852 4519 Ox.
877 4462 963 4518 habet
982 4465 1076 4518 endem
1102 4482 1156 4535 pro
1174 4467 1286 4520 endem·
