2842 5070
177 303 180 310 ’
205 326 268 395 ese
411 321 641 392 cresimus
661 320 909 391 tuscum.
931 322 1163 401 uernam.

205 508 289 574 quse
304 487 397 570 snm,
419 498 459 554 'nt
483 491 598 574 psallo
619 492 697 556 ante
724 488 882 570 diximus,
910 483 1040 564 turbidi
1063 490 1254 552 animorum
1283 510 1366 554 cou-

205 575 367 656 citatique
388 583 509 649 motus,
536 577 649 640 aversi
668 595 689 637 n
709 577 853 648 ratione,
875 583 908 636 et
928 573 1150 636 inimicissimi
1170 575 1293 636 mentis
1314 576 1367 638 vi·

156 659 183 713 b.
206 664 323 740 usque
350 659 560 742 tranquillae.
602 657 792 742 Importent
812 659 903 720 enim
923 677 963 720 ae
987 655 1150 720 citudines
1172 658 1286 719 anxias
1312 666 1365 721 st-

204 758 268 822 qne
288 740 437 819 acerbas,
466 743 661 824 animosque
690 743 846 828 affligunt
867 749 901 801 et
923 678 1098 803 dedilitnnt
1119 747 1228 801 metu:
1259 739 1366 804 iidem

203 822 412 884 inflamment
432 825 637 907 appetitione
666 825 792 903 nimia3
821 843 918 907 quam
940 832 1012 884 tum
1034 821 1264 904 cupiditatem,
1292 830 1368 887 tum

191 903 380 973 ¹libidinem
407 904 559 984 dicimus,
579 907 823 990 impotentiam
851 905 1017 987 quandam
1038 907 1154 984 animi,
1185 925 1205 966 a
1238 915 1367 990 tempe-

138 979 183 1036 35
205 989 323 1054 senua·
354 997 388 1053 et
423 988 653 1069 moderatione
692 990 877 1074 plurimum
919 987 1144 1052 dissidentem.
1199 989 1303 1085 Ques,
1335 990 1365 1053 si

204 1168 304 1237 lectio,
325 1189 410 1242 quam
427 1172 514 1228 hebet
531 1173 584 1228 Ed.
603 1173 702 1240 beot,
721 1162 865 1242 quamque
884 1189 951 1224 cum
968 1179 1066 1225 nostra
1084 1172 1200 1243 reperio
1219 1172 1253 1225 in
1269 1191 1364 1250 marg.

203 1241 258 1295 Ed.
278 1244 413 1299 HWolfii
431 1245 609 1314 gignunturr
628 1245 686 1298 nisi
704 1244 864 1298 certissime
876 1243 1037 1296 correctori
1056 1243 1216 1298 deberetur.
1245 1245 1364 1314 Reliqui

204 1328 315 1380 omnes,
335 1322 365 1368 et
382 1316 486 1388 scripti
504 1325 533 1371 et
551 1315 632 1384 editi,
651 1316 683 1369 in
700 1314 863 1385 cogitantur
881 1313 1060 1384 conspirant:
1079 1332 1152 1368 nnus
1171 1316 1240 1370 adeo
1259 1317 1310 1370 Ox.
1331 1318 1364 1369 in

204 1383 410 1511 amphitriae}
443 1387 617 1460 cogitateque¹
651 1402 706 1460 pro
739 1383 982 1471 concitatique.
1036 1387 1101 1439 Vox
1136 1392 1202 1441 aute
1236 1387 1314 1440 abest
1347 1406 1364 1440 a

233 1474 252 1509 a
272 1495 293 1512 .,
318 1493 325 1508 .
397 1474 444 1512 r.s

276 1525 386 1582 turbidi
394 1531 552 1586 animorum
561 1528 748 1600 concitatique
759 1527 866 1595 motas]
884 1527 1066 1599 „Appuleius
1083 1545 1141 1582 non
1158 1528 1254 1581 minus
1271 1528 1366 1583 licen·

130 1658 136 1663 .
204 1605 254 1652 ter
270 1615 356 1670 quam
375 1600 511 1655 decenter
529 1601 655 1656 turbelae
672 1602 800 1672 appellnt
816 1601 906 1654 hosce·
920 1599 1050 1652 turbidos
1063 1601 1365 1670 motuspertnrbatio-

11 1730 13 1734 ,
204 1687 286 1736 nam,
306 1687 373 1723 cum
390 1673 432 1724 ait
450 1672 482 1724 in
493 1673 649 1726 Daemonio
667 1672 794 1726 Socratis
813 1670 853 1742 [p.
866 1673 910 1726 48.
922 1673 966 1725 20.
985 1668 1152 1737 Elmenh.]:
1173 1673 1249 1727 Quae
1268 1687 1364 1727 omnes

110 1805 114 1811 ἱ
204 1741 330 1795 ttertelae
347 1749 573 1814 tempestatesque
593 1746 697 1813 merul
717 1757 736 1795 a
755 1744 870 1797 deornm
888 1742 1049 1796 caelestium
1067 1741 1277 1812 tranquillitate
1296 1760 1365 1796 eau-

205 1812 299 1866 taut.“
325 1813 459 1869 Beroald.
496 1817 531 1869 ln
552 1831 611 1870 uno
637 1814 688 1869 Ox'.
712 1822 756 1868 est
777 1820 867 1868 metas
892 1829 946 1883 pro
972 1819 1073 1880 motas,
1103 1813 1135 1867 in
1161 1814 1220 1869 ulio
1247 1813 1365 1870 adversi

205 1899 260 1956 pro
277 1885 381 1940 sverm
419 1887 481 1940 Me.

276 1954 472 2012 tumuerunt
488 1955 618 2011 mentis
635 1954 762 2024 vitaeque
779 1951 969 2025 tranquillae]
1006 1953 1091 2010 Solus
1104 1953 1240 2023 -st.,in
1258 1956 1364 2022 tribus,

264 2027 334 2080 esd
350 2044 467 2081 manum
485 2037 561 2094 sunt,
581 2027 654 2084 Edd.
673 2028 760 2080 tacite
778 2027 857 2080 dedit
874 2025 973 2091 menti,
992 2043 1051 2080 non
1068 2025 1152 2091 male,
1178 2026 1238 2092 sed,
1265 2036 1299 2078 ut
1318 2029 1364 2078 vi-

225 2105 299 2163 etur,
318 2098 520 2153 invitis'libris
538 2099 678 2153 omnibus.
703 2098 805 2173 Pergit
822 2097 889 2151 cod.
911 2097 985 2150 Gnd.
1005 2104 1037 2152 et
1053 2096 1148 2151 nitas
1164 2096 1363 2164 tranquillae.“
1407 2137 1410 2149 .

188 2168 297 2245 ¹Ver-lm
315 2171 471 2238 important
490 2203 522 2215 -
543 2172 646 2225 anxiat
663 2176 747 2239 atque
765 2169 867 2222 desunt
885 2169 916 2219 in
935 2169 1009 2221 Gud.
1022 2170 1047 2223 2.
1074 2167 1251 2235 Impertaudi
1266 2166 1359 2219 verbo

205 2237 276 2292 alibi
300 2258 414 2310 quoque
437 2260 503 2294 usus
529 2251 571 2295 est
590 2242 714 2306 Cicero,
734 2239 832 2293 eadem
859 2238 1091 2314 significatione,¹
1108 2239 1235 2308 itemque
1254 2238 1362 2290 Cicero

205 2308 798 2381 filiusndFamm.XV1.2:'necvero,
825 2319 859 2364 ut
875 2308 1003 2378 videtur,
1029 2310 1091 2363 sine
1107 2309 1219 2374 Datim,
1245 2318 1280 2364 ut
1303 2308 1363 2362 hec

204 2381 279 2433 loco.
317 2381 378 2435 Mr.
840 2390 867 2444 ,’
903 2382 906 2386 ’
969 2399 973 2410 s

278 2450 588 2524 aniusaeqaeeaftligunt
608 2460 635 2508 et
653 2451 804 2509 debilitant
822 2439 932 2522 metati
950 2453 1013 2506 Duo
1033 2454 1104 2509 Oxx.
1124 2453 1239 2516 ammos,
1259 2451 1365 2504 omisso

227 2535 268 2584 ue,
286 2541 360 2594 unus
378 2525 537 2595 animaeque
555 2530 588 2579 et
605 2526 745 2593 affligunt.
771 2526 845 2580 Gnd.
866 2527 1043 2593 confligunt,
1070 2524 1167 2577 Duisb.
1191 2530 1292 2592 atque
1316 2524 1364 2576 de·
1396 2539 1403 2547 ·

155 2649 165 2657 ‚
227 2589 335 2648 ilitant·
369 2599 435 2650 Post
458 2603 532 2650 metu
557 2607 685 2671 pergunt
707 2600 777 2672 Reg.
806 2615 880 2649 unus
907 2598 957 2651 Ox.
978 2597 1065 2649 Murb.
1092 2595 1164 2648 Gud.
1186 2599 1210 2649 1.
1230 2596 1258 2648 2.
1287 2593 1361 2646 Gud.

206 2663 328 2734 antiqno
346 2666 490 2720 scribendi
507 2667 600 2733 modo,
619 2668 703 2733 idem,
722 2671 796 2721 Mon.
817 2673 843 2725 l.
871 2668 1008 2733 elidem,
1028 2666 1125 2719 Duisb.
1152 2671 1183 2718 et
1209 2665 1296 2720 iidem
1315 2681 1363 2734 ap«

226 2734 341 2791 stitione
358 2737 546 2803 inflammante
564 2739 619 2793 duo
630 2740 704 2799 Oxx,
718 2740 763 2792 Au
786 2778 792 2792 .
813 2738 890 2805 item,
908 2757 983 2791 unus
997 2739 1047 2792 Ox.
1067 2738 1162 2802 idest,
1182 2737 1256 2788 alius
1274 2737 1360 2801 unde;

167 2835 182 2848 x
202 2865 204 2868 y
245 2806 314 2860 bent
333 2811 419 2862 etiam
436 2813 504 2865 item
521 2810 593 2864 Edd.
612 2813 641 2863 P.
661 2809 696 2862 A.
715 2812 746 2864 B.
764 2757 795 2864 i.
815 2811 850 2863 E.
870 2811 901 2864 O.
918 2812 1001 2885 dunt.
1021 2810 1098 2878 thsn.¹
1112 2816 1201 2860 nostr.
1221 2807 1284 2859 Asc.
1298 2809 1361 2874 aa

186 2924 189 2933 .
207 2873 330 2948 Scripsit
347 2880 428 2945 Dav,
455 2881 553 2934 nescio
570 2899 607 2934 sn
625 2882 688 2948 sine¹
709 2881 804 2946 libris,
828 2897 901 2934 cunt
917 2880 1107 2950 cupiditatem
1132 2886 1188 2932 tum
1206 2870 1360 2932 libs'dinm

128 2952 134 2959 “
207 2944 265 2999 Sed
289 2966 463 3021 quamquam
483 2952 645 3022 saepissime
672 2953 748 3023 apud
775 2953 944 3007 Ciceronem
963 2952 1060 3006 editur
1083 2958 1141 3004 tum
1160 2955 1280 3016 -tum,
1313 2948 1361 3001 ubi

206 3019 418 3081 restituendum
437 3029 479 3076 est
497 3041 577 3093 quum
596 3051 628 3061 -
648 3030 721 3077 lum:
755 3024 832 3094 quod
858 3024 968 3094 optime
993 3023 1090 3076 docuit
1113 3021 1312 3095 Stuerenburg
1329 3019 1363 3073 nd

207 3087 268 3146 cic.
288 3108 341 3162 pro
359 3091 448 3146 Arch.
467 3097 544 3166 po'e't.
572 3113 600 3165 p.
622 3097 673 3150 164
691 3111 770 3165 sqq.;
803 3102 1026 3149 nostrumnon
1050 3094 1113 3146 loco
1137 3093 1226 3147 lectio
1253 3099 1311 3145 tum
1329 3118 1361 3128 -

207 3164 267 3217 am
290 3173 427 3234 praestat,
458 3167 525 3236 quin
552 3166 673 3237 ponitur
693 3182 747 3236 pro
770 3167 904 3219 mado-
928 3166 1020 3230 mado,
1051 3179 1175 3216 nunc-
1200 3179 1280 3228 nunc,
1309 3179 1362 3215 nea

205 3249 276 3359 titt
291 3237 682 3371 imnf‘titi‘itiiiaiiln
700 3234 1363 3375 ⁶³ttt‘tt‘ttnst¹‘tttttlt“⁶tt¹ttt

206 3381 263 3428 turn
280 3375 386 3432 liabent
412 3380 485 3433 Gud.
513 3385 536 3436 1.
556 3371 802 3453 23‘Aug.·habet
828 3324 894 3431 tuni
909 3377 1052 3433 libidinem
1079 3385 1136 3430 tum
1160 3324 1364 3446 cupiditatem

206 3444 332 3515 alterum
358 3454 417 3503 tuns
443 3451 555 3506 omittit
579 3449 652 3505 Gud
673 3452 700 3504 2.
745 3449 1025 3519 Ροεῌπηροῖεηῑιάηι
1051 3448 1278 3523 intelligendum
1305 3464 1364 3501 esse

69 3532 84 3543 ·
198 3517 312 3587 nempe,
330 3521 378 3573 vel
396 3520 470 3589 dico,
488 3524 537 3576 vel
552 3528 623 3590 puta
640 3526 745 3576 monet
758 3522 899 3576 Goerenz.
919 3521 954 3574 ed
972 3521 1033 3575 Cic.
1052 3519 1086 3570 de
1104 3520 1192 3575 Fine,
1212 3520 1250 3572 11.
1271 3523 1297 3575 6.
1320 3518 1361 3574 17.

104 3636 109 3649 ,
207 3589 275 3646 coll.
303 3590 337 3649 de
359 3591 457 3647 Divis.
486 3593 511 3648 l.
530 3596 556 3650 2.
582 3595 608 3647 3.
636 3593 687 3646 ubi
710 3592 787 3651 idem
813 3592 848 3644 ad
874 3610 902 3644 v.
932 3591 964 3646 iu
990 3589 1170 3660 haruspicum
1197 3589 1363 3660 disciplina,

123 3685 125 3692 ι
206 3668 307 3731 utpote
326 3664 357 3715 in
375 3664 502 3721 clausula
528 3663 692 3741 explicandi
718 3680 801 3717 causa
824 3656 928 3729 addita,
961 3661 1185 3715 subaudiendum
1213 3679 1273 3715 esse
1297 3672 1379 3715 con-·

206 3733 310 3786 tendit.
348 3736 418 3789 Tale
444 3735 514 3806 quid
536 3735 654 3791 videtur
676 3734 795 3789 sensisse
817 3734 944 3804 scriptor
968 3732 1079 3787 Codicis
1106 3735 1184 3786 Mon.
1204 3737 1229 3787 1.
1255 3733 1288 3782 in
1307 3748 1364 3802 quo
1387 3770 1388 3774 ,

207 3811 250 3856 eet
268 3804 538 3876 impotentiamque.
566 3807 641 3860 Nam
654 3813 684 3859 et
701 3806 796 3876 ipsum
814 3802 889 3858 illud
907 3821 956 3875 que
973 3822 1180 3875 nonnunquam
1199 3803 1365 3873 explicandi

152 3909 154 3912 >
207 3891 289 3928 eausa
307 3876 432 3932 additur.
467 3877 541 3931 Vide
558 3877 651 3941 modo,
669 3893 706 3929 ne
725 3875 774 3930 lon
816 3878 913 3942 ssim,
933 3876 1090 3931 Goerenzii
1108 3874 1240 3927 Iudicem
1257 3874 1363 3928 adGic.

130 3947 132 3952 '
207 3945 242 4000 de
261 3947 346 4001 Finn.
372 3968 403 4020 p.
422 3951 483 4006 686.
504 3960 537 3992 ’ὲ
574 3947 650 4003 Tum
672 3947 740 4004 cod,
789 3948 853 4001 ehd.
880 3948 991 4001 omittit
1015 3945 1112 4001 animi.
1135 3975 1167 3984 -
1189 3948 1260 4030 Reg.
1289 3946 1364 3999 Gud.

207 4020 233 4075 1.
254 4021 278 4072 2.
307 4037 359 4089 pro
384 4018 475 4075 animi
498 4033 516 4071 a
539 4016 647 4075 habent
665 4019 766 4074 anima.
794 4019 883 4074 Rehd.
910 4019 1063 4088 plurimam
1089 4017 1366 4072 dissenttenteeu

207 4086 404 4168 dissidentem,
428 4091 520 4166 glossa
538 4089 625 4145 verbo
644 4090 790 4145 Ciceronis
813 4091 977 4162 praemissa.
1015 4091 1075 4144 Mr.

281 4182 358 4237 Quae
375 4181 404 4233 ei
422 4180 531 4249 wando
550 4179 649 4248 adepta
673 4187 713 4232 est
731 4179 777 4246 ta]
797 4182 880 4245 „Vet
901 4181 961 4232 cad.
982 4181 1214 4248 adaptaretur
1232 4177 1274 4232 id.
1294 4181 1366 4233 fort.

207 4248 371 4320 adeptuerit
389 4249 494 4315 [voluit
512 4252 573 4304 sine
583 4251 668 4304 dubio
683 4253 784 4320 adepta
797 4251 862 4315 erit,
882 4259 915 4304 ut
927 4261 969 4315 est
987 4252 1019 4302 in
1034 4269 1126 4325 marg.
1142 4250 1184 4306 ed.
1199 4251 1368 4318 u.15842]“

198 4325 298 4399 Marg.
317 4320 413 4375 Lami.
436 4323 512 4377 1681.
550 4322 585 4375 ln
609 4340 699 4398 marg.
725 4323 812 4376 Goth.
834 4324 911 4380 1696.
938 4331 996 4378 est:
1023 4322 1093 4377 fort.
1115 4323 1302 4390 adaptaret
1320 4323 1370 4387 id,·

207 4394 239 4446 in
256 4391 559 4459 mar.Goth.16titt:
588 4413 610 4446 s.
630 4395 863 4464 adeptauerit
885 4393 925 4447 id.
947 4426 980 4438 -
1017 4395 1106 4446 Palat.
1122 4412 1167 4463 pr.
1188 4393 1285 4448 eadem
1299 4395 1370 4463 pia-

206 4472 287 4522 retur
312 4463 317 4475 '
338 4503 345 4519 .
366 4464 479 4522 secund.
499 4464 596 4523 eadem
610 4471 758 4537 putaretur
775 4466 815 4521 id.
835 4472 902 4519 tert.
923 4473 965 4519 ut.
992 4473 1021 4520 et
1039 4465 1106 4520 Feb.
1127 4467 1188 4519 Vnt.
1208 4467 1369 4541 siquando
