2842 5070
559 311 688 377 meua
706 309 771 390 ru,
799 310 852 375 n.
1009 323 1018 335 ·
1116 260 1151 330 A
1214 307 1277 374 sae
1335 268 1352 397 s

123 481 214 543 batia
242 480 364 542 mentis
397 479 562 543 aufertur.
605 477 646 539 Et
673 486 712 539 ut
740 457 900 558 coiporis'¹
921 481 972 535 est
1007 470 1168 563 qaaedpm
1197 479 1274 554 apta
1294 458 1338 531 31.
1390 460 1393 467 ’

122 565 233 650 figura
265 562 494 624 membrorum
528 580 604 623 cum
635 560 759 621 catoris
788 556 930 640 quadam
962 558 1139 634 suavitate,
1173 575 1275 638 eaque
1361 623 1363 627 ,

123 736 289 813 turbationi,
308 762 362 817 pro
381 764 437 816 qua
454 746 606 800 iambinus
624 745 749 817 caniecit
765 743 951 813 purgatione3
975 743 1081 796 Brutus
1099 716 1195 794 adtem
1211 757 1276 810 per·

123 820 300 873 tractatione.
337 820 397 871 Nos
422 835 483 872 eam
513 817 689 887 scripturam
720 815 989 886 repraesentandam
1019 822 1078 866 esse
1103 813 1275 887 censuimus,

123 907 210 960 quam
229 891 298 943 dant
313 888 428 944 Balliol.
450 896 478 942 et
496 889 587 942 Vatic.
607 903 661 955 pro
679 888 759 941 varia
776 887 911 957 lectione,
933 902 1079 955 quamque
1098 886 1169 936 Ven.
1196 886 1274 953 1491.

124 969 155 1014 et
171 961 286 1014 Erasini
305 960 393 1013 editio
411 967 563 1031 praestant.
600 959 638 1011 D.
1216 974 1219 979 ·

194 1048 274 1101 quum
296 1030 439 1085 curatione
465 1029 635 1082 medicorum
658 1027 781 1099 turbatio
805 1029 907 1081 mentia
932 1025 1083 1093 aufertur]
1107 1024 1277 1092 ‘'„Quidam

123 1101 192 1154 libri
212 1103 272 1155 edd.
294 1097 323 1154 et'
340 1119 396 1153 scr.
415 1110 479 1170 post
497 1104 642 1154 curatione
665 1101 772 1153 addunt
790 1105 816 1152 et
842 1098 1051 1168 gubernatione,
1075 1096 1152 1166 quod
1177 1105 1207 1150 et
1230 1113 1277 1150 re-

123 1173 202 1243 cepit
219 1171 382 1224 Davisius.“
398 1171 469 1224 Era.
505 1171 609 1224 Deleri
628 1188 681 1245 ego
700 1188 815 1240 quoque
830 1170 919 1228 verba
938 1176 964 1222 et
978 1168 1184 1237 gubernatione,
1204 1184 1277 1238 quae

143 1243 247 1296 rodunt
265 1261 385 1295 manum
400 1242 573 1296 correctoris
590 1243 667 1295 haud
681 1243 768 1297 nimis
788 1241 874 1293 acuti.
910 1241 1062 1310 Postquam
1087 1239 1166 1292 enim
1192 1255 1277 1291 voca-

121 1262 231 1379 bulum,
249 1314 347 1384 paullo
366 1314 461 1365 minus
479 1322 580 1366 notum
598 1312 727 1365 librariis
744 1308 928 1377 conturbatio,
949 1312 1126 1380 explicatum
1138 1310 1276 1364 viderunt

122 1383 174 1436 alii
188 1401 260 1437 voce
270 1383 457 1452 perturbatio,
476 1384 547 1436 haec
559 1400 616 1436 vox
629 1384 661 1435 in
679 1384 743 1435 aliis
760 1384 845 1436 libris
863 1401 962 1435 veram
981 1382 1113 1448 extrusit,
1133 1390 1165 1433 ut
1183 1380 1276 1436 est‘in
1354 1377 1360 1389 '

121 1455 193 1508 Edd.
207 1458 236 1508 P.
249 1457 281 1508 B.
296 1455 326 1508 C.
339 1458 375 1507 Μ.
395 1456 428 1508 L.
447 1457 517 1507 Ven.
537 1463 626 1507 nostr.
647 1454 710 1506 Asc.
723 1460 748 1510 l.
759 1458 784 1509 2.
803 1454 866 1508 Car.
887 1453 987 1525 steph.
1007 1455 1092 1511 dunt.»
1107 1452 1172 1506 Ald.
1190 1452 1274 1505 Boni.

122 1526 207 1579 head.
216 1528 295 1578 Brut.
305 1526 374 1579 Dav.
383 1530 407 1580 1.
416 1527 441 1579 2.
453 1525 542 1595 Sylb,
562 1525 776 1595 quatuorCodd.
789 1526 858 1578 Oxx.
870 1526 943 1579 Mon.
953 1527 978 1580 2.
989 1523 1062 1598 Aug.
1075 1523 1149 1576 Gud.
1160 1523 1257 1578 Duisb.
1265 1539 1280 1586 ς.

122 1597 154 1648 in
172 1598 237 1649 aliis
260 1596 357 1650 aliene
382 1596 447 1649 loeo
472 1605 537 1648 ante
564 1596 732 1650 medicorum
752 1594 870 1666 irrepsit
899 1605 928 1650 et
950 1595 1016 1648 voci
1035 1593 1179 1648 curationi
1198 1593 1275 1665 quod

122 1668 157 1720 ad
176 1686 271 1720 casum
289 1669 386 1736 inepte
413 1667 474 1719 fuit
491 1668 709 1733 accommodata,
739 1677 773 1718 ut
797 1666 973 1720 scriberetur
996 1667 1141 1719 curatione
1165 1670 1192 1717 et
1207 1680 1276 1732 per·

122 1739 296 1792 turbatione:
317 1734 393 1806 quod
411 1746 453 1790 est
472 1738 502 1789 in
521 1736 631 1807 aliquot
650 1738 864 1807 antiquissimis,
882 1737 976 1790 veluti
994 1738 1025 1788 in
1043 1730 1120 1812 Rtg:
1133 1735 1205 1803 (sine
1224 1735 1289 1788 du·''

122 1810 180 1875 bio)
208 1809 280 1863 Gud.
302 1814 327 1863 1.
346 1811 372 1864 2Ι
403 1811 526 1868 Moab.
551 1809 640 1862 Rehd.
668 1810 759 1864 tribus
786 1809 856 1862 Oxx.
881 1809 968 1860 Marb.
999 1808 1085 1860 Vind.
1104 1811 1129 1864 2.
1160 1806 1274 1879 Gry-ph.

122 1880 191 1933 Cod.
213 1880 342 1943 Schotti3
367 1879 427 1943 alii,
454 1898 543 1949 quum
570 1881 600 1932 id
622 1880 755 1951 ineptum
779 1897 836 1933 esse
862 1877 1010 1943 vidissent,
1035 1878 1092 1931 alia
1116 1884 1276 1942 tentarunt,

121 1952 216 2004 veluti
235 1954 311 2004 Mon.
332 1953 355 2001 l.
376 1951 518 2003 curatione
536 1957 567 2003 et
583 1952 810 2018 provisione,
834 1950 918 2002 Vind.
940 1952 964 2001 1.
984 1949 1129 2011 curatione
1153 1955 1180 2002 et
1195 1964 1277 2019 per·
1297 1981 1303 1990 ι

123 2021 364 2086 tractatione,
384 2022 458 2075 Gud.
471 2015 624 2075 'curatione
642 2029 668 2076 et
682 2023 989 2093 pertractatione,
1009 2018 1061 2073 alii
1079 2019 1220 2099 denique,
1243 2025 1278 2071 ut

121 2112 195 2145 unus
214 2096 264 2148 Ox.
283 2093 384 2145 Baliol.
405 2102 553 2145 corrector
571 2094 684 2147 Codicis
703 2093 829 2158 schotti,
845 2093 916 2145 Edd.
934 2092 970 2145 Α.
988 2091 1016 2145 S.
1035 2092 1070 2145 E.
1093 2093 1163 2147 Ven.
1174 2099 1277 2149 nostr.

88 2214 91 2219 .
122 2165 245 2220 HWolf.
265 2170 291 2216 et
308 2156 524 2231 gubernatione,
544 2181 613 2233 quos
632 2165 724 2217 secuti
743 2173 809 2216 sunt
827 2164 896 2216 Dav.
917 2164 991 2217 Lali.
1013 2166 1044 2206 -'
1074 2162 1210 2217 Ceterum
1227 2161 1280 2214 ha·
1379 2164 1381 2169 '

122 2235 191 2289 bent
215 2235 340 2289 turbatio
363 2233 439 2286 Edd.'
455 2237 526 2290 Ern.
547 2234 911 2292 FAW01f.²Schz.N0bb.
933 2244 972 2298 et,
999 2241 1032 2294 ut
1054 2234 1180 2298 videtur,
1209 2231 1278 2289 Ood.
1334 2275 1340 2281 -

76 2313 80 2317 ’
121 2309 206 2360 Bern.
237 2315 265 2360 et
294 2305 406 2374 aliquot
425 2305 511 2358 Codd.
533 2306 614 2372 011,
639 2323 725 2377 quiam
747 2325 813 2358 uam
839 2306 895 2358 hoc
913 2306 1031 2375 quidem
1050 2322 1108 2363 non
1126 2304 1279 2359 admodum

122 2387 236 2431 certum
256 2384 314 2439 est3
334 2376 459 2428 utillud
478 2377 600 2431 turbatio
620 2386 720 2430 contra
752 2377 880 2429 'brorum
903 2377 1104 2442 auctoritatem
1128 2375 1278 2446 irrepsisse

120 2449 263 2501 videatur.
300 2447 336 2497 In
354 2445 420 2497 Cod.
442 2447 514 2499 Gud.
533 2447 592 2500 solo
612 2456 653 2500 est
672 2465 753 2515 quum
770 2447 927 2501 curationi
933 2448 969 2499 'et
987 2445 1205 2513 pertractatione
1223 2462 1280 2501 me·
1373 2457 1376 2463 '

122 2519 251 2572 dirorum
268 2517 458 2585 perturbatio‘i
479 2516 542 2583 [sic]
563 2518 661 2570 mentis
681 2520 825 2583 auferat.
846 2518 1000 2592 Duisburg.
1019 2519 1161 2584 affertur.
1189 2518 1279 2572 Recte

122 2599 219 2643 autem
243 2589 399 2641 lectionem
426 2589 599 2641 conturbatio
623 2589 739 2660 probari
762 2590 804 2641 ait
830 2587 1001 2641 ahambine
1021 2589 1156 2656 Orellius,
1228 2606 1279 2640 am

120 2662 171 2713 hic
197 2660 232 2713 de
261 2660 359 2711 morbo
385 2659 474 2711 animi
498 2660 618 2730 physico
644 2658 1082 2725 (Gemiithskrankheit),
1111 2676 1169 2712 non
1188 2607 1227 2712 di
1246 2676 1280 2712 ea

122 2750 194 2802 quae
220 2730 340 2800 proprie
364 2729 482 2795 dicitur,
511 2731 600 2783 animi
626 2730 843 2801 perturbatione
863 2729 1156 2797 (Leidenschaft)
1184 2744 1281 2784 sermo

121 2804 167 2856 sit.
203 2803 284 2856 Unus
303 2802 353 2856 Ox.
373 2802 484 2854 omittit
501 2801 618 2855 neentis:
637 2803 710 2855 alius
730 2802 756 2859 ei
775 2801 937 2854 voci-addit
956 2799 1037 2854 nibil.
1075 2802 1136 2855 Mr.
1166 2835 1169 2839 ·
1202 2802 1206 2807 ’

192 2891 230 2943 Et
253 2898 284 2943 ut
305 2890 435 2959 corporis
462 2895 503 2942 eet
533 2892 668 2959 quaedam
691 2918 725 2929 -
750 2889 826 2943 eires
851 2890 1043 2958 nominantur]
1088 2888 1179 2944 Stoici
1203 2888 1281 2961 apud

122 2961 274 3015 Stobaeum
292 2961 393 3034 Eclog.
413 2961 511 3013 Ethic.
530 2979 595 3035 pag.
616 2964 677 3017 168.
698 2961 754 3013 Καὶ
771 2962 873 3029 ὁμοίως
891 2979 941 3032 περ
960 2964 1041 3037 (Leg.
1061 2960 1163 3031 ὥςπερ)
1181 2955 1281 3032 λσχόος
1328 2967 1331 2971 ’

121 3034 170 3086 τοῦ
189 3032 314 3095 σώματος
335 3030 415 3090 τόνος
442 3029 515 3085 ἐστὶν
538 3032 632 3092 inuade
658 3028 688 3084 ἓν
712 3031 825 3100 νεύροις,
852 3033 924 3087 οὕτω
948 3034 995 3084 καὶ
1017 3040 1063 3099 τῆς
1087 3039 1181 3104 ψυχῆς
1198 3033 1281 3095 τόνος

123 3100 196 3155 ἐστὶν
225 3103 317 3163 ἱκανός
340 3100 370 3154 iv
394 3106 432 3167 rai
455 3106 557 3170 κρίνειν
579 3104 628 3154 καὶ
649 3102 780 3173 πράττειν
802 3107 846 3155 καὶ
869 3098 918 3175 μή.
950 3099 1052 3174 “iteam
1076 3097 1280 3165 retinebitur

121 3174 172 3226 τοῦ
191 3167 318 3238 στόματός
342 3170 400 3225 ἐστι
423 3175 575 3242 συμμετρία
599 3173 656 3226 τῶν
678 3174 770 3241 μελῶν
792 3169 972 3228 καθεστώτων
994 3170 1069 3243 αὐτῷ
1092 3169 1162 3244 πρὸς
1179 3167 1280 3241 ἄλληλά

122 3262 151 3298 τε
170 3248 216 3297 καλ
234 3240 302 3314 πρὸς
319 3244 350 3296 ed
370 3243 451 3296 ὅλον·
476 3244 549 3311 οὕτω
567 3246 611 3303 κοιλ
628 3239 659 3296 τὸ
679 3249 725 3310 τῆς
750 3247 840 3312 ψυχῆς
858 3244 956 3306 κάλλος
974 3241 1031 3297 ioci
1055 3250 1208 3313 συμμετρία
1229 3242 1280 3299 τοῦ
1336 3286 1341 3294 .

121 3309 208 3383 λόγου
226 3318 272 3368 καὶ
289 3320 344 3369 τῶν
362 3316 452 3382 μελῶν
470 3317 558 3369 αὐτοῦ
576 3310 645 3386 πρὸς
663 3311 730 3367 ὅλον
748 3334 775 3368 rs
793 3316 878 3368 αὐτοῦ
898 3314 1007 3379 (forsan
1025 3310 1122 3380 αὐτὸν)
1149 3318 1194 3370 nat
1210 3310 1281 3385 πρὸς

122 3386 230 3454 ἄλληλα.
268 3387 372 3440 Sensus
391 3395 433 3438 est
452 3386 537 3452 idem,
557 3387 606 3439 sed
625 3404 640 3437 a
658 3386 798 3440 Cicerone
818 3386 917 3439 differt
936 3386 1073 3439 orationis
1092 3385 1171 3451 ordo.
1207 3386 1244 3440 D.

192 3474 253 3512 cum
270 3459 373 3512 coloris
391 3459 510 3526 quadam
528 3456 675 3522 suauitate]
713 3457 781 3511 Cod.
800 3458 888 3510 Marb.
909 3473 971 3510 curn
986 3457 1072 3511 doto
1090 3454 1215 3524 cetaria·
1230 3456 1281 3521 sed

87 3572 91 3577 .
122 3528 239 3650 algebis
258 3529 557 3653 doto-puppervacpneis
575 3528 859 3657 prppctavsublsgripitp
876 3537 951 3651 sapt.
980 3528 1075 3650 00de.t
1095 3529 1168 3583 Gud.
1185 3527 1280 3652 {beluli

181 3617 215 3651 en
252 3615 391 3653 suaniae
439 3616 473 3654 uo
494 3617 547 3653 ane.
635 3618 666 3652 ra
711 3639 716 3651 .
782 3637 788 3650 .
852 3617 901 3651 .·a
943 3615 1122 3652 venusaem
1148 3616 1184 3653 ve
1233 3618 1282 3651 n·

124 3668 321 3721 chritudinem
346 3619 475 3740 corpiris
503 3662 618 3743 requiri
643 3671 732 3724 etiam
756 3670 864 3723 dicitur
886 3671 963 3723 cotor
986 3668 1090 3724 suauis.
1126 3618 1278 3731 UnusPOx.

123 3739 217 3804 forma
234 3755 288 3809 pro
305 3742 407 3806 figura.
445 3743 505 3794 Mr.
576 3756 579 3763 ¹

195 3824 235 3861 ea
253 3825 335 3876 quae
355 3810 463 3864 dicitur
478 3811 705 3880 putcbritudorj'
726 3812 810 3878 „Vul
832 3829 859 3885 g.
887 3809 1004 3882 eaque.“
1029 3810 1102 3865 Dao.
1131 3810 1163 3863 in
1187 3810 1230 3865 ed.
1250 3812 1277 3868 2.
1365 3804 1370 3811 ’

125 3898 161 3934 ex
178 3880 302 3947 Bentleii
322 3880 461 3934 videlieet
479 3885 629 3936 sententia.
667 3883 755 3950 „Cur
772 3830 856 3936 maiit
874 3883 940 3935 heic
964 3883 1039 3939 doct.
1064 3882 1211 3937 Bentleius
1236 3898 1279 3935 ea

126 3966 212 4020 quae
237 3951 344 4005 dicitur
365 3949 552 4019 pulchritudo,
581 3954 817 4024 quemadmodum
843 3954 932 4007 etiam
949 3955 988 4005 ‘in
1005 3953 1053 4006 his
1079 3971 1165 4025 supra
1183 3957 1276 4014 all:
1347 4006 1351 4012 ,

123 4024 200 4077 Haec
225 4039 257 4074 re
282 4021 393 4091 quidem
417 4023 547 4090 copulata
569 4031 644 4090 eunt,
672 4041 779 4093 eaque
804 4027 933 4080 oriuntur
956 4040 990 4077 ex
1017 4022 1138 4078 libidine
1157 4033 1212 4080 ota.
1238 4039 1280 4077 ea

125 4110 211 4163 puae
239 4095 385 4157 oriuntur;
409 4094 552 4146 rationem
575 4095 679 4147 iustam
703 4095 813 4148 subesse
830 4095 907 4147 haud
925 4095 1013 4148 facile
1038 4095 1114 4147 mihi
1132 4112 1290 4166 persuasa,

124 4164 215 4219 rim.“
237 4165 383 4233 Wopkens.
403 4163 424 4216 l.
444 4182 468 4216 c.
488 4183 516 4236 p.
539 4167 589 4220 127
608 4183 649 4235 sq.
686 4164 731 4217 Ad
749 4182 821 4235 quae
839 4165 980 4218 blandius:
1007 4164 1143 4231 „Tamen
1160 4182 1279 4235 recepe·

123 4246 194 4288 runt
219 4236 295 4288 hanc
321 4236 532 4288 correctionem
556 4237 626 4288 Ern.
653 4235 749 4292 Wolf.
780 4235 865 4288 Schz.
892 4236 1027 4289 aBeiero
1053 4236 1086 4290 ad
1115 4236 1211 4291 offi'l.
1232 4237 1277 4291 28.

124 4324 152 4376 p.
172 4311 224 4362 211
244 4325 286 4378 sq.
305 4307 505 4378 reprehensus.
541 4307 639 4360 Paullo
664 4315 730 4360 ante
753 4305 865 4390 legitur
886 4322 973 4375 capue
999 4306 1091 4361 animi
1116 4313 1158 4361 eet
1175 4308 1276 4360 uirtus.

125 4378 164 4429 Et
182 4379 216 4431 de
234 4380 323 4453 Legg.
344 4380 367 4431 1.
389 4383 431 4435 16.
451 4381 503 4433 44:
524 4394 590 4432 nam
607 4384 635 4431 et
651 4393 804 4432 communio
815 4375 1013 4451 ,intelligentia
1031 4385 1116 4432 notae
1133 4377 1213 4431 nobis
1229 4388 1278 4429 ree
1343 4413 1344 4416 ,

127 4445 223 4516 efficit,
249 4465 380 4519 eaeque
405 4452 438 4507 in
462 4449 569 4506 animis
593 4449 701 4507 nostrie
727 4448 882 4519 inchoarit,
909 4455 942 4507 ut
967 4448 1082 4507 boneeta
1109 4447 1144 4506 in
1172 4446 1278 4505 virtue
