2842 5070
451 325 466 334 ⁴·
562 308 694 374 monn
714 308 774 384 w,
805 308 858 410 12.
1041 352 1073 363 ..
1222 316 1285 384 su

129 481 213 543 haec
243 481 388 543 aliorum
419 474 461 539 ad
481 475 564 538 alios
596 474 732 536 morbos
764 473 962 557 proclivitas
994 474 1059 536 lats
1080 482 1187 557 pateis
1208 498 1285 542 nam

130 566 279 646 pertinet
300 562 341 624 ad
363 580 477 623 omnes
498 559 784 640 perturbationes:
804 558 840 616 in
862 558 976 620 multis
999 559 1099 618 etiam
1122 560 1215 621 vitiis
1228 582 1283 646 ap.
1300 576 1345 634 ῃ,

130 656 238 728 paret,
259 646 318 707 'sed
340 662 460 704 nomen
481 661 535 702 res
556 659 623 701 nou
644 639 759 701 habet:
782 659 864 723 ergo
880 648 914 701 et
929 639 1046 717 invidi,
1069 649 1103 701 et
1119 643 1285 724 malevoli,

131 739 165 791 et
186 728 292 806 lividi,
327 737 360 788 et
381 723 502 800 timidi,
536 731 570 785 et
591 721 836 803 misericordes,
866 723 943 803 quia
975 724 1142 804 proclives
1168 724 1210 786 ad
1231 746 1286 789 eas

129 812 412 894 perturbationes,
433 826 499 897 non
521 806 597 886 quia
619 823 749 888 semper
770 807 936 869 feruntur.
963 805 1058 868 Haeo
1078 807 1186 892 igitur
1206 811 1366 918 prompto.

94 1047 97 1057 ,
131 997 218 1064 [bien.
239 998 278 1049 11.
301 1001 323 1049 Ι.
340 982 408 1059 llil.
435 996 509 1048 Nam
528 992 639 1062 ἐρασταὶ
658 999 688 1043 et
706 989 827 1061 ἐρῶντες,
845 993 939 1066 magis
957 985 1102 1056 ornantes,
1115 998 1288 1052 referuntur
1335 992 1337 995 ’

133 1067 339 1136 adipvplrovc
359 1075 388 1121 et
408 1066 552 1136 ἐρωμένας.
590 1063 655 1124 Etsi,
674 1062 835 1132 Euripides
852 1061 1013 1136 Troadibus
1039 1067 1206 1141 generalius
1234 1087 1288 1139 po·
1352 1135 1353 1138 Ἴ

132 1141 191 1193 suit
209 1139 268 1192 hoo
283 1156 403 1192 nomen:
424 1141 475 1191 οὐκ
494 1133 541 1197 irr’
562 1130 685 1203 ἐραστὴς,
708 1135 779 1192 ὅςας
798 1131 848 1188 οὐκ
867 1136 911 1187 o’sl
931 1137 1020 1203 pelei:
1040 1153 1094 1190 nov
1113 1144 1152 1190 est
1165 1146 1286 1206 amator,

130 1227 227 1264 amare
246 1209 274 1262 si
291 1207 507 1279 qvis.desivit.“
527 1205 616 1269 [1044.
637 1206 679 1259 ed.
701 1203 981 1268 Matth.]„0vmervr.'
1003 1206 1125 1261 Confert
1138 1209 1285 1266 FAWolf.

99 1329 101 1334 .
129 1280 322 1353 Horatttpp.
343 1281 365 1332 Ι.
388 1284 410 1339 l.
432 1283 474 1346 38.
493 1275 563 1335 Add.
584 1276 744 1330 Porcellin.
766 1278 833 1328 Lex.
852 1295 880 1329 v.
901 1283 1024 1330 amator.
1061 1277 1208 1333 Scribitur
1226 1299 1286 1336 esse
1330 1296 1334 1302 ·

129 1356 281 1406 amatorem
308 1353 339 1404 in
364 1350 451 1403 Codd.
477 1352 548 1402 Ven.
569 1354 593 1402 l.
617 1347 707 1405 liehd.
733 1347 806 1399 Edd.
838 1356 905 1401 ante
938 1347 1023 1402 Grut.
1054 1352 1184 1421 exceptis
1208 1353 1284 1417 Vict.

131 1423 199 1480 Rob.
220 1422 320 1492 Steph.
341 1423 443 1477 llerw.
458 1421 546 1474 Leod.
584 1421 644 1472 Mr.
831 1434 835 1439 ’
935 1449 937 1453 ψ

199 1495 288 1564 Aliud
310 1493 478 1546 iracundum
496 1523 529 1533 -
549 1490 629 1543 aliud
653 1489 799 1555 ornantem]
837 1487 913 1542 Haec
938 1491 1035 1544 omnia
1059 1494 1287 1560 proferuntura
1365 1550 1374 1558 ,

129 1565 225 1619 Nonio
254 1567 285 1617 in
313 1564 476 1620 iracundus.
513 1561 642 1615 Vide-et
669 1560 808 1614 Senecam
835 1560 871 1614 de
902 1560 951 1613 Ira
973 1561 1025 1619 lib.
1051 1561 1074 1614 l.
1104 1581 1164 1632 cap.
1193 1569 1219 1621 4.
1253 1584 1287 1621 ao

95 1648 98 1653 ’
129 1637 155 1690 Ε
177 1640 224 1693 ist.
245 1638 288 1693 85.
324 1637 360 1689 D·
1043 1677 1052 1685 ,

156 1657 175 1708 P
201 1709 293 1776 Atque
316 1706 382 1760 baec
407 1709 526 1760 aliorum
554 1704 593 1757 vd
619 1703 691 1756 alios
707 1703 833 1770 morbos]
871 1701 939 1756 Cod.
958 1707 1034 1762 Mon.
1056 1709 1080 1759 1.
1105 1648 1192 1759 habet
1210 1708 1287 1775 Haec
1371 1725 1377 1735 ·

131 1787 212 1848 atque
230 1779 352 1830 aliorum
371 1809 402 1818 -
424 1777 571 1829 omittunt
588 1773 654 1827 boec
671 1792 745 1826 unus
764 1774 815 1827 Ox.
835 1781 863 1828 et
883 1774 956 1830 Gud.
967 1779 993 1830 2.
1013 1778 1089 1828 lllox.
1102 1776 1207 1833 Duisb.
1228 1779 1287 1834 lale

128 1848 301 1920 proclivitas
317 1855 400 1914 patet.
428 1847 500 1922 Aug.
519 1852 622 1915 pateat.
660 1845 741 1926 Unps
760 1845 809 1897 Ox.
831 1846 869 1898 vd
886 1846 1007 1899 omnis.
1027 1845 1124 1902 Duisb.
1145 1851 1175 1901 in
1192 1853 1288 1905 multis

132 1921 180 1973 ev‘v
206 1921 225 1974 i.
246 1937 269 1975 e.
296 1919 384 1972 enim.
420 1917 464 1971 Ad
488 1937 513 1970 v.
538 1918 585 1970 sed
614 1932 782 1969 numerares
801 1932 855 1968 non
881 1914 963 1969 babet
981 1916 1155 1972 Beroaldus:
1183 1923 1287 1990 utqui
1320 1921 1324 1927 '

114 1991 271 2060 proclivis
291 1996 333 2043 est
350 1990 382 2041 in
400 1990 498 2043 odium
516 1986 683 2040 hominum:
704 2004 841 2056 quaeres
860 2004 964 2057 nomen
983 1987 1132 2062 singulare
1155 2006 1215 2043 non
1233 1992 1287 2046 ha·
1334 2017 1340 2029 ¹

130 2062 211 2117 bet.“
247 2061 327 2114 Unus
352 2059 401 2116 Ox.
428 2060 592 2113 omittitis
616 2057 767 2111 maltis-
793 2074 840 2112 eas
862 2059 1095 2126 perturbationes,
1128 2060 1204 2114 alius
1230 2079 1286 2132 pro

129 2132 228 2186 multis
246 2131 333 2184 habet
351 2130 483 2184 omnibvs.
520 2131 581 2185 Mr.
773 2180 775 2185 ,
973 2178 976 2186 ,
1029 2185 1032 2189 ,
1060 2178 1063 2184 ,
1134 2181 1137 2185 ,
1276 2160 1280 2169 =

144 2238 147 2243 ·
200 2221 280 2297 Ergo
300 2227 331 2273 et
350 2219 449 2285 invidi,
469 2227 496 2272 et
509 2216 649 2281 oralevoli,
669 2225 699 2271 et
717 2216 858 2282 lividior
871 2218 975 2284 timidi,
995 2226 1021 2273 et
1031 2221 1230 2276 misericordes
1240 2222 1286 2290 -]

130 2293 259 2345 Primum
280 2299 306 2342 et
324 2294 465 2349 omittunt
483 2299 608 2360 quatuor
627 2288 696 2345 Oxx.
717 2289 792 2343 Gud.
812 2293 838 2347 2·
876 2290 1001 2344 Ursinus
1020 2293 1139 2345 tortium
1159 2301 1186 2346 el
1203 2295 1286 2349 addi»

130 2364 175 2417 dit
201 2382 236 2418 ex
262 2378 313 2415 suo
340 2363 407 2417 Cod.
435 2360 609 2414 Gebhardus
631 2360 667 2412 ad
682 2361 713 2411 11.
735 2360 755 2411 l.
793 2361 861 2426 „Et
878 2359 1080 2416 πολυσὺνδειον
1105 2364 1188 2418 effeci
1205 2365 1302 2420 hudo.
1347 2371 1350 2376 '

130 2436 272 2488 orationis
296 2440 423 2485 tractum
448 2449 483 2483 ex
500 2429 597 2496 MSS.,
626 2438 655 2484 et
671 2430 760 2483 verbo
777 2438 841 2483 svnt
860 2433 991 2485 indidem
1017 2433 1168 2487 decurtari
1192 2435 1287 2501 [vide-

130 2506 202 2558 licet
219 2510 285 2574 post
299 2501 547 2570 perturbationes]
583 2500 679 2576 Vulgo
697 2502 760 2555 fere
779 2502 947 2555 dobvdsta.“
986 2502 1135 2558 Nimirum
1154 2508 1286 2575 primum
1364 2499 1366 2503 ⁵

130 2583 157 2628 et
176 2578 317 2628 omittunt
332 2574 405 2629 Edd.
422 2580 488 2627 ante
508 2571 610 2637 Geth,
629 2571 750 2624 tertium
763 2571 895 2636 eaedem,
913 2575 1041 2643 exceptis
1058 2573 1085 2627 S.
1105 2575 1141 2628 Ε.
1160 2577 1284 2633 HW0ll.
1355 2596 1356 2600 ¹

130 2646 199 2700 God.
225 2645 323 2698 Dnisb.
354 2644 441 2699 habet
458 2645 539 2711 Ergo
564 2644 730 2696 dicuntur
747 2642 848 2709 invidi,
874 2645 948 2699 Mon.
970 2650 993 2700 l.
1019 2657 1089 2712 ergo
1115 2647 1284 2702 dicuntur

127 2724 160 2775 et
178 2717 280 2772 invidi.
316 2717 376 2769 Mr.
1115 2755 1118 2760 -

200 2789 266 2858 priv
286 2787 427 2855 proclives
451 2786 490 2839 vd
512 2802 560 2839 ecs
582 2786 812 2854 perturbationes,
839 2802 892 2839 nvn
916 2785 983 2854 quia
1006 2803 1110 2856 semper
1133 2790 1283 2857 ferreolum]

129 2861 284 2926 „Verbum
303 2865 376 2923 svnt,
397 2859 472 2925 quod
491 2865 534 2911 est
552 2858 584 2909 in
602 2856 686 2908 libris
704 2857 842 2930 vulgatis,
870 2856 962 2914 nullis
982 2858 1014 2911 in
1033 2860 1181 2914 veteribus
1199 2878 1285 2932 repe·
1389 2909 1395 2912 .

130 2930 239 2985 ritur.“
258 2929 353 2984 bamb.
390 2930 444 2979 Pro
463 2944 512 2980 eos
528 2945 603 2979 unus
622 2927 671 2979 Ox.
692 2930 775 2980 alias.
813 2927 941 2980 Verbum
960 2936 1023 2983 svnt
1046 2939 1113 2999 post
1134 2935 1285 2996 perturbo·

128 3003 220 3055 tiones
237 3016 294 3052 non
313 2999 390 3052 abest
409 2999 441 3049 ab
462 2997 594 3059 omnibus
616 2995 702 3050 Codd.
724 2992 899 3052 sed‘babent
916 2997 947 3051 id
964 3000 1047 3053 Vind.
1070 3007 1094 3055 1.
1114 3004 1190 3055 Mon.
1213 3009 1236 3059 l.
1257 3008 1283 3060 2.

129 3081 160 3124 et
178 3079 221 3124 est
239 3071 270 3121 in
289 3067 360 3122 Edd.
381 3069 410 3120 P.
431 3067 464 3118 A.
490 3067 520 3122 B.
541 3065 568 3118 S.
588 3067 622 3119 Ε.
645 3068 675 3120 O.
701 3069 783 3120 Brut.
809 3067 874 3130 [nee
901 3087 972 3122 vero
996 3072 1028 3123 in
1055 3070 1123 3124 cod.
1151 3073 1283 3142 Grypb]
1385 3120 1386 3123 ,

127 3144 199 3194 Ven.
220 3147 309 3192 nostr.
328 3140 393 3192 Asc.
414 3144 437 3193 1.
459 3141 483 3192 2.
506 3137 569 3190 Car.
589 3134 688 3207 Steph.
708 3139 794 3192 Leod.
813 3138 894 3191 Boul.
916 3140 995 3210 Sylb'.
1032 3141 1089 3196 Sed
1106 3145 1213 3196 merito
1232 3145 1283 3197 ab·

125 3212 198 3266 iecit
214 3211 312 3264 Lamb.
349 3211 409 3262 Mr·
673 3239 677 3246 ·

199 3284 271 3339 Quia
298 3279 447 3353 proclive]
484 3277 533 3331 Sio
556 3286 636 3333 recte
662 3279 705 3332 Cl.
731 3278 889 3336 Bentleius.
926 3280 962 3334 ln
987 3280 1141 3337 codicibus
1170 3284 1281 3352 procli-

125 3369 179 3408 oes.
216 3354 254 3406 D.
540 3355 541 3360 ’
1274 3404 1278 3412 ,

200 3424 267 3495 puio
290 3424 472 3494 proclives
498 3451 530 3460 -
556 3420 703 3487 feruntur]
739 3423 866 3475 Restitui
894 3440 961 3476 cum
987 3422 1112 3493 reliquis
1132 3428 1280 3494 proclives,

128 3495 205 3567 quod
228 3514 280 3551 eur
302 3497 404 3551 invitis
431 3494 518 3546 libris
545 3491 614 3544 Dav.
644 3501 763 3546 auctore
786 3492 918 3546 Bentleio
946 3496 979 3563 in
1000 3495 1126 3563 proclive
1144 3494 1281 3564 mutaret,

127 3567 241 3621 nullam
260 3577 321 3622 esse
340 3585 452 3620 eausam
473 3563 603 3617 idoneam
623 3562 680 3617 iam
697 3563 788 3620 Bouh.
809 3564 891 3618 vidit.
930 3563 976 3617 Tu
994 3568 1097 3619 confer
1113 3584 1192 3620 nune
1210 3570 1280 3622 infr.
1319 3560 1324 3569 ¹

127 3640 174 3691 lv.
200 3640 242 3692 18.
265 3639 308 3692 42.
340 3645 413 3689 extr.
443 3635 511 3706 ibiq.
533 3635 664 3690 Gronov.
691 3634 721 3688 'e't
744 3635 794 3687 ell.
824 3636 964 3705 interprr.
986 3634 1124 3690 Ochsner.
1154 3639 1189 3692 ad
1217 3638 1280 3692 Cic.

126 3707 250 3780 Eclogg.
271 3724 300 3776 p.
320 3708 363 3761 65.
386 3708 427 3759 ecl.
447 3710 473 3761 3.
495 3708 635 3760 Goerenz.
655 3705 692 3758 ad
711 3706 770 3759 Cic.
791 3707 826 3758 de
844 3705 975 3759 Fiunt.
995 3710 1040 3762 28.
1060 3709 1103 3763 84.
1123 3726 1153 3778 p·
1174 3712 1226 3767 635
1237 3728 1279 3780 sq.

87 3805 92 3811 =
126 3781 247 3833 Gesner.
267 3778 300 3829 in
317 3775 455 3842 Thesaur.
476 3778 507 3828 L.
528 3778 560 3829 1..
587 3796 613 3829 v.
631 3776 765 3845 proclive.
802 3777 864 3830 Mr.
1184 3790 1190 3799 ·

125 3866 1071 4005 ...lixittltttttlttttl..ltbobtertull.
1086 3876 1281 3998 ‘iiiiii
1370 3984 1379 4003 ,

125 4008 255 4066 cedentis
274 4006 383 4077 syllaba
401 4007 557 4075 posteriori
570 4007 663 4074 serbo
682 4009 819 4063 adhaesit.
856 4010 988 4063 Priorem
1003 4010 1161 4065 lectionem
1180 4015 1281 4083 reperi
1351 4031 1360 4044 ‘⁴

125 4084 158 4135 in
175 4096 234 4134 uno
254 4077 304 4131 Ox.
326 4084 355 4130 et
375 4077 441 4130 eod.
460 4079 537 4129 Mon.
556 4076 587 4130 22
600 4075 671 4129 Edd.
692 4080 720 4130 P.
742 4079 773 4130 A.
793 4080 824 4131 B.
845 4079 925 4133 Junt.
945 4078 971 4131 S.
990 4081 1025 4134 Ε.
1047 4080 1077 4133 C.
1097 4085 1167 4136 Ven.
1184 4094 1279 4140 nostr.
1307 4104 1309 4115 ·

124 4154 189 4206 Asc.
211 4157 236 4208 1.
254 4154 280 4205 2.
309 4149 343 4202 ln
361 4166 439 4219 seqq.
462 4146 528 4200 Ood.
550 4149 625 4198 Mon.
647 4153 672 4202 l.
693 4147 812 4203 exhibet
836 4149 873 4200 in
897 4150 1121 4217 similitudinem,
1147 4154 1230 4206 vind.
1252 4161 1277 4210 l.
1352 4156 1355 4175 '¹

123 4225 214 4278 Rehd.
239 4240 314 4274 unus
334 4220 383 4272 Ox.
411 4227 439 4273 et
457 4217 510 4271 Ed.
535 4219 565 4268 P.
594 4218 638 4270 vd
666 4217 889 4272 similitudinem.
928 4222 1142 4292 Praepositione
1170 4226 1279 4278 abiecta

124 4296 231 4349 habent
249 4292 433 4346 similitudine
453 4288 525 4340 Edd.
545 4289 578 4340 A.
597 4288 628 4339 B.
648 4287 729 4341 SJE.
750 4292 820 4346 Ven.
840 4299 930 4345 nostr.
950 4292 1013 4345 Asc.
1025 4297 1083 4350 1.2.
1104 4298 1185 4348 Junt.
1216 4296 1276 4349 Mr.

195 4365 362 4432 Aegrotatio
389 4359 518 4426 dicatur]
542 4358 650 4445 vVulgo
677 4360 799 4426 elicitum
824 4361 900 4433 quod
927 4358 1038 4434 optimo
1067 4367 1133 4420 iure
1151 4364 1277 4419 mutavit

124 4436 203 4491 idem
220 4438 269 4490 vir
287 4452 426 4490 summus.
462 4430 499 4503 D
578 4486 583 4493 ,
630 4465 633 4471 ·

152 4570 232 4619 Ciciro
247 4573 312 4619 Tute.
324 4574 394 4631 Ditp.
408 4573 443 4617 ed.
458 4572 543 4618 Moser.
561 4568 586 4614 T.
601 4569 636 4612 11.
711 4559 715 4564 ”
760 4574 781 4653 <¹
997 4540 1036 4612 Ἡ
