2842 5070
192 305 238 381 ,64
391 301 618 369 CICERONIS
639 300 889 371 TUSCULAN.
909 301 1141 369 DISPUTAT.

262 500 264 504 ·
360 465 512 565 'Quisnam
532 472 642 552 florem
662 467 794 534 liberum
813 465 934 533 invidit
953 465 1069 532 maim?

195 653 352 707 utebantur
367 657 456 710 verbo
474 655 584 722 eodem,
602 659 754 726 (11111111,
772 661 806 706 nt
824 653 848 704 si
890 654 1023 706 idearent
1041 651 1133 706 obluta
1151 651 1255 705 occido.
1292 654 1347 705 ba·

197 724 267 776 11111
285 724 356 777 item
373 726 432 780 suit
450 728 594 796 frequens.
631 727 679 780 Sic
697 724 827 780 Catullus
871 725 947 798 pigr.
966 725 1005 781 V.
1028 739 1062 775 ne
1090 720 1155 790 quie
1172 727 1264 776 malua
1287 722 1301 776 i
1306 739 1348 776 n-

197 793 321 848 cidere
340 796 433 863 possit
456 797 476 849 i.
497 815 520 850 1.
541 797 693 850 fascinare:
721 795 853 865 proximo
880 795 952 846 item
969 793 1042 844 Attii
1072 809 1158 845 versu
1182 792 1286 847 inuidit
1305 801 1348 847 cst

195 863 217 915 i.
238 882 266 933 q.
285 866 447 932 fascinavit,
466 876 500 920 ut
518 876 598 920 recte
617 865 766 920 intellexit
787 863 918 917 Sanctius
936 863 1057 916 Minerv.
1077 863 1129 916 111.
1149 865 1175 918 3.
1213 863 1268 917 Sed
1285 864 1349 916 lon-

197 933 280 1010 giore
307 951 378 1005 opus
405 953 464 990 esse
488 938 642 990 credebant
660 937 771 1000 obtutu,
799 935 823 986 si
850 935 913 1003 quis
938 932 1100 986 fascinando
1123 948 1227 986 nocere
1245 934 1347 1001 vellet,

198 1005 275 1074 quod
292 1004 376 1058 docet
393 1006 503 1074 Plinius
522 1008 596 1059 11111.
616 1008 682 1060 Ν11.
696 1006 759 1058 Vll.
771 1007 801 1059 2:
821 1005 891 1057 Eece
909 1007 939 1058 in
960 1003 1095 1056 Triballis
1113 1007 1140 1055 et
1156 1003 1278 1072 Illyriis,
1298 1003 1349 1126 pai

197 1074 262 1128 aiau
281 1087 385 1143 quoque
403 1077 564 1142 effascinent
584 1077 811 1144 interimuntque,
838 1090 904 1142 quoa
922 1074 1029 1128 diallut'
1046 1073 1218 1126 intueantur.
1256 1072 1300 1126 lla
1319 1091 1348 1127 es

198 1144 422 1215 explicationem
440 1148 522 1200 verbi
540 1147 676 1212 incidere,
703 1162 735 1198 eo
753 1145 845 1219 magis
863 1144 1049 1215 probabilem,
1076 1144 1151 1213 quod
1174 1144 1348 1214 praepositio

198 1212 230 1266 t'n
254 1215 286 1266 in
311 1217 407 1268 verbis
431 1217 518 1270 habet
543 1217 668 1292 augendi
692 1215 786 1269 vim.“
812 1213 989 1269 Bouhieriut.
1031 1215 1118 1268 Recte
1142 1213 1203 1267 1111.
1245 1216 1348 1284 Neque

197 1285 331 1355 probavit
353 1286 479 1340 Bentleii
507 1288 703 1340 coniecturam
730 1284 908 1340 FAWolfius
935 1286 966 1338 in
984 1285 1100 1337 scholis.
1137 1286 1191 1338 Pro
1216 1286 1348 1341 intuendo

197 1372 272 1408 unus
291 1357 341 1409 Ox.
361 1358 436 1410 male
454 1357 578 1411 videndo.
615 1359 669 1410 Pro
697 1371 715 1408 α
733 1355 818 1408 nimie
837 1354 902 1408 ond.
922 1355 995 1430 Aug.
1016 1354 1127 1408 animis.
1154 1355 1238 1420 Gud,
1272 1365 1349 1426 post-

199 1443 285 1496 quam
303 1434 382 1480 recte
400 1443 419 1480 a
436 1427 523 1480 nimis
541 1427 629 1494 dedit,
648 1427 727 1480 addit
744 1430 800 1491 aie,
820 1426 896 1496 quod
914 1435 955 1478 est
973 1426 1173 1497 compendium
1191 1426 1269 1478 vocis
1287 1426 1349 1478 ani-

198 1496 270 1550 mia:
299 1513 356 1566 quo
374 1499 449 1551 facto
473 1506 553 1552 recta
572 1507 600 1552 et
627 1495 822 1598 praeelectio
842 1496 921 1548 iuxta
939 1497 1046 1566 positae
1065 1497 1096 1549 in
1115 1504 1251 1549 contextu
1263 1513 1348 1551 com·

195 1573 307 1638 parent.
344 1568 405 1622 Mr.

269 1653 448 1724 Menalippa]
474 1657 606 1730 „Legere
623 1657 725 1710 malim
733 1653 907 1723 Menalippa.
936 1655 989 1708 Est
1007 1655 1085 1708 enim
1103 1655 1214 1709 fabulae
1232 1672 1347 1723 nomen,

200 1721 320 1781 ductum
337 1742 354 1778 1
371 1725 542 1796 Menalippa,
566 1727 600 1780 de
620 1745 676 1796 qua
693 1728 725 1778 in
741 1726 867 1778 vinculis
886 1726 1014 1779 coniecta
1037 1742 1069 1777 ac
1087 1727 1283 1795 Metapontum
1300 1727 1348 1779 de·

198 1803 312 1866 portata
330 1803 359 1848 et
376 1796 437 1849 eius
454 1805 531 1860 nato,
549 1797 664 1849 nomine
682 1797 770 1849 Booto
788 1795 880 1847 multa
897 1795 1077 1848 fabulantur.
1104 1796 1181 1864 quod
1198 1805 1228 1849 et
1247 1796 1348 1850 Strabo

198 1873 339 1919 memorat
356 1866 388 1918 in
405 1875 484 1919 sexto
504 1866 712 1941 Geographiae.
749 1865 791 1918 De
817 1865 871 1918 hac
898 1865 973 1917 dixit
996 1867 1080 1935 polita
1096 1864 1194 1918 Asius:
1227 1867 1348 1919 Beatam

198 1934 325 2005 speciosa
342 1935 510 2005 Menalippa
528 1936 557 1990 in
575 1937 632 1990 Dei
649 1935 734 2004 regia
750 1935 869 2002 peperit.
889 1938 925 1988 M.
945 1937 1036 1987 Varro
1061 1936 1093 1987 in
1113 1936 1235 1990 secundo
1263 1937 1298 1989 de
1316 1954 1348 1990 re

199 2006 307 2061 rustica
324 1997 376 2070 ait,
394 2007 495 2064 bovem
514 2025 638 2060 servasse
657 2007 733 2059 filios
751 2004 881 2074 Neptuni
900 2022 914 2057 e
933 2005 1104 2076 Menalippa,
1129 2023 1165 2059 ne
1188 2007 1220 2058 in
1238 2006 1348 2060 stabulo

128 2124 130 2127 .
198 2075 323 2130 1111111111
340 2093 414 2150 grex
431 2077 688 2131 boum'obtereret.
714 2076 756 2128 De
774 2074 829 2127 hac
847 2074 1018 2144 Menalippa,
1037 2077 1118 2128 cuius
1136 2077 1252 2129 nornine
1272 2093 1348 2131 com·

199 2148 309 2217 positae
327 2154 393 2198 sunt
410 2145 531 2211 fabulae,
560 2147 708 2200 intellexit
732 2146 884 2210 Iuvenalis,
908 2163 974 2197 cum
992 2146 1057 2209 aits
1080 2146 1180 2215 Syrma
1206 2149 1250 2201 uel
1264 2147 1348 2210 Ante

200 2232 356 2285 gemaeru
379 2232 532 2284 paeonum
549 2218 736 2285 Menalippes,
774 2215 843 2267 Fuit
869 2215 960 2267 altera
985 2214 1152 2286 Menalippa·
1173 2216 1349 2271 Arnaecnum

198 2287 309 2361 regina,
329 2303 414 2356 quam
430 2287 504 2339 vicit
521 2288 661 2340 Hercules
681 2287 765 2356 eique
784 2285 876 2337 ablato
893 2285 988 2338 balteo
1007 2286 1127 2338 salutem
1146 2286 1242 2353 dedit,
1268 2289 1349 2342 cuius

198 2355 338 2409 Diodorus
357 2365 387 2408 et
404 2355 516 2432 Trogus
533 2359 738 2410 meminerunt.
774 2355 953 2425 Menalippus
970 2364 1066 2408 autem
1085 2356 1137 2409 ille
1146 2357 1240 2428 Tydei
1258 2358 1349 2412 inter·

198 2427 294 2479 lector
311 2433 394 2478 notus
413 2435 465 2492 est,
491 2427 540 2479 cui
565 2437 651 2499 caput
676 2435 742 2479 ante
761 2425 871 2478 obitum
895 2426 1018 2479 corrosit
1035 2426 1150 2495 Tydeus
1169 2428 1261 2482 rabie:
1298 2429 1348 2498 qui

120 2531 123 2535 -
198 2495 273 2578 apud
291 2494 414 2548 Statium
431 2496 473 2548 ita
490 2498 680 2551 vociferatur:
710 2497 800 2563 Capul
819 2495 843 2548 0
862 2493 933 2548 mibi
956 2495 984 2548 ei
1007 2495 1070 2564 quie
1088 2497 1223 2566 Apporlel
1246 2499 1348 2553 Mena·

198 2564 274 2634 ltppe
292 2572 377 2619 luam.
414 2565 471 2619 Sed
492 2584 550 2621 non
571 2568 621 2620 hic
643 2568 728 2636 plane
752 2567 856 2640 dignus
879 2566 996 2618 videtur
1013 2567 1094 2618 euius
1118 2569 1235 2620 nomine
1253 2570 1349 2623 fabula

198 2636 383 2690 scriberetur.
419 2637 490 2691 Fuit
513 2638 588 2690 alter
611 2637 799 2758 Menalippus,
823 2634 917 2704 Tydei
941 2637 1046 2690 fratert
1080 2655 1166 2705 quem
1183 2639 1299 2707 Tydeus
1317 2641 1357 2692 in'

197 2713 305 2760 venatu
331 2708 427 2760 fertur
433 2708 615 2829 ¹'peremisse
645 2707 679 2759 ob
703 2707 714 2758 i
735 2723 790 2775 que
809 2705 1005 2757 fratricidium
1030 2707 1167 2772 exulasse.
1203 2709 1300 2782 Igitur
1317 2711 1348 2762 in

197 2777 360 2847 Menalippa
386 2777 432 2829 fab
465 2795 481 2829 a
504 2795 606 2852 graeca
631 2785 693 2829 erat
719 2777 770 2828 hic
792 2792 899 2838 versus,
928 2792 1016 2845 quem
1037 2774 1073 2826 vin
1099 2778 1235 2830 Latinum
1256 2781 1348 2832 vertit

199 2846 303 2899 Accius
325 2855 408 2916 poeta
434 2850 574 2921 tragicus:
610 2846 742 2902 Quisnam
764 2845 862 2908 liorem
886 2843 1004 2900 liberum
1025 2845 1130 2899 invidit
1152 2846 1251 2900 meum.
1288 2850 1352 2916 Quo,

197 2933 293 2984 versu,
312 2925 345 2969 ut
363 2917 567 2971 coniectatorie
585 2916 721 2986 suspicari
741 2916 898 2985 possumus,
917 2915 1079 2984 Menalippa
1098 2917 1286 2970 inducebatur
1303 2938 1349 2972 ae-

199 3003 321 3040 111111111-
331 3005 393 3040 suas
412 2987 522 3042 eiulans
541 2987 615 3039 etde
634 2986 763 3038 filiorum
781 2993 857 3038 sorte
875 3001 1062 3054 conquerens,
1083 2988 1133 3055 qui
1147 3005 1235 3057 paene
1247 2989 1348 3043 obtriti

163 3075 169 3088 *
199 3057 316 3110 suntin
338 3057 447 3110 stabulo
471 3075 488 3108 a
508 3057 593 3109 boum
612 3073 710 3131 grege.
751 3055 855 3109 Sensus
873 3056 914 3106 sic
933 3054 1082 3108 ordinatur
1100 3074 1135 3109 ex
1153 3075 1273 3128 persona
1291 3062 1349 3114 Mc·

156 3166 163 3172 1
198 3127 328 3198 nalippes
352 3145 407 3198 per
433 3127 690 3200 interrogationem
715 3125 1022 3196 conquestionemque:
1055 3127 1252 3246 ‘pultinvfflst
1282 3129 1348 3183 flori

199 3196 329 3251 filiorum
346 3201 495 3250 meorum?
513 3195 602 3250 meilm
621 3196 699 3250 enim
715 3193 833 3249 liberbm
851 3212 903 3265 pro
921 3212 1043 3249 meorum
1073 3195 1213 3251 iberorum
1230 3199 1348 3270 antiqua

198 3264 343 3322 locutione
370 3267 481 3319 dictum
507 3270 618 3337 accipe:
651 3266 726 3318 sicut
750 3264 859 3320 inuidit
890 3266 986 3328 florem
1013 3264 1140 3336 scriptor
1169 3286 1184 3321 e
1206 3278 1348 3324 uetustate

200 3338 352 3392 coniunxit
369 3355 435 3390 curn
453 3339 613 3391 accusativo
632 3336 739 3406 potius,
758 3353 843 3406 quam
862 3335 1048 3403 cumdativo:
1068 3338 1143 3409 quod
1161 3341 1269 3393 rectius
1288 3358 1348 3395 esse

198 3408 288 3463 sentit
297 3408 407 3461 Cicero.
427 3425 493 3458 nam
503 3407 578 3459 sicut
595 3406 687 3460 011111
703 3423 769 3459 cum
786 3423 879 3459 accus.
898 3407 1040 3480 iungitur,
1061 3406 1101 3459 ita
1118 3408 1253 3476 iaoidm,
1273 3411 1350 3480 quod

199 3478 280 3532 uelde
297 3476 391 3530 videre
409 3476 562 3560 significat,
589 3478 660 3531 scite
683 3494 749 3529 cum
773 3476 871 3528 eodem
896 3493 961 3528 casu
985 3476 1146 3546 copulatur.
1189 3479 1349 3535 Subscribit

198 3547 270 3600 huic
291 3548 336 3601 rei
355 3545 565 3612 Quintilianus:
586 3547 636 3615 qui
654 3556 735 3600 notat
752 3555 864 3600 veteres
883 3545 987 3598 dixisse
1005 3545 1134 3602 incidere
1152 3547 1221 3604 lunc
1239 3567 1299 3603 rem
1312 3560 1349 3605 'et

199 3617 316 3673 adulari
343 3614 422 3669 bunc.
461 3615 632 3682 Quintiliani
655 3618 742 3669 verba
769 3634 805 3669 ex
829 3615 879 3667 lib.
908 3619 933 3673 9.
963 3615 1021 3683 [3.]
1047 3617 1163 3685 subieci,
1191 3637 1262 3689 quae
1274 3626 1349 3675 sunt

117 3700 120 3704 ’
198 3688 283 3742 haec:
302 3687 394 3740 Huic
411 3686 467 3738 rei
483 3686 497 3738 i
503 3687 560 3739 noi
565 3689 649 3740 dere
667 3703 722 3741 nou
740 3693 771 3740 ul
789 3692 895 3739 veteres
911 3702 1015 3754 amaea,
1034 3687 1173 3745 etct'cero
1188 3693 1347 3760 praecipue,

198 3756 285 3811 banc
302 3774 392 3821 reae,
412 3765 441 3808 et
459 3756 663 3811 incumbere
680 3755 760 3821 illi,
785 3773 838 3810 nare
856 3756 891 3808 in
909 3755 1026 3822 illum,
1055 3764 1082 3811 et
1103 3761 1244 3828 plenum
1267 3762 1349 3816 uiuo

133 3828 142 3849 ''
199 3844 254 3882 uon
271 3826 365 3890 riui,
391 3831 418 3878 el
442 3824 519 3880 baie
536 3825 697 3895 arabunt
723 3825 871 3880 adulari
888 3826 944 3878 iem
961 3826 1083 3881 dicitur.-
1103 3839 1132 3882 et
1151 3831 1242 3883 multa
1260 3831 1349 3884 alia.“

198 3897 368 3951 Beroaldus.
405 3897 591 3967 „Menalippa
608 3897 715 3950 habent
737 3897 807 3963 libri
831 3894 909 3949 MSS.
930 3913 1035 3950 omnes.
1073 3896 1147 3951 Sunt
1164 3907 1268 3967 tarnen,
1281 3912 1283 3917 '
1297 3903 1354 3974 qui
1379 3943 1389 3950 .

199 3968 294 4021 velint
311 3966 487 4036 Melanippo,
505 3969 539 4021 ad
556 3971 680 4021 formam
697 3966 822 4019 nominis
840 3967 947 4040 graeci,
971 3969 1046 4022 unde
1074 3977 1221 4039 sumptum
1239 3982 1281 4026 est
1298 3991 1350 4027 no-

195 4042 275 4093 men.
313 4037 368 4090 Sed
394 4037 475 4090 illam
499 4039 687 4109 scriptionem
709 4054 776 4089 cum
799 4036 922 4090 habeant
947 4054 1044 4092 omnes
1068 4041 1223 4108 scriptores
1240 4044 1349 4110 Latini,

200 4109 253 4179 qui
270 4107 300 4160 id
318 4123 422 4174 nomen
440 4109 472 4160 in
489 4109 555 4161 suis
569 4107 651 4160 libris
676 4116 843 4177 posuerunt,
868 4107 935 4174 (vid.
955 4108 1038 4166 modo
1060 4108 1210 4165 Muncker.
1235 4113 1271 4166 ad
1288 4114 1350 4184 Hy-

222 4179 261 4231 in.
281 4178 346 4231 Fab.
368 4182 426 4234 186.
448 4177 493 4248 [p.
514 4181 574 4234 308.
600 4177 642 4231 ed.
661 4195 718 4230 van
736 4176 900 4244 staveren]
927 4180 1033 4231 Justin.
1053 4181 1091 4233 Π.
1111 4185 1137 4236 1.
1175 4183 1292 4236 Festum
1320 4193 1350 4238 et

200 4196 330 4303 ionium
353 4248 533 4314 Marcellum,
567 4248 617 4317 qui
641 4265 722 4331 saepe
746 4248 864 4301 laudant
887 4250 1047 4335 tragoedias
1065 4251 1166 4319 Ennii,
1190 4253 1274 4306 Accii
1293 4263 1347 4308 etc.

200 4318 257 4374 hoc
274 4319 391 4374 nomine
418 4318 597 4389 inscriptas,)
623 4319 760 4389 suspicari
783 4319 855 4372 licet
878 4319 996 4372 Latinos
1022 4325 1144 4375 mutasse
1162 4324 1350 4394 scriptionem

173 4409 183 4425 ·
202 4391 337 4458 nominis,
355 4401 388 4447 ut
406 4390 509 4447 bardua
522 4389 704 4458 ¹scripserunt
722 4406 775 4460 pro
793 4387 906 4460 βραδύς,
926 4399 954 4442 11
972 4391 1121 4462 complura
1133 4393 1189 4447 alia
1201 4395 1348 4450 vocabula.
