2842 5070
195 309 238 376 68
263 307 265 314 ’
392 307 621 374 CICERONIS
643 307 894 374 Tuscuuabt.
917 306 1147 375 DISPUTAT.

196 482 258 560 q'ue
280 479 425 555 fortuna,
447 474 504 536 sed
526 477 679 576 ignarum
702 475 978 558 quemadmodum
999 476 1099 538 rebus
1121 473 1274 537 secundis
1296 476 1348 538 uti

196 561 401 622 conveniret.
425 600 428 608 -
452 557 554 640 Atqui
589 557 883 640 quemadmodum·
901 557 1137 618 misericordia
1170 557 1346 642 aegritudo

195 651 245 703 est
266 661 309 701 er
332 642 468 702 alterius
498 641 599 702 rebus
620 639 785 719 adversis:
814 642 864 700 sio
883 638 1069 700 invidentia
1090 638 1282 724 aegritudo
1300 649 1350 703 est

193 743 234 786 ex
257 725 395 784 alterius
416 722 518 783 rebus
540 721 703 785 secundis.
745 723 784 783 Iri
812 741 907 803 quem
935 725 1043 808 igitur
1073 721 1163 782 cadit
1183 724 1349 801 misereri,

191 808 226 866 in
248 806 388 868 eundem
404 806 514 881 ‘etiam
543 803 728 868 invidere.;
759 804 837 866 Nou
870 803 961 864 eadit
992 813 1104 864 autem
1131 803 1285 866 invidere
1313 806 1349 866 in

109 891 395 996 ra1⁹⁵eepientemx
419 902 564 972 ergone
587 888 741 954 misereri
762 885 919 972 quidem.
949 885 1047 965 Quod
1067 887 1097 947 si
1123 905 1224 972 aegre
1256 889 1349 948 ferre

195 1039 241 1093 de'
256 1037 383 1093 alteriue.
408 1037 481 1113 Aug.
510 1054 545 1091 ex
570 1039 652 1090 redae
682 1038 802 1090 alterius
827 1035 964 1089 aduersis.
1002 1036 1036 1088 In
1062 1037 1159 1088 Marb:
1178 1037 1349 1091 exciderunt

165 1141 166 1145 =
192 1111 279 1163 verba
298 1109 440 1162 adversis.-
458 1109 501 1162 sie
519 1108 575 1160 ino.
588 1113 709 1176 agr-eet
720 1114 762 1160 'ex
780 1107 827 1159 alt.
850 1107 945 1159 redae:
965 1107 1115 1160 aberrante
1128 1109 1242 1161 librarii
1253 1110 1346 1162 oculo.

195 1177 365 1235 Cod.‘Vind.
387 1186 410 1235 l.
432 1180 600 1233 exhibet-ex
617 1180 700 1232 rebus
713 1179 842 1231 alteriue
859 1178 996 1230 secundis.
1018 1178 1097 1230 Gud..
1111 1181 1136 1231 2.
1160 1179 1247 1237 habet
1274 1179 1348 1232 1001-

195 1251 291 1306 dantia
310 1251 391 1318 egri
410 1267 447 1303 ex
466 1250 590 1304 alteriue.
628 1253 695 1302 Mox-
712 1251 798 1301 Marb.
819 1248 914 1316 igitar
933 1250 1041 1300 cadet.
1061 1249 1145 1304 Vind.
1167 1254 1190 1303 l.
1215 1249 1345 1303 ineam.

194 1324 257 1374 Duo
276 1323 347 1375 Oxx.
367 1322 398 1373 ire
418 1323 532 1374 eandem
550 1321 615 1374 aad
621 1321 632 1372 i
638 1327 651 1372 t
669 1319 806 1382 inuidere,
826 1328 859 1370 ut
878 1318 1120 1388 caditrepetatur
1138 1322 1347 1386 eodemmodo,

196 1408 252 1462 quo
271 1392 457 1462 supra-dolet.
496 1392 574 1457 Quod
597 1391 714 1443 videtur
738 1389 912 1442 correctoris
929 1389 1008 1440 hunc
1026 1390 1124 1441 locum
1150 1391 1207 1455 illi,
1225 1393 1349 1466 elegan-

195 1464 252 1516 tiae
271 1463 384 1515 seilicet
402 1463 576 1514 adiuvandae
602 1479 693 1526 causa,
718 1460 964 1512 accommodaretis.
1002 1462 1067 1512 Post
1095 1476 1148 1514 non
1174 1462 1252 1516 cadit
1277 1481 1349 1516 unus

196 1536 246 1588 Ox.
267 1532 376 1586 omittit
395 1539 494 1586 autem.
532 1534 592 1585 Mr.
930 1570 932 1574 >

266 1620 335 1671 ergo
355 1619 388 1655 ne
407 1602 536 1656 misereri
554 1602 684 1670 quidem]
722 1602 770 1654 Sic
790 1610 819 1653 et
836 1600 959 1670 plurimi
977 1600 1047 1652 libri
1067 1610 1095 1653 et
1114 1602 1226 1671 optimi.
1260 1603 1350 1657 Habet

195 1672 293 1727 tamen
310 1674 394 1724 Vind.
417 1679 440 1728 l.
462 1690 530 1741 ergo
554 1689 613 1725 nec
636 1671 775 1741 misereri,
802 1672 903 1723 omisso
922 1669 1038 1739 quidem.
1077 1674 1138 1724 Nec
1161 1672 1264 1725 desunt
1280 1673 1349 1737 loci,

198 1746 301 1815 quibus
320 1760 370 1796 aec
387 1744 507 1814 ponitur
524 1743 779 1813 prone-quidemr
811 1742 892 1793 cuius
910 1760 976 1792 usus
1002 1744 1133 1812 exempla
1150 1743 1219 1795 'vide
1238 1743 1350 1796 laudata

102 1873 108 1880 ‚
197 1815 393 1868 aGoerenzio
421 1815 452 1878 iu
470 1814 569 1866 Indice
596 1814 630 1866 ad
649 1814 709 1865 Gie.
730 1814 763 1865 de
791 1813 875 1864 Finn.
896 1830 924 1881 p.
944 1815 1005 1867 678.
1026 1814 1099 1865 Gud.
1118 1817 1144 1869 2.
1178 1812 1350 1870 ‘omitte'taer

31 1950 33 1958 .
102 1890 106 1905 ²
198 1886 336 1938 scribitur
353 1901 423 1954 aec*-
432 1884 543 1954 quidem
561 1884 593 1934 in
610 1899 668 1935 uno
687 1884 738 1936 Ox.
759 1893 788 1935 et
814 1882 905 1937 Rahd.
941 1883 983 1935 De
1002 1901 1057 1951 qua
1075 1883 1201 1935 formula
1223 1887 1281 1936 vid.
1302 1902 1351 1937 nos

198 1957 233 2008 ad
251 1956 311 2008 Cic.
331 1956 365 2008 de
384 1956 449 2007 Div.
463 1957 492 2008 ’1.
512 1959 538 2010 9.
558 1965 593 2024 μ’
607 1957 651 2009 42.
680 1956 703 2005 Ι.
723 1956 767 2008 35.
792 1971 822 2022 p·
845 1955 903 2008 175.
930 1954 952 2004 Ι.
979 1956 1022 2007 50.
1050 1972 1078 2022 p.
1099 1957 1165 2009 248:
1185 1955 1219 2007 ad
1237 1953 1297 2008 cie.
1318 1957 1355 2009 de

197 2029 234 2079 N.
255 2027 288 2077 D.
308 2028 360 2079 111.
382 2029 424 2081 26.
445 2029 488 2080 68.
508 2041 538 2095 Ρ.
556 2024 680 2080 maed.
700 2025 769 2075 min.
799 2023 849 2087 (in
874 2023 982 2075 maiore
1005 2025 1082 2076 enim
1107 2026 1203 2076 minus
1221 2036 1352 2079 accurate

199 2097 233 2150 de
252 2115 284 2149 ea
303 2114 334 2149 re
353 2092 550 2160 iudicavimus,
569 2097 689 2147 fortasse
716 2112 752 2146 ex
770 2094 927 2146 Fasciola'ti
955 2095 1132 2161 sententiaz)
1157 2097 1228 2166 ibiq.
1256 2098 1352 2150 laudd.

200 2167 302 2237 quibus
320 2164 381 2219 add.
400 2167 495 2218 Beier.
515 2167 550 2218 ad
568 2166 628 2218 cic.
648 2167 681 2218 de
701 2165 753 2217 Off.
772 2165 824 2216 111.
845 2167 934 2218 tlt.
953 2182 981 2234 p.
1002 2169 1062 2221 210.
1088 2174 1116 2217 et
1135 2183 1282 2220 censorem
1301 2169 1355 2220 ali-

200 2255 287 2308 quem
305 2239 459 2289 Jenensem
479 2236 521 2301 (b.
542 2239 573 2287 Z.
595 2239 672 2290 1821.
691 2237 774 2309 Erg.
794 2236 842 2286 Bl.
865 2237 906 2288 78.
933 2253 961 2304 p.
981 2239 1042 2290 240.
1062 2237 1154 2288 Beier.
1180 2239 1215 2290 ad
1233 2239 1292 2291 Cic.
1319 2241 1354 2292 de

201 2307 299 2362 uffit.
318 2310 362 2362 40.
384 2309 443 2377 159.
463 2325 491 2377 p.
512 2309 572 2362 312.
593 2315 622 2357 et
640 2307 675 2357 ad
693 2306 839 2379 Fragmm.
860 2305 906 2356 Or.
926 2320 980 2374 pro
998 2306 1077 2358 Tull.
1096 2324 1124 2376 p.
1145 2311 1188 2362 31.
1227 2309 1298 2362 Μτ.
1327 2344 1344 2352 <-

219 2392 226 2416 ·-
272 2376 352 2432 Quod
365 2379 396 2430 -ee‘
414 2375 465 2429 boc
483 2393 568 2443 aegre
585 2377 663 2440 ferre
679 2376 793 2444 rapiens
811 2375 940 2439 soleret]
976 2377 1045 2432 Pall.
1071 2385 1139 2432 tert.
1161 2388 1255 2447 quart.
1283 2381 1356 2446 qaod

106 2490 108 2494 .
202 2447 233 2519 ei
251 2446 335 2499 baec
360 2448 473 2518 sapiens
497 2449 605 2512 referre
626 2448 739 2507 soleret.
769 2448 870 2516 quint·
890 2446 963 2514 quod
987 2447 1015 2497 si
1040 2446 1122 2500 leaeo
1147 2451 1226 2514 ferre·
1242 2450 1356 2517 rapiere

202 2517 335 2572 eederet.“
353 2517 436 2572 Gebd.
473 2521 518 2576 Ex
537 2537 601 2570 ann.
621 2518 674 2570 Ed.
693 2517 763 2569 Dav·
785 2522 808 2570 l.
836 2517 908 2568 haee
925 2516 1053 2569 addimus
1080 2519 1296 2581 (deditautem
1315 2523 1356 2574 ibi

202 2591 270 2641 Dav.
292 2587 368 2643 idem
387 2589 464 2658 qued
482 2590 586 2653 Gebb.)
606 2588 683 2652 „tus
703 2591 761 2640 Pet.
783 2589 856 2658 quod
875 2585 902 2639 ei
920 2601 1007 2653 aegre
1025 2587 1090 2643 daec
1107 2591 1192 2654 (erre.
1212 2617 1245 2635 r·-
1279 2594 1358 2644 Nor-

202 2660 259 2713 vi'o.
289 2661 361 2729 quod
386 2657 412 2711 εἱ
436 2657 523 2712 'baec
549 2661 692 2724 referre:-
715 2675 793 2728 quae
822 2658 939 2727 quidem
966 2659 1118 2728 scriptura,
1145 2661 1216 2713 licet
1241 2662 1355 2729 vitiosa,

201 2749 288 2783 verae
307 2741 403 2800 tamen
422 2729 644 2800 estpproximaf‘
663 2730 848 2781 Bouhierius:
869 2727 958 2793 „Gud.
970 2732 1038 2803 Reg.
1054 2740 1083 2782 et
1102 2732 1262 2784 unusLeid.
1282 2735 1357 2802 quad

204 2802 231 2854 εἰ
248 2796 309 2853 leae
324 2817 413 2868 aegre
430 2801 452 2865 f.
472 2800 534 2852 Du'o
552 2801 661 2868 reliqui
679 2800 824 2852 1111111..οἑ
840 2798 902 2850 boc
920 2813 1028 2867 aegre
1045 2804 1203 2866 referre,
1232 2803 1274 2854 ed.
1295 2823 1359 2858 mea

203 2880 261 2924 vet.
282 2872 309 2923 si
326 2887 439 2937 aegre
456 2870 540 2924 baec
557 2871 643 2935 ferre.
672 2870 815 2940 Equidem
826 2886 892 2920 eum
902 2868 1017 2922 Davisio
1036 2873 1119 2937 facio,
1139 2873 1256 2940 quadri
1272 2889 1358 2942 aegre

104 2985 105 2988 ,
205 2943 283 3008 ferre
301 2941 498 3016 corrigente.“
524 2944 594 2995 Mr.
796 2973 811 3002 e

260 3013 355 3082 ,Quod
372 3014 401 3065 ei
419 3028 504 3081 aegre
522 3011 610 3084 ferre]
636 3012 740 3133 1111ἱο,
761 3012 833 3080 qaod
852 3013 879 3064 ei
896 3013 952 3064 hoe
971 3018 1058 3080 aegre
1076 3013 1161 3077 ferre.
1185 3013 1246 3066 -Sed
1264 3017 1358 3068 officit

205 3083 299 3135 sensui
316 3101 489 3154 pronomem
506 3100 597 3152 ‚quare
617 3099 682 3134 eum
723 3082 768 3132 ak.
789 3083 869 3135 daret
887 3082 937 3137 leae
953 3085 1071 3149 referre,
1090 3085 1198 3136 Eliens.
1215 3103 1284 3137 vero
1301 3104 1357 3139 sec.

206 3153 352 3207 Pithaean.
373 3164 402 3206 et
418 3154 532 3206 Balliol.
545 3152 620 3205 -leaee
637 3156 756 3219 referre,
776 3170 934 3208 nosvveram
953 3155 1109 3206 lectionem
1127 3170 1184 3206 101
1199 3156 1359 3212 difficulter

208 3224 380 3277 extudimu's.
425 3225 640 3294 Adspirationes
667 3224 745 3275 enim
771 3225 887 3276 vocibus
907 3222 1059 3293 aliquando
1083 3241 1233 3294 perperam
1252 3228 1359 3282 additas

207 3296 296 3348 fuisse
315 3295 522 3348 demonstravit
541 3296 623 3346 Ianus
641 3295 809 3366 Rutgersius
826 3297 930 3348 Venus.
951 3297 1030 3350 Leet.
1051 3312 1111 3365 cap.
1131 3298 1204 3348 XIV.
1237 3298 1310 3362 Quin
1330 3309 1358 3351 et

209 3366 353 3418 librarios
371 3367 457 3418 verba
474 3366 549 3417 male
568 3364 708 3429 divisisse,
727 3374 835 3417 notum.
874 3365 922 3416 Sic
949 3367 1023 3434 apud
1040 3366 1180 3418 lustinum
1199 3367 1359 3436 Martyrem

211 3437 287 3489 Orat.
303 3437 337 3487 ad
346 3436 472 3488 Graecos
487 3453 546 3506 oap-
556 3438 585 3489 B.
600 3450 653 3505 pro
664 3436 702 3500 τῷ
716 3432 843 3503 ἐρωμένῳ
855 3433 938 3487 αὐτὸν
949 3433 1142 3486 ΑἸΑΚΪΔΗΙ
1157 3438 1358 3504 ΣΚΕΥΟΝΤΙ,

210 3521 261 3558 nos
278 3506 421 3575 probabili
439 3506 604 3559 coniectura
622 3505 815 3570 rescribimus,
842 3523 879 3570 τῳ
907 3503 1033 3575 ἐρωμένῳ
1057 3506 1139 3562 αὐτοῦ
1164 3503 1362 3561 ‘YAuruosu

211 3576 459 3630 ΔΙΣΚΕῩΟΝΤΙ.
497 3576 574 3627 Hinc
592 3574 674 3649 origo
691 3576 788 3627 mendi
806 3576 871 3626 satis
888 3586 976 3645 patet.
1013 3578 1049 3630 D.
1204 3614 1207 3618 ⁴

284 3649 363 3705 Quod
381 3648 410 3700 si
421 3663 513 3717 ‚aegre
531 3646 610 3708 ferre
627 3645 741 3714 sapiens
757 3647 886 3711 soleret]
921 3647 1028 3712 „Abest
1046 3668 1062 3700 a
1080 3649 1184 3701 duobus
1202 3648 1292 3724 regiis
1307 3669 1360 3705 vo-

212 3719 277 3771 eula
295 3717 346 3771 boe
362 3728 429 3788 post·
445 3715 520 3787 quad
536 3717 573 3783 ei,
593 3734 678 3785 quam
696 3734 762 3768 cum
780 3718 894 3768 Davisie
914 3718 1101 3772 delevimus“
1121 3719 1233 3773 Lallem.
1253 3722 1361 3774 Eadem

108 3838 110 3844 .
212 3798 256 3859 est
273 3784 415 3842 sententia
432 3789 558 3853 Ernesti,
585 3805 672 3856 quam
690 3788 781 3840 secuti
803 3796 869 3839 sunt
886 3789 1058 3856 posteriores
1077 3807 1180 3842 omnes.
1218 3791 1364 3844 Videntur¹

209 3858 626 3912 Ι«1011011100110101111111010
653 3858 764 3926 aliquot
782 3859 863 3922 0qu
889 3857 1051 3929 habentque
1077 3860 1147 3914 Edd.
1168 3861 1276 3913 Sturm.
1298 3865 1360 3917 Car.

206 3878 313 4000 bteph.
333 3930 415 3983 Boul.
435 3931 514 3980 Brut.
535 3928 615 3997 sylb.
637 3937 673 3990 et,
696 3929 804 3980 Orellio
824 3938 906 3992 teste,
927 3931 1023 3982 Larrrb.
1052 3933 1085 3982 11
1104 3932 1167 3983 Asc.
1182 3935 1206 3985 1.
1227 3935 1362 4002 estquod
1385 3933 1388 3939 ’

214 4001 244 4055 ei
261 4001 322 4056 boc
339 3995 423 4067 ferre,
443 3999 662 4070 1111001..οαοεί
679 4000 707 4051 se'
724 4000 808 4066 qaid
825 4015 912 4066 aegre
929 4001 1016 4064 ferre:
1038 4001 1113 4068 quod
1130 4011 1172 4054 est
1190 4007 1364 4057 correctoris

207 4072 298 4140 'haud‘
310 4073 410 4143 inepti.
446 4055 585 4140 iieliquae
669 4070 809 4143 babent,
840 4071 915 4138 quod
933 4071 1034 4136 Gebh„
1067 4072 1211 4141 idemque
1226 4075 1364 4128 exhibent

167 4166 169 4170 ·
208 4145 329 4215 valiquot
347 4145 416 4196 (lxx.
437 4142 556 4194 Mon-l.
577 4144 602 4194 2.
685 4140 1364 4211 1101101010οΜ111000οε310ςο1111

217 4217 290 4285 quod
306 4215 335 4269 ei
352 4207 437 4280 terre,
454 4211 523 4263 'duo
542 4212 615 4281 qaod
632 4209 744 4265 sidaec
762 4227 848 4279 aegre
866 4213 993 4277 referre„
1006 4231 1079 4265 unus
1098 4216 1170 4282 qaod
1193 4216 1222 4268 si
1247 4232 1362 4283 aegro

216 4289 312 4352 ferre:
351 4282 462 4353 rorime
481 4282 516 4334 ad
531 4282 685 4335 veritatem
697 4284 777 4336 ¹Gud.
798 4283 871 4336 Gud.
893 4288 916 4337 l.
929 4285 1032 4335 111111).
1053 4283 1171 4353 quodsi
1196 4284 1290 4339 haee·
1306 4305 1364 4341 re-

216 4359 303 4424 serre.
330 4303 405 4428 Idog.
425 4353 965 4424 00000110000031010ρὶ00οΐ000.
995 4355 1067 4407 Gud.
1088 4359 1113 4411 2.
1143 4357 1216 4424 quod
1233 4356 1364 4411 silem

216 4427 363 4500 rapiens
391 4425 528 4508 referre
561 4425 706 4494 sapiens
734 4415 846 4480 iota-et.
882 4425 968 4477 Marb.
1002 4427 1075 4494 qood
1100 4427 1134 4480 ei·
1159 4443 1248 4495 aegre
1279 4425 1364 4483 iaec
