2842 5070
96 1423 109 1438 .
183 1391 221 1447 tit
237 1393 330 1461 turim
347 1394 379 1445 in
396 1394 422 1446 E

183 309 225 374 re
368 307 609 388 „cretaceus
630 308 877 376 ruscunlu.
901 311 1131 377 nlsrurnr.
1230 280 1234 285 ’

182 481 262 535 num
292 473 435 536 stultitia
460 475 553 555 quasi
584 469 741 556 quasdam
762 476 868 537 turias
893 478 1045 539 immittit
1070 487 1171 560 atque
1202 478 1333 554 incitat,

182 555 335 618 omnibns
355 555 492 619 viribus.
513 566 611 636 atque
632 558 750 639 opibus
772 577 854 638 repu
880 559 1024 620 nandum
1046 567 1106 637 est,
1127 561 1156 620 si
1177 562 1334 622 volumus

182 636 256 715 boc,
276 636 363 719 quod
385 637 499 699 datum
520 647 571 700 eet
592 641 694 716 vitae,
721 580 902 722 tranquidle
924 640 1120 722 placideque
1141 641 1331 707 traducere.

181 717 247 781 Sed
268 728 382 782 cetera
410 721 511 781 alias:
538 740 627 781 nnnc
649 722 903 806 aegritudinem,
929 726 957 784 si
979 744 1163 805 possumus,
1193 722 1333 806 depella-

182 821 266 864 mus.
310 801 350 864 ld
371 805 461 864 enim
481 803 528 873 sit
547 806 776 885 propositumz
797 804 1062 887 quandoquidem
1075 825 1148 867 eam
1163 815 1201 868 tn
1221 806 1334 870 videri

180 969 241 1025 (lic.
261 969 296 1023 de
315 971 403 1046 Legg.
422 971 459 1023 ll.
486 972 527 1024 14.
547 974 590 1026 36.
616 971 675 1036 ubi,
702 988 769 1023 cum
795 987 893 1024 omnes
911 972 995 1024 Godd.
1017 971 1169 1024 exhibeant
1195 970 1226 1023 iu
1248 971 1354 1031 uita

181 1037 322 1094 bominum
340 1040 536 1106 ullulieee,
556 1042 710 1094 Lambinus
728 1051 834 1108 tamen,
853 1042 923 1094 Dav.
945 1051 974 1095 et
991 1042 1061 1094 Ern.
1088 1051 1279 1095 correxerunt
1302 1042 1334 1095 iu

181 1109 301 1164 ailam.
338 1112 401 1165 Vid.
420 1129 471 1164 nos
490 1112 524 1163 ad
542 1129 607 1164 enm
624 1113 723 1164 locum
740 1113 775 1165 de
793 1114 882 1187 Legg.
902 1131 931 1183 p.
950 1116 1013 1170 269.
1033 1113 1102 1182 ibiq.
1119 1112 1214 1178 laudd.
1234 1114 1285 1166 ubi
1303 1121 1333 1168 et

182 1191 280 1235 noster
297 1181 377 1235 locus
395 1183 538 1234 adhibitus
557 1191 607 1235 est.
645 1183 704 1235 Mr.
1055 1252 1061 1264 ·

181 1253 863 1446 ε.ωἱῆἵ“.ἕέἒὲἶὶἶέἔῖ..”ἷ.ἔὟέἔ’ἒἨρ.ῗθέ.ί
881 1254 970 1383 {ihil
990 1253 1334 1379 d'tttttltlad?

442 1395 468 1446 d.
489 1397 518 1447 Ρ.
538 1395 572 1447 A.
591 1397 622 1446 B.
642 1394 672 1448 S.
691 1395 724 1446 E.
744 1397 782 1446 Μ.
801 1396 834 1447 L.
859 1404 888 1447 et
914 1395 1020 1448 nostris
1046 1403 1111 1446 ante
1130 1395 1220 1447 Gebh.
1241 1398 1335 1448 omni-

182 1462 243 1528 bns,
264 1467 332 1519 exce
353 1466 391 1516 tis
407 1466 493 1518 Leod.
513 1466 581 1518 nob.
601 1465 710 1534 steph(
724 1466 800 1518 Crat.
820 1467 918 1519 Herw.
947 1465 982 1517 In
1000 1483 1078 1535 seqq.
1100 1465 1166 1517 eod.
1187 1465 1260 1541 Aug.
1280 1483 1334 1537 pro

125 1575 132 1584 .
183 1535 281 1603 opibus
296 1484 383 1589 habet
400 1536 539 1604 operibus.
575 1537 618 1590 De
636 1535 764 1588 formula
782 1536 909 1590 omnibus
928 1534 1033 1589 viribus
1051 1544 1132 1604 alque
1160 1536 1257 1604 opibus
1274 1538 1332 1590 vid.

181 1605 418 1662 Doederleinium
442 1608 505 1659 Lat.
530 1605 638 1676 Synon.
664 1625 692 1658 u.
712 1608 840 1676 Etytnol.
861 1609 883 1659 1.
902 1625 930 1677 p.
951 1609 1000 1661 112
1018 1625 1060 1676 sq.
1098 1608 1132 1658 ln
1157 1608 1224 1660 (lod.
1245 1608 1331 1660 ularb.

181 1675 294 1752 legitur
313 1677 542 1745 impugnandum
565 1684 614 1732 eet.
645 1679 712 1729 lllox
728 1695 802 1728 unus
812 1679 860 1731 Ox.
881 1676 931 1730 boc
948 1678 1057 1744 quidem
1076 1677 1172 1730 datum
1191 1685 1231 1731 eet
1249 1681 1333 1733 ulae.

182 1745 278 1799 Duisb.
300 1748 411 1800 omittit
430 1755 481 1804 eet.
518 1748 617 1823 Pergit
634 1749 709 1799 lllon.
731 1751 756 1801 1.
777 1748 962 1815 tranquillae
978 1748 1192 1819 placidaeque.
1213 1750 1286 1802 Gud.
1306 1753 1332 1806 2.
1402 1799 1404 1802 ,

183 1818 375 1885 amittitque.
411 1819 492 1871 Unus
519 1818 569 1870 Ox.
594 1817 681 1870 habet
704 1818 879 1871 deducere
902 1820 1058 1872 traducere.
1101 1819 1143 1872 De
1174 1837 1226 1870 usu
1252 1821 1334 1872 verbi

183 1888 349 1943 traducendi
367 1888 398 1939 in
415 1887 470 1941 hac
488 1889 614 1941 formula
631 1887 690 1940 vid.
710 1888 904 1942 SchottiNod.
916 1890 1044 1942 ciceron.
1063 1890 1085 1940 Ι.
1107 1893 1131 1943 7.
1152 1893 1250 1960 pest.
1272 1891 1331 1944 Mr.

253 1958 311 2011 Sed
328 1963 470 2012 celerat
489 1958 574 2024 oliae]
591 1961 593 1965 '
610 1958 871 2030 „Cetera‘Grypb
891 1960 1023 2013 Victor.“
1049 1959 1164 2012 Brutus.
1201 1959 1334 2026 „Cetera

181 2026 296 2155 zabqnt,
318 2036 434 2100 praeter
450 2031 537 2095 vict„
570 2030 698 2099 quinque
720 2031 790 2081 Pall.
810 2031 876 2082 Fab.
896 2031 970 2083 Pith.
991 2031 1082 2082 Vatic.
1112 2024 1207 2083 etsie
1226 2031 1334 2084 edidi.“

208 2101 266 2156 eb.
371 2126 373 2129 ·
774 2111 776 2115 ’
1127 2131 1137 2148 .

253 2169 311 2224 Sed
327 2179 437 2225 ceteras
455 2168 541 2237 aliae]
580 2171 628 2224 Sic
646 2180 725 2224 recte
743 2179 856 2225 veteres
876 2170 961 2224 editi:
982 2173 1111 2224 refertur
1129 2171 1207 2224 enim
1219 2172 1254 2225 ad
1268 2187 1334 2242 per-

183 2241 368 2295 turbationes.
397 2242 492 2318 Vulgo
510 2249 611 2295 cetera.
648 2242 685 2294 D.
787 2304 789 2308 y
983 2268 986 2274 ι

254 2311 313 2365 Sed
330 2320 474 2366 ceterae
499 2312 587 2378 aliae]
624 2311 667 2366 Ita
691 2326 805 2382 quoque
829 2313 900 2364 ΕΜ.
928 2308 1040 2378 iisdem,
1064 2311 1166 2382 quibus
1183 2310 1270 2380 Dan,
1291 2333 1335 2366 ra·

119 2398 122 2403 ’
183 2381 309 2441 tionibus
320 2389 433 2435 motus:
458 2383 599 2436 nimirum
618 2383 686 2453 qnia
708 2382 838 2456 intelligi
862 2390 957 2452 potest
978 2382 1214 2450 perturbationes,
1240 2391 1269 2436 et
1294 2386 1334 2437 ita

184 2449 323 2505 exhibent
339 2453 411 2506 Edd.
430 2461 502 2507 vett.
521 2455 677 2507 Ernestum
695 2454 787 2506 secuti
805 2462 872 2506 eunt
889 2454 1034 2508 FAWolf.
1058 2452 1142 2509 Sche.
1169 2455 1216 2507 Or.
1241 2455 1331 2508 Nobb.

182 2521 345 2592 habentque
370 2525 615 2593 eamlectionem
635 2520 707 2579 Edd.
732 2532 804 2577 vett.
829 2532 895 2577 ante
913 2523 1014 2589 Geth„
1042 2541 1110 2594 quas
1135 2525 1260 2578 contulit
1285 2528 1331 2580 Or.

182 2593 230 2646 Ex
255 2594 360 2646 nostris
387 2612 457 2649 vero
481 2595 552 2648 Edd.
585 2596 661 2647 vict.
695 2594 762 2648 Rob.
792 2593 892 2665 steph.
920 2596 990 2648 Ven.
1019 2592 1082 2646 Asc.
1110 2600 1134 2650 1.
1162 2597 1188 2649 2.
1223 2595 1332 2649 sturm.

182 2662 306 2719 llwolt.
326 2665 411 2718 Leod.
431 2666 511 2718 Junt.
532 2666 608 2719 Orat.
626 2666 727 2718 etex-w.
747 2683 782 2717 ex
800 2665 1008 2719 recentioribus
1034 2674 1130 2717 autem
1149 2665 1239 2718 Gron.
1259 2667 1332 2719 hall.

184 2734 260 2790 oliv.
280 2735 352 2788 Tbn.
371 2745 448 2789 stam
465 2752 519 2807 pro
536 2736 663 2790 lectione
679 2741 783 2788 celero.
822 2736 910 2801 Quam
929 2752 994 2787 cum
1012 2744 1150 2788 tueantur
1168 2731 1255 2788 etiam
1273 2753 1334 2790 om-

183 2822 242 2871 nes,
260 2814 294 2858 ut
311 2807 437 2871 videtur,
457 2808 525 2860 Oxx.
546 2808 616 2891 Reg.
637 2807 750 2877 Gryph.
772 2806 845 2859 Gud.
867 2812 891 2862 1.
911 2806 983 2881 Aug.
1003 2807 1093 2858 lllarb.
1113 2809 1187 2859 uon.
1207 2810 1234 2861 2.-
1260 2808 1333 2860 Gud.

183 2876 273 2931 Rehd.
297 2877 393 2928 Duisb.
419 2878 538 2931 fortasse
562 2887 649 2931 etiam
674 2877 844 2943 Leidenses,
879 2879 1007 2946 itemque
1030 2872 1115 2930 Codd.
1144 2896 1160 2929 a
1183 2878 1334 2932 Gebhardo

185 2947 296 3012 collati,
316 2964 409 3016 neque
428 2948 545 3000 absurda
563 2949 601 3000 sit
619 2966 651 3001 ea
669 2947 767 3012 lectio,
786 2947 877 3000 altera
899 2965 970 3000 vero
994 2949 1169 3000 correctioni
1186 2949 1333 3018 'similior3

222 3017 359 3072 stliminii
377 3016 441 3070 iure
460 3019 653 3071 reducendum
673 3019 836 3071 existimavi
859 3026 958 3071 cetera.
998 3018 1081 3071 Solus
1106 3018 1224 3084 Gud.*gi.
1249 3019 1335 3073 habet

208 3088 243 3142 ed
260 3087 341 3142 baec
358 3088 442 3142 aliae.
480 3091 521 3143 De
540 3089 728 3160 oppositione,
744 3107 821 3159 quae
840 3099 882 3141 est
901 3090 932 3141 in
950 3089 1025 3141 alios
1044 3097 1072 3142 et
1091 3105 1163 3142 nune
1179 3083 1237 3146 tid.
1258 3091 1335 3142 llan-

184 3158 227 3214 dii
253 3159 452 3213 Tursellinum
470 3161 493 3212 Ι.
520 3175 549 3232 p.
569 3162 621 3216 220
640 3177 681 3228 sq.
728 3159 807 3224 Quod
833 3156 912 3212 dicit¹
926 3161 1021 3228 oliae,
1052 3157 1196 3234 significat
1225 3161 1335 3212 librum

185 3239 330 3302 quartum.
367 3230 506 3297 Sequitur
537 3232 569 3282 in
593 3231 677 3284 Codd.
705 3232 775 3282 Ven.
798 3234 821 3284 l.
847 3240 876 3284 et
900 3229 1090 3307 Aegruuunc‘
1108 3229 1334 3298 aegritudine&

133 3363 135 3365 ¹
182 3309 246 3356 tum
264 3320 337 3354 unus
356 3304 406 3357 Ox.
426 3302 453 3355 ei
467 3301 616 3370 poscimur.
654 3301 713 3354 Mr.
1017 3307 1087 3375 Ἃ,
1130 3316 1133 3325 ’

256 3372 291 3426 ld
314 3373 386 3426 eut'm
409 3373 457 3427 eil
478 3371 669 3442 propositum]
706 3372 776 3424 Dav.
803 3371 834 3422 in
857 3371 910 3424 Ed.
935 3374 962 3426 2.
992 3372 1084 3424 nullu
1099 3373 1212 3425 tatiane
1238 3372 1335 3424 addita

185 3443 277 3504 edidit
294 3444 357 3508 fuit.
394 3443 473 3508 Quod
491 3461 558 3496 cum
576 3443 693 3495 vidisset
710 3441 917 3511 Wopkensius‚
937 3443 978 3495 ite
996 3442 1134 3509 defendit,
1153 3451 1187 3494 ut
1202 3442 1335 3512 exempla

183 3517 340 3585 proferret,
359 3514 410 3566 ubi
428 3513 503 3568 enim
520 3514 640 3585 ponitur
658 3513 738 3564 iuxta
756 3513 987 3565 Coniunctivum.
1026 3514 1108 3580 Quasi
1133 3526 1203 3566 vero
1230 3513 1262 3562 in
1280 3513 1335 3565 ista

183 3583 329 3656 particula
347 3585 384 3639 sit
402 3585 588 3638 Coniunctivi
606 3582 702 3652 eliqua
728 3588 824 3636 causa!
861 3584 1015 3637 Bouhierio
1033 3583 1149 3654 quidem
1165 3596 1223 3633 non
1242 3584 1334 3656 magis

184 3656 280 3727 placet
296 3655 345 3720 eil,
364 3657 440 3725 quod
457 3674 486 3709 se
504 3657 690 3726 probaturum
709 3655 796 3707 fuisse
816 3656 864 3719 ait,
889 3655 912 3706 si
937 3670 1014 3707 nunc
1037 3656 1165 3718 demum5
1192 3670 1247 3705 nec
1264 3669 1334 3706 vero

184 3742 200 3780 a
217 3728 306 3781 totius
323 3726 394 3779 libri
411 3727 567 3796 principio,
586 3725 662 3776 illud
679 3726 733 3777 sibi
750 3734 926 3795 proponeret
946 3729 1064 3778 Marcus.
1099 3726 1164 3793 lpse
1182 3740 1251 3776 vero
1266 3740 1335 3776 con-

185 3796 325 3855 iecitesl
343 3798 529 3864 propositum.-
548 3797 578 3847 in
596 3796 698 3864 capitis
710 3796 812 3848 'autem
830 3796 887 3848 fine
905 3797 983 3848 vult:
1003 3795 1079 3849 omni
1096 3794 1278 3860 contentione,
1299 3799 1333 3846 et

185 3868 265 3933 aelia,
283 3875 313 3920 ul
331 3869 376 3921 ita
394 3868 497 3932 dicum,
516 3867 653 3935 remisque
670 3868 813 3932 fugienda.
850 3868 972 3920 Ernesto
991 3884 1048 3920 non
1072 3866 1231 3918 necessaria
1254 3864 1335 3918 vide·

184 3948 235 3992 tur
253 3940 387 3992 mutatio:
413 3955 507 4007 neque
530 3938 618 4001 mihi3
647 3954 704 3990 non
732 3938 807 4007 qnod
833 3938 1003 4008 displiceant
1031 3936 1200 4008 scriptiones
1223 3935 1334 3988 Davisii

186 4019 216 4064 et
233 4011 396 4064 Bouhicrii:
435 4009 484 4060 scd
505 4008 563 4060 iam
589 4024 646 4059 non
669 4009 697 4059 id
723 4009 881 4078 quaeritur,
909 4028 945 4062 an
968 4009 1118 4078 probaturi
1145 4022 1267 4060 essemus
1284 4006 1334 4058 vel

185 4082 242 4148 tuit
257 4083 308 4135 vel
325 4087 375 4144 eal,
395 4081 419 4130 si
438 4079 610 4131 alterutrum
630 4078 761 4132 inlibris
781 4088 867 4144 esset3
887 4080 943 4145 sed,
971 4095 1005 4132 en
1026 4079 1136 4132 servari
1154 4080 1243 4148 possit
1262 4078 1335 4130 Gon-

186 4153 343 4218 inactivus,
363 4167 450 4220 quem
467 4149 573 4202 babent
590 4149 669 4215 libri,
697 4151 774 4203 salva
792 4159 820 4204 et
839 4151 982 4204 sententia
999 4158 1028 4202 et
1046 4150 1200 4202 latinitate.
1243 4148 1334 4216 quue

185 4225 252 4277 fieri
282 4239 361 4296 posse
389 4220 538 4273 contendo.
576 4223 657 4274 Unus
682 4222 731 4274 Ox.
758 4239 810 4292 pro
835 4222 876 4288 eil
897 4221 983 4275 habet
1005 4220 1041 4272 si.
1073 4222 1145 4275 Gud.
1174 4225 1197 4274 1.
1225 4219 1334 4272 omittit

186 4308 259 4348 enon
281 4295 342 4348 eius
359 4292 437 4344 vocis
455 4291 519 4344 loco
536 4292 624 4344 lllarb.
644 4309 710 4344 cum
735 4308 792 4345 unc
811 4293 860 4345 Ox.
880 4293 965 4346 hebet
984 4295 1074 4348 elium.
1102 4292 1186 4345 Vind.
1208 4296 1232 4345 1.
1261 4287 1336 4342 libi

185 4364 287 4432 uideri,
307 4361 409 4416 omisso
423 4369 463 4432 tu.
485 4363 557 4415 Gud.
578 4365 603 4418 2.
625 4363 753 4417 exhibete
774 4364 874 4417 etiam
897 4370 927 4416 lu
954 4362 1048 4416 uideri
1071 4363 1125 4417 tibi
1147 4361 1334 4428 incipieus

185 4452 226 4492 eu
245 4436 372 4491 dedere
389 4435 461 4502 quod
478 4450 531 4502 ego
552 4465 583 4479 -
603 4433 638 4487 ln
655 4451 713 4490 uno
731 4436 781 4490 Ox·
801 4445 843 4489 est
861 4449 922 4505 eane
940 4441 1014 4489 tam.
1030 4481 1033 4495 ‚
1052 4433 1112 4488 Mr.

708 4543 729 4571 b
