2842 5070
172 265 174 269 ’
207 308 266 373 114
410 301 906 371 c1osnou1suoseunsu.
929 302 1158 371 otsrursr.
1218 302 1220 307 ’

204 479 378 557 potestate,
398 469 620 548 fodicantibus
643 470 684 532 iis
707 470 818 547 rebu's,
848 491 929 551 quas
951 473 1051 533 malas
1073 489 1144 533 esse
1165 473 1356 554 opinemur,

205 555 428 618 dissimulatio
448 553 509 625 vel¹
524 553 660 615 oblivio.
703 554 880 629 Lacerant,
914 564 1046 632 vexant,
1069 555 1220 615 stimulos
1242 552 1356 616 admo-

203 645 294 714 vent,
316 638 410 722 ignes
431 634 600 711 adhibent,
621 637 793 716 respirare
815 655 882 695 non
903 637 1027 698 sinunt.
1079 637 1120 695 Et
1140 644 1179 696 tu
1201 637 1356 700 oblivisci

99 753 100 756 κ
202 720 316 795 iubes,
339 715 426 800 quod
437 725 555 780 contra
567 715 721 780 naturam
734 726 803 791 est3
825 720 882 800 qui
897 726 1046 778 anatura
1058 716 1172 779 datum
1190 720 1355 792 auxilium
1373 746 1377 755 ·

202 891 282 944 Unus
301 891 351 942 Ox.
372 888 519 941 amittito
538 896 568 940 et
584 887 750 956 proximum
769 894 815 939 est.
841 888 907 941 Cod.
927 889 1001 961 Aug.
1021 887 1106 940 habet
1124 889 1209 941 matis
1225 906 1276 942 nos
1300 908 1354 962 pro

203 960 359 1018 neamalis.
380 959 453 1011 Gud.
473 957 584 1011 omittit
602 960 683 1012 enim.
703 958 771 1013 God.
788 959 864 1033 Aug.
885 957 1000 1012 exhibet
1019 973 1036 1010 a
1054 962 1157 1013 noum.
1196 958 1255 1012 Mr.

272 1028 469 1095 fodicantibus]
506 1029 588 1094 „Pal
608 1046 652 1098 pr.
671 1029 867 1094 foditantibus:
888 1029 964 1098 quod
975 1037 1017 1081 est
1035 1048 1051 1081 a
1063 1030 1174 1095 fedare,
1191 1030 1266 1083 siout
1278 1034 1353 1085 casei

207 1100 264 1166 illi,
282 1109 356 1153 teste
374 1100 469 1166 Festa,
489 1100 624 1151 dixerunt
641 1116 695 1168 pro
713 1099 841 1163 fodere.“
876 1097 964 1152 Gabis..

192 1182 200 1229 j
273 1167 475 1224 Fadicaniibus
501 1167 547 1221 itis
573 1169 666 1236 rebus]
703 1170 804 1240 Inepte
830 1170 996 1222 Gebhardus
1021 1188 1056 1222 ex
1073 1171 1129 1222 Pal.
1149 1189 1194 1241 pr.
1222 1173 1352 1226 venditat

202 1241 397 1307 factitantibus.
434 1241 574 1294 Adsertor
594 1249 690 1294 autem
707 1241 787 1293 locus
805 1258 820 1291 a
838 1242 933 1293 Nonio
952 1242 984 1292 in
1001 1240 1140 1305 fodicare.
1177 1242 1213 1294 D.
1290 1286 1291 1289 ,

273 1311 472 1378 fodicantibus]
508 1310 621 1363 Habent
640 1313 727 1364 etiam
746 1311 932 1374 fodicantibus
949 1312 1034 1364 Codd.
1053 1315 1128 1364 Mon.
1140 1312 1229 1365 Rebd.
1250 1322 1279 1366 et
1297 1315 1353 1367 duo

203 1383 273 1436 Oxx.
310 1378 382 1436 Dedi
400 1381 441 1434 iis
458 1399 511 1452 pro
529 1380 575 1434 itis
593 1381 637 1447 (ut
653 1400 721 1434 eum
739 1383 779 1434 Re
803 1421 808 1432 .
830 1384 945 1454 scripsit
962 1383 1044 1446 Dav.)
1072 1391 1101 1434 st
1119 1384 1231 1436 ratione
1276 1395 1353 1437 ostu-

203 1454 283 1507 laute
301 1462 330 1508 et
349 1453 543 1523 compluribus
561 1452 645 1504 libris
664 1401 912 1522 adstipuiantibus,
940 1469 1010 1522 quos
1038 1471 1205 1506 enumerare
1223 1402 1275 1505 nii
1286 1457 1353 1507 atti-

203 1533 262 1592 net,
282 1542 348 1576 cum
366 1524 415 1576 vel
433 1524 494 1576 sine
513 1524 595 1575 libris
614 1524 654 1574 ita
671 1524 763 1576 fuerit
781 1525 994 1598 corrigendum.
1015 1555 1048 1566 -
1074 1525 1128 1576 Pro
1151 1526 1293 1592 opinentur
1310 1535 1352 1578 est

203 1594 353 1664 opinamur
371 1595 403 1645 in
420 1609 477 1650 uno
496 1595 546 1649 Ox.
566 1594 650 1645 Vind.
670 1596 695 1648 2.
716 1594 768 1646 Ed.
789 1595 819 1646 G.
840 1603 940 1646 eontra
959 1610 1029 1663 quos
1046 1610 1116 1664 opus
1138 1611 1197 1647 non
1224 1605 1268 1648 est
1287 1613 1353 1649 con·
1395 1619 1396 1622 ¹

203 1667 366 1719 iunctivum
384 1665 547 1718 defendere.
582 1665 636 1716 Pro
659 1663 761 1717 oblisus
779 1664 857 1718 Gud..
871 1667 898 1719 2.
926 1682 1003 1734 apr.
1023 1682 1061 1716 m.
1088 1664 1192 1732 opinio.
1230 1667 1354 1719 Mox-Et

203 1745 268 1789 ante
292 1743 321 1788 tu
346 1744 388 1787 est
416 1734 664 1788 commemorantis
691 1735 811 1804 aliquid,
838 1736 915 1805 quod
933 1735 999 1788 fieri
1026 1736 1203 1810 indignetur.
1229 1739 1262 1790 V.
1282 1740 1353 1790 Mat-

203 1807 282 1860 thiae
300 1807 335 1859 ad
353 1808 401 1859 Or.
419 1823 463 1876 pr.
484 1808 569 1858 blare.
591 1807 633 1869 14,
652 1807 696 1859 42.
733 1806 794 1859 Me.

273 1876 404 1930 stimulos
422 1875 560 1942 adhibent,
579 1875 661 1943 ignes
677 1876 832 1942 admouent]
869 1877 951 1941 „llic
977 1885 1021 1928 est
1047 1877 1116 1938 ordo
1141 1878 1296 1930 verborum
1321 1880 1352 1930 in

203 1948 293 2022 regiis
311 1957 435 2018 quatuor
450 1947 528 2000 uss.
557 1946 654 1998 Aliter
670 1947 798 2031 vulgati:
817 1946 952 2010 ¹stimulos
979 1947 1135 2013 admouent,
1162 1948 1244 2016 ignes
1268 1947 1353 2002 adbi-

207 2017 302 2071 bent.“
325 2018 441 2071 Lallem.
479 2019 551 2071 Cum
576 2016 667 2069 Godd.
689 2017 752 2069 ill1s
770 2018 842 2070 facit
868 2020 954 2072 etiam
971 2028 1071 2071 noster
1094 2019 1166 2072 Gud.
1202 2020 1263 2070 Nee
1281 2036 1353 2071 vero

244 2089 362 2159 idquam
379 2089 555 2141 mutandum.
592 2087 668 2152 Quas
685 2103 755 2139 vero
773 2095 841 2138 suut
858 2087 924 2139 inde
942 2104 958 2138 a
976 2087 1101 2140 lacerant
1128 2104 1217 2158 usque
1241 2088 1276 2140 ad
1300 2090 1352 2142 ad·

222 2159 297 2213 ibent
316 2168 345 2213 et
363 2160 425 2229 ipso
442 2158 599 2212 verborum
624 2164 725 2209 tenore
749 2167 779 2210 et
804 2174 925 2211 numero
946 2159 1092 2226 poeticum
1117 2158 1251 2227 quiddam
1270 2159 1353 2213 redo·
1395 2210 1399 2217 ,

203 2231 274 2295 lent,
294 2231 370 2300 quod
387 2230 473 2282 facile
493 2228 620 2280 iambicis
639 2227 788 2298 rhythmis
807 2229 924 2280 restitui
941 2229 1045 2296 possit:
1065 2248 1093 2280 v.
1113 2245 1143 2287 e.

368 2301 429 2351 Heu
449 2299 585 2363 ldcerant,
604 2305 713 2364 vexant,
731 2298 843 2367 iquue
862 2298 993 2362 stimulos
1010 2299 1169 2365 ddmooent,

368 2369 482 2440 Iamque
502 2370 584 2437 ignes
603 2367 745 2435 adbibent,
764 2371 910 2438 re'spirare
928 2373 981 2424 ndn
999 2370 1104 2423 sinunt.

135 2447 139 2458 “
202 2443 283 2496 Unus
301 2440 456 2564 Osqqhabet
474 2440 569 2506 ignem
586 2456 638 2510 pro
657 2438 747 2507 ignes.
782 2442 817 2493 In
835 2459 913 2511 seqq.
934 2440 1201 2511 unus01.'omittit
1220 2447 1261 2508 tu,
1280 2442 1352 2495 alius

202 2510 289 2566 iubes.
364 2529 388 2565 r.
637 2529 641 2539 ‘

274 2581 357 2651 quia
374 2587 476 2635 natura
494 2582 590 2635 datum
607 2587 650 2634 est
669 2581 817 2648 auxilium,
837 2590 1005 2652 extorqueas
1022 2581 1175 2643 inveterati
1202 2583 1351 2651 datorisi]
1374 2642 1381 2657 .

202 2653 304 2720 „Quia
322 2653 422 2705 inveni
440 2653 472 2704 in
490 2652 656 2706 melioribus
674 2654 743 2705 Pall.
767 2662 835 2706 tert.
863 2661 956 2724 quart.
984 2653 1059 2707 Pith.
1085 2653 1177 2706 Vatie.
1196 2702 1198 2710 ,
1214 2655 1295 2708 Hanc
1312 2656 1354 2708 le-

203 2725 330 2776 ctionem
348 2724 448 2794 recepi
467 2724 498 2773 in
516 2731 696 2775 contextum:
717 2734 746 2776 at
764 2724 840 2777 illud
857 2731 1023 2792 extorqueas
1046 2725 1133 2777 etiam
1156 2724 1266 2794 reliqui
1290 2734 1364 2780 tres

143 2816 154 2840 o
202 2795 273 2847 Pall.
293 2795 416 2864 anaplius
434 2795 586 2846 asserunt(
608 2795 717 2868 Vulgo:
747 2796 873 2863 quoda
899 2801 1002 2848 natura
1022 2795 1117 2849 datum
1143 2802 1184 2848 est
1203 2795 1352 2862 auxilium,

133 2909 134 2913 ,
204 2871 400 2934 extorques
422 2863 504 2918 iavet.
532 2863 671 2917 inoffenso
701 2865 819 2934 quidem
845 2883 940 2931 curso,
966 2875 1054 2935 prout
1076 2865 1235 2940 magistelli
1260 2868 1353 2938 eapie-

202 2935 286 3000 bant3
314 2935 362 2987 sed
387 2951 491 3005 verear
515 2951 550 2985 an
573 2935 738 3008 legitime.“
762 2932 844 2989 Gabis.
880 2935 948 2988 Dav.
976 2937 1007 2988 in
1029 2937 1082 2990 Ed.
1108 2940 1134 2991 2.
1155 2954 1203 2989 ex
1226 2937 1353 2992 Bentleii

203 3005 382 3058 correctione
407 3005 509 3058 edidit:
547 3005 583 3057 Et
605 3012 636 3058 tu
659 3004 789 3059 obliuisci
811 3006 897 3071 iubes,
929 3007 1000 3075 quod
1024 3011 1122 3060 contra
1145 3012 1275 3061 naturam
1300 3013 1352 3074 est,
1413 3040 1415 3046 ·

203 3089 265 3144 quo
284 3090 302 3126 a
320 3082 426 3129 natura
444 3077 563 3129 datum
580 3075 718 3130 auxilium
736 3080 948 3145 attorquens
966 3077 1119 3130 inveterati
1136 3076 1264 3139 doloris!
1290 3081 1351 3132 Mr.

274 3147 355 3202 Quod
372 3154 470 3201 contra
491 3151 620 3200 naturam
638 3154 688 3213 est,
708 3148 758 3216 qui
777 3165 793 3199 a
810 3152 912 3200 natura
931 3148 1027 3200 datum
1045 3148 1182 3203 auxilium
1205 3154 1353 3218 extorques

201 3217 356 3272 inveterati
379 3217 507 3284 doloris]
542 3219 647 3293 Vulgo,
672 3218 746 3288 qnod
769 3225 867 3271 eontra
895 3225 1028 3277 staturam
1054 3218 1117 3272 est?
1156 3219 1224 3289 quia
1249 3227 1353 3291 natura

203 3290 301 3342 datum
327 3299 369 3341 est
394 3289 544 3354 auxilium,
571 3297 739 3357 extorqueas
758 3289 911 3342 inveterati
937 3288 1067 3342 doloris?
1103 3289 1149 3342 Ei
1173 3307 1230 3360 quo
1257 3309 1353 3344 sensus

203 3361 320 3428 quidem
338 3360 501 3412 cornmodus
520 3359 639 3410 extundi
657 3375 716 3411 non
754 3368 835 3414 otest.
871 3362 915 3412 Ita
940 3368 1038 3413 tamen
1058 3359 1099 3412 Re
1123 3396 1130 3411 .
1154 3369 1183 3413 et
1201 3361 1350 3414 Pithoean.

109 3413 115 3429 '
202 3430 260 3482 nisi
278 3429 355 3496 quod
373 3430 421 3481 illi
440 3427 490 3498 qni
506 3446 523 3482 a
542 3433 654 3485 natura.
683 3377 858 3482 ltlerii‘habet
876 3431 924 3500 qui
942 3445 959 3482 a
978 3436 1080 3484 natura
1099 3377 1197 3483 iatum
1215 3430 1353 3485 auxilium

204 3505 378 3568 retorqueas.
411 3499 520 3551 Ellens.
547 3516 592 3569 pr.
626 3497 692 3569 quia
720 3517 737 3552 a
762 3505 864 3554 natura
893 3502 987 3554 datum
1016 3500 1154 3554 auxilium
1189 3510 1352 3572 satorques3
1386 3556 1387 3559 ,

203 3570 278 3623 unde
297 3586 347 3622 nos
364 3569 485 3624 literola
502 3577 616 3621 tantum
634 3570 727 3623 deleta
751 3571 779 3623 le
800 3574 883 3636 imus,
912 3572 959 3641 qui
978 3589 995 3624 a
1021 3580 1124 3625 natura
1147 3572 1242 3625 datam
1268 3573 1352 3626 auai-

203 3640 272 3694 tium
291 3648 442 3710 extorques
461 3640 609 3694 inveterati
627 3640 755 3694 doloris?
816 3641 945 3706 ictarius,
965 3644 1126 3708 Lambinus,
1146 3643 1207 3708 alii,
1231 3642 1351 3713 reprae-

140 3708 153 3732 ⁶
203 3720 325 3775 sentant,
344 3713 420 3779 quod
438 3729 455 3764 a
474 3716 579 3764 natura
598 3711 749 3775 daturnest
768 3712 915 3777 auxilium,
936 3719 1093 3782 extorques,
1113 3713 1262 3767 inveterati
1274 3713 1353 3767 dolo-

203 3780 268 3832 ris?
304 3783 369 3833 Non
388 3781 568 3834 incommode
586 3781 718 3850 quidem3
744 3783 792 3836 sed
810 3782 845 3834 ad
866 3784 991 3851 primam
1010 3801 1110 3836 vacem
1136 3783 1212 3854 quod
1235 3785 1352 3850 attinet,

203 3866 300 3903 omnes
319 3853 502 3923 refragantur
518 3853 606 3903 llllssti.
643 3854 679 3906 D.
1074 3872 1081 3880 ⁸
1120 3875 1127 3882 ·
1172 3906 1186 3932 Ι
1219 3920 1222 3925 ,

274 3920 344 3989 quia¹
360 3927 465 3974 natura
492 3922 588 3975 datum
610 3929 653 3977 est
677 3922 814 3991 auxilium
836 3923 908 3990 etc]
945 3924 1046 3988 „Haec
1070 3939 1144 3976 eum·
1162 3941 1247 3977 sensu
1265 3925 1352 3979 desti-⁴

202 3997 331 4057 tuantur,
350 3993 423 4049 satis,
436 3992 469 4044 ad
485 3993 552 4052 veri
570 3993 792 4046 similitudinem
810 3994 939 4046 correxit
956 3995 1025 4047 Dav.
1047 3994 1104 4064 qui
1128 4011 1146 4048 a
1168 4000 1271 4050 natura
1289 3997 1352 4050 da·

204 4065 271 4113 tuns
290 4076 353 4113 aua.
375 4069 568 4133 extorques
585 4065 640 4116 inu.
661 4065 716 4117 dot.
755 4062 810 4115 Sed
828 4081 881 4116 cur
898 4081 955 4117 non
971 4065 1109 4137 legamus,
1129 4074 1169 4118 ut
1188 4075 1231 4118 est
1249 4067 1282 4135 in
1299 4067 1352 4120 ali-

114 4128 117 4134 ’
155 4193 158 4202 .
203 4140 275 4200 quot
292 4132 377 4186 codd.
395 4134 468 4186 vso.
495 4135 527 4186 in
553 4134 661 4186 duobus
686 4134 783 4186 Leidd.
813 4144 842 4186 et
863 4153 927 4188 mea
944 4136 987 4188 ed.
1015 4145 1073 4188 vet.
1093 4137 1184 4204 quod
1202 4142 1316 4190 autem
1334 4155 1352 4191 a

190 4199 306 4266 ''natnra
329 4204 449 4257 datum
475 4213 530 4258 est
556 4203 692 4257 auxilium
716 4210 770 4257 etc.
813 4206 890 4258 Haec
919 4207 1035 4276 quidem
1060 4206 1150 4258 lectio
1178 4217 1208 4260 et
1233 4210 1353 4279 propius
1380 4215 1382 4219 “

201 4274 312 4326 accedit
330 4275 365 4327 ad
382 4277 532 4350 vulgatam
551 4283 580 4327 et
597 4275 687 4349 magis
707 4275 794 4327 etiam
811 4277 909 4351 arguit
930 4277 1086 4329 ridiculam
1102 4277 1227 4346 Epicuri
1252 4277 1353 4332 incon·

202 4345 346 4411 stantiam,
371 4347 422 4416 qui
448 4346 531 4398 analio
554 4345 750 4415 praesentibus
776 4347 908 4399 oblivisci
930 4364 981 4400 noe
1005 4347 1104 4400 iubens
1124 4355 1223 4401 tamen
1247 4349 1354 4400 inutile
1397 4397 1401 4406 ,

203 4413 314 4468 (licebat
332 4417 482 4483 solatium,
507 4416 587 4485 quod
608 4416 713 4469 sensim
738 4415 822 4470 affert
840 4417 948 4470 oblivio
965 4417 1035 4470 mali
1052 4418 1238 4487 praeteriti.“
1262 4418 1350 4473 Bonis.
