2842 5070
193 310 254 388 276
401 304 632 383 CICERONIS
654 314 900 380 TUSCULAN.
923 262 1152 380 DISPU'PAT.
1250 390 1252 395 ι
1315 335 1317 339 ·
1397 310 1403 319 ’

193 488 264 568 ipse
286 485 427 546 obscure
448 484 588 566 planius,
621 500 718 566 quam
739 481 898 544 dicuntur
919 500 939 543 o
960 479 1108 544 Graecis.
1158 479 1207 542 Μ.
1231 479 1349 544 Enitar

194 565 365 649 equidemt
394 564 454 627 sed
474 567 605 628 intento
627 574 783 648 opuscst
803 566 927 641 animo,
948 582 990 625 ne
1011 567 1122 625 omnia
1143 560 1348 642 dilabantur,

194 652 222 712 si
251 667 354 735 unum
388 644 523 730 'aliquod
552 648 719 733 effugerit.
769 645 941 722 Quoniam,
971 665 1056 727 quae
1089 644 1211 707 Graeci
1248 640 1349 728 πάθη

193 741 325 807 vocant,
355 731 451 791 nobis
480 730 749 811 perturbationes
777 729 942 812 appellari
967 730 1073 811 magis
1099 728 1219 809 placet,
1252 748 1350 810 quem

193 815 345 886 morbos3
374 814 408 873 in
430 813 483 873 his
505 808 708 893 explicandis
730 818 879 874 veterem
900 812 989 872 illam
1010 809 1162 891 equidem
1182 811 1349 895 Pythago·

192 937 338 946 vom

193 981 324 1048 plonius:
344 979 417 1031 alius
435 978 590 1032 dicontur
606 995 661 1049 pro
681 977 843 1031 dicuutur.
863 977 947 1030 Vind.
961 981 984 1031 l.
1004 978 1166 1030 omittitur
1185 977 1261 1046 quod
1274 978 1350 1031 ferri

194 1058 297 1119 posset.
336 1048 409 1124 Aug.
434 1049 520 1102 hebet
539 1066 557 1102 u
576 1049 693 1103 Graecis
711 1049 846 1101 dicuntur.
885 1049 945 1101 Mr.
1284 1084 1286 1088 .

283 1118 371 1172 mitur
389 1119 533 1189 equidem:
551 1121 600 1174 aed
617 1119 733 1186 intento]
771 1119 838 1172 cod.
857 1121 933 1171 lllon.
953 1120 978 1172 l.
998 1118 1108 1172 enitar.
1137 1119 1230 1171 Verba
1247 1118 1349 1172 Enitar

196 1191 322 1260 equidem
342 1191 453 1243 omittit
470 1191 523 1242 Ed.
543 1192 614 1244 Ven.
626 1190 740 1249 ‚Alteri
760 1188 922 1256 „Equidem
940 1197 982 1240 est
1001 1189 1087 1241 etiam
1106 1189 1137 1240 in
1155 1197 1252 1241 nostro
1263 1206 1349 1242 runnu

196 1259 630 1384 t⁰l¹³*⁰.il..f.‘¹.⁶.''·..lt.⁰..¹¹2¹.t
645 1259 922 1384 ³tll³t{..⁰'il{{
942 1258 1350 1384 eleutrum}

145 1407 151 1416 ''
197 1402 325 1472 (praeter
342 1402 440 1464 Febr.)
456 1410 607 1470 sequentes
630 1417 719 1470 usque
738 1401 772 1453 ad
792 1400 882 1453 Gebh.
901 1399 1007 1453 habere
1026 1401 1118 1453 enitar
1141 1349 1350 1468 quidamvir

197 1481 240 1526 cst
259 1473 290 1524 in
308 1472 415 1524 duobus
434 1473 512 1524 Oxx.
542 1471 704 1524 Adversa:
726 1486 759 1524 ue
778 1471 870 1524 omniu
888 1471 1051 1524 dilabuntur
1067 1473 1222 1525 Ernestusz
1250 1471 1350 1538 „Gon
1404 1520 1409 1525 ,

197 1543 253 1595 ieci
280 1542 386 1594 dudum
411 1542 564 1608 eludantur,
589 1543 666 1612 quod
693 1542 795 1594 melius
823 1540 976 1612 respondet
1001 1539 1087 1595 alteri
1107 1542 1272 1609 effugerit.“
1307 1542 1351 1595 Ad

197 1631 283 1682 quem
301 1613 399 1665 locum
417 1614 546 1666 Nissen:
566 1613 700 1678 „Tantus
719 1612 796 1675 enirn
814 1613 990 1664 axiomatum
1008 1611 1171 1666 Stoicorum
1191 1622 1233 1666 est
1251 1631 1350 1678 nexus,

196 1693 240 1747 ut,
259 1684 284 1735 si
302 1701 391 1736 unum
409 1685 474 1737 loco
493 1692 645 1736 moveatur
662 1698 723 1748 suo,
746 1682 860 1751 reliqua
878 1682 975 1735 omnia
993 1692 1136 1735 corruant.
1156 1685 1200 1738 Of.
1219 1684 1286 1737 Pin.
1297 1684 1348 1744 111.

197 1756 241 1810 00.
271 1757 314 1809 td.
350 1756 503 1823 Perperam
529 1754 668 1818 Ernestus
694 1752 840 1806 eluduntur
869 1753 1003 1806 coniecit.
1013 1752 1031 1781 “
1054 1755 1152 1807 Recte.
1197 1756 1290 1808 Verba
1317 1767 1354 1809 ae

198 1825 293 1877 omnia
312 1825 413 1877 desunt
438 1826 469 1876 in
496 1840 555 1877 uno¹
573 1825 623 1878 Ox.
661 1823 743 1876 Ali'us
761 1824 847 1877 habet
874 1824 1058 1889 delabantur,
1088 1826 1175 1878 Muri).
1200 1825 1350 1879 diludun-

199 1902 253 1949 tnr.
275 1922 307 1933 -·
337 1895 416 1961 Quod
433 1896 474 1947 ait
491 1896 575 1948 Verb.
596 1896 628 1947 in
646 1911 738 1977 marg.
759 1895 791 1949 in
809 1893 888 1947 MSS.
914 1913 974 1949 esse
997 1895 1026 1948 ai
1044 1894 1103 1964 qus·
1110 1896 1129 1948 d
1148 1896 1295 1964 effugerit,
1323 1897 1353 1949 id

198 1966 314 2036 quidem
333 1965 418 2019 habet
436 1965 536 2019 nullus
555 1982 656 2018 eorum
674 1982 725 2034 qur
744 1965 935 2017 innotescunt.
969 1965 1025 2018 Sed
1042 1964 1154 2034 aliquid
1172 1983 1225 2037 pro
1239 1966 1352 2034 aliquod

196 2038 303 2091 habent
321 2037 406 2091 codd.
428 2035 502 2089 Gud.
526 2041 550 2092 1.
570 2039 595 2090 2.
615 2035 689 2110 Aug.
709 2052 782 2087 uuus
801 2035 851 2088 Ox.
871 2036 944 2101 Edu.
964 2036 997 2089 A.
1016 2036 1047 2088 B.
1068 2036 1096 2089 S.
1116 2038 1154 2093 El.¹
1169 2040 1244 2091 Ven.
1260 2047 1349 2098 nostr.
1366 2080 1368 2084 ,

198 2108 279 2161 Junt.
317 2110 352 2160 ln
370 2123 427 2159 uuo
448 2107 497 2160 Ox.
520 2109 563 2160 est
580 2107 706 2178 aliquem
725 2105 757 2158 in
775 2105 843 2176 Gud.
864 2107 939 2162 Gud.
959 2105 1085 2175 effugiet.
1122 2111 1186 2161 Mox
1203 2108 1291 2161 Marb.
1321 2117 1351 2159 et

198 2198 272 2232 unus
296 2179 346 2232 01.
374 2175 510 2242 Quoniam
534 2179 638 2246 quod3
668 2177 751 2241 alius,
778 2177 877 2229 iuncta
900 2186 1023 2248 utraque
1053 2178 1189 2243 lectione,
1218 2176 1351 2249 quonium

200 2248 397 2320 quaequod.
436 2247 537 2300 Solum
555 2265 660 2299 verum
678 2263 737 2300 esse
755 2263 824 2316 quoe
842 2263 900 2307 non
919 2257 961 2300 est
985 2248 1061 2317 quod
1084 2249 1209 2320 probem.
1245 2251 1279 2300 V.
1300 2265 1353 2317 nos

199 2321 234 2374 ad
252 2322 311 2382 Cic.
331 2320 366 2370 de
385 2319 455 2370 Fato
473 2320 495 2370 1.
518 2322 542 2372 1.
562 2335 590 2388 p·
609 2321 661 2374 560
680 2335 721 2387 sq.
758 2318 904 2371 scribitur
921 2327 1017 2372 autem
1041 2320 1137 2372 latinis
1155 2319 1249 2372 literis
1266 2318 1352 2388 pethe

199 2391 231 2449 in
250 2389 335 2443 codd.
355 2388 518 2459 plerisque;
546 2388 578 2439 in
596 2387 641 2441 Au
663 2427 669 2440 .
690 2402 896 2458 quamquam
914 2389 1018 2446 Graeci
1033 2388 1139 2460 potdq
1165 2397 1270 2444 cocunt.
1309 2390 1353 2443 Ad

198 2459 228 2511 h.
250 2461 269 2510 1.
289 2467 387 2512 monet
405 2458 507 2514 FAW.
527 2459 559 2510 in
577 2406 683 2513 schohs
708 2460 775 2512 inde
800 2477 817 2512 a
835 2459 857 2525 §.
875 2464 916 2515 10.
936 2479 1026 2530 usque
1045 2461 1080 2513 ml
1097 2461 1119 2526 5.
1137 2464 1181 2518 33.
1202 2463 1299 2516 omnia
1318 2479 1353 2514 ex

201 2530 365 2585 Stoicorum
383 2529 510 2582 fontibus
529 2547 592 2582 esso
605 2530 718 2583 hausta:
749 2549 765 2583 a
788 2530 935 2603 principio
954 2533 1122 2585 Ciceronem
1149 2550 1209 2589 esse
1237 2533 1353 2586 colenti-

200 2618 382 2670 cum,que1u
400 2600 517 2665 dicunt3
537 2600 568 2651 in
586 2600 718 2654 doctriua
735 2601 770 2654 de
788 2602 878 2655 animi
896 2601 1045 2656 effectibus
1063 2602 1202 2669 Stoicum,
1228 2604 1260 2655 in
1284 2604 1353 2656 reli-

201 2674 266 2744 quis
284 2670 471 2725 Platonicum.
508 2669 553 2723 Ad
569 2689 597 2723 v.
617 2670 942 2740 adop-perturbationes
959 2674 1079 2747 longum
1097 2692 1155 2728 esse
1173 2676 1215 2727 ait
1231 2674 1354 2728 Bouhie-

113 2779 116 2785 -
201 2745 263 2797 rius
281 2743 441 2796 Henricum
461 2741 637 2812 Stephanum
656 2744 688 2794 in
706 2742 852 2796 Thesauro
872 2745 904 2796 h.
915 2744 967 2797 Gr.
986 2763 1014 2797 v.
1034 2737 1126 2804 πάθος
1145 2745 1176 2797 in
1195 2745 1354 2800 refellenda

200 2813 256 2869 hac
274 2813 423 2869 Ciceronis
446 2813 597 2865 sententia.
635 2814 716 2867 Unus
740 2814 790 2868 Ox.
819 2816 884 2866 loco
905 2816 984 2867 vocis
1007 2809 1084 2881 πάθη
1103 2816 1235 2868 lacunam
1257 2816 1350 2869 habet.

202 2885 269 2938 (lod.
290 2883 374 2949 Yind.
396 2887 420 2937 l.
446 2881 532 2935 habet
557 2883 637 2938 dici
663 2885 755 2952 placet
774 2885 879 2952 magle.
897 2884 986 2938 Rchd.
1007 2887 1080 2939 Gud.
1100 2889 1126 2940 2.
1151 2886 1269 2953 mugio
1293 2902 1353 2954 ap-

202 2953 336 3024 pellere·
352 2953 455 3021 placet.
476 2952 519 3005 Au
544 2992 550 3005 .
571 2955 711 3025 appellari
726 2957 847 3024 placet
864 2956 990 3022 megia.
1028 2958 1095 3010 Mox
1113 2959 1187 3013 Mon.
1210 2962 1234 3012 L
1254 2959 1354 3010 iniis

198 3025 286 3096 papi„
319 3025 405 3077 Vind.
426 3028 449 3078 1.
476 2972 550 3078 Gud.
570 3029 596 3080 2.
626 3026 717 3079 Rehd.
740 3025 813 3100 Aug.
842 3024 873 3080 e'n
896 3025 981 3082 s'llt'e
1003 3027 1197 3095 explicandi&
1225 3031 1299 3081 Mon.
1325 3030 1352 3083 P.
1386 3061 1391 3075 .

203 3095 303 3150 niti!
319 3095 498 3162 explicandis
516 3103 631 3149 vetere
656 3097 792 3150 nullom
817 3096 972 3164 quideme
1000 3115 1081 3155 causa
1104 3114 1237 3163 errorum
1263 3098 1354 3149 mani-

201 3169 284 3221 festa.
320 3167 374 3218 Est
393 3167 480 3219 etiam
498 3167 607 3235 quidem
624 3184 678 3238 pro
697 3167 823 3237 equidem
839 3167 872 3220 in
889 3183 948 3221 uno
965 3169 1015 3221 Ox.
1052 3169 1112 3221 Mr.

273 3235 452 3307 Pythagorae
475 3238 610 3307 primum*
635 3239 732 3293 deiude
749 3236 891 3304 Plutonia]
928 3239 1001 3292 Cum
1023 3238 1187 3292 Stoicorum
1211 3237 1355 3291 definitio-

203 3311 286 3364 nibus
304 3317 333 3362 et
351 3309 554 3378 partitionibus
571 3317 671 3361 utatur
681 3308 800 3374 ¹Cicero,
818 3309 924 3377 illique
942 3307 1108 3377 philosophi
1125 3307 1242 3372 τάπάθη
1257 3309 1356 3362 locent

204 3383 235 3434 in
254 3380 352 3433 eadem
370 3379 435 3431 sede
454 3394 486 3432 ac
504 3379 658 3432 rationem:
677 3378 854 3452 Pythagoras
872 3386 969 3430 autem
987 3385 1017 3447 et
1034 3376 1258 3429 Platodiversos
1277 3378 1356 3430 locos

205 3451 370 3525 adsignent3
388 3449 520 3502 Tullium
539 3449 718 3519 disciplinae,
737 3465 825 3518 quern
842 3447 1013 3511 aemulatur,
1031 3446 1155 3499 oblitum
1174 3461 1232 3498 esse
1251 3465 1355 3517 perpe-

206 3539 268 3574 ram
293 3527 399 3574 censet,
416 3520 504 3574 Hodr.
530 3518 681 3572 Turnebus
701 3518 964 3581 Advori.v11,1t.
1001 3517 1076 3569 Nam
1094 3515 1170 3568 clare
1188 3527 1287 3570 monet
1306 3536 1356 3571 no·
1405 3556 1408 3561 -

204 3601 273 3657 ster,
287 3599 322 3644 'se
340 3591 372 3643 in
390 3592 500 3644 animae
519 3589 659 3643 divisione
676 3587 882 3662 Pythagoricos
901 3594 930 3639 et
946 3585 1106 3639 Platonicos
1124 3588 1215 3655 sequi,
1236 3589 1267 3639 in
1286 3590 1355 3642 reli-

206 3663 272 3734 quis
289 3672 386 3716 autern
404 3661 523 3715 Stoicos.
542 3659 665 3721 Illorum
682 3656 854 3725 sententium
871 3657 949 3709 dieat
966 3656 1135 3710 Plutarchus
1153 3658 1228 3710 Plac.
1248 3659 1353 3713 Philos.

204 3734 255 3786 lib.
264 3735 311 3788 tv,
327 3751 388 3803 cap.
397 3735 424 3802 4.
442 3730 615 3798 Πυθαγόρας.
634 3727 746 3781 Πλάτων
765 3726 894 3795 κατάμὲν
906 3722 955 3780 τὸν
963 3723 1091 3782 ἀνωτάτω
1103 3726 1189 3796 λόγον
1202 3728 1298 3800 διμερῆ
1306 3730 1354 3796 τήν

206 3804 317 3874 ψυχὴν·
333 3799 367 3871 ,γὸ
384 3797 502 3870 μὲνγὰρ
516 3801 574 3868 ἔχει
594 3794 781 3864 (fomentum)
803 3796 923 3864 λογικόν,
951 3797 981 3851 τό
996 3797 1027 3850 di
1040 3800 1159 3868 ἄλογον)
1183 3805 1249 3853 κατὰ
1275 3796 1353 3854 δὲτὸ

118 3920 122 3926 ·
204 3864 1355 4010 3000ἑὶ.”“ἷ..0“.(””οἔἔὲμῖ.ῗῖἰ..’000.οἶγέ0.0005ῡὲ3ιῖἷῖ.0000οῗἒέ

205 4019 256 4072 lib,
277 4019 299 4072 1,
319 3963 383 4086 pm.
404 4015 465 4068 586.
482 4008 640 4062 ·Alcinous
659 4009 757 4064 Doctr.
777 4011 848 4063 Plat.
868 4028 930 4082 cap.
950 4015 994 4071 23.
1016 4021 1045 4065 et
1062 4013 1206 4096 Diogenes
1224 4015 1354 4067 Laertius

90 4097 93 4100 ’
205 4089 256 4145 lib,
276 4088 354 4143 vm.
373 4083 396 4150 ς.
416 4084 458 4138 30.
488 4078 526 4132 At
542 4097 611 4134 vero
630 4079 722 4135 Stoici
740 4087 828 4153 φασὶν
845 4072 915 4137 εἶναι
932 4087 977 4148 τῆς
994 4085 1087 4153 ψυχῆς
1105 4087 1247 4138 dromos
1264 4091 1355 4156 μέρος,

205 4161 238 4216 «ὁ
257 4150 433 4225 ἡγεμονικόν,
452 4151 484 4234 τὰ1
502 4157 605 4206 ποιοῦν
619 4151 669 4214 τὰς
687 4156 838 4222 φαντασίας
863 4156 909 4207 καὶ
931 4156 980 4215 τοίς
997 4156 1218 4223 συγκαταθέσεις,
1247 4163 1292 4210 καὶ
1310 4156 1356 4208 αι’-

122 4246 125 4251 ’
202 4227 327 4296 ‚aequem
346 4224 393 4287 rol
411 4217 512 4294 ὄρμας·
540 4224 586 4280 καὶ
610 4225 689 4278 τοῦτο
716 4225 849 4294 λογισμὸν
866 4226 988 4282 καλοῦσι.
1016 4229 1116 4285 Verba
1141 4235 1208 4279 sunt
1234 4227 1357 4282 Chaero-

204 4297 304 4363 ,nensis¹
327 4294 493 4368 philosophi
519 4295 569 4348 lib.
587 4295 637 4350 Ν.
667 4297 742 4350 Plac.
772 4315 797 4350 c.
817 4299 861 4354 21.
894 4298 1126 4352 Perturbationes
1154 4298 1241 4351 etiam
1264 4297 1294 4352 ἐν
1319 4303 1357 4365 τῷ

205 4360 302 4438 λὀγικῷ
326 4368 370 4434 γῆς
395 4365 484 4435 ψυχῆς
507 4366 631 4436 posuisse
649 4366 760 4422 Stoicos
785 4377 907 4422 testatur
932 4368 1008 4420 idern
1033 4369 1067 4422 de
1085 4370 1159 4422 Virt.
1180 4372 1251 4422 Mor.
1271 4387 1355 4444 pugg.

63 4452 70 4464 ⁸
204 4442 347 4505 tet-me
369 4446 398 4493 et
415 4437 477 4511 περὶ
497 4441 670 4510 comode
688 4457 715 4511 p·
725 4441 810 4497 1025.
830 4439 906 4494 llinc
924 4441 1043 4506 tactum,
1062 4447 1095 4494 ut
1113 4439 1174 4494 illis
1193 4439 1224 4492 in
1242 4448 1358 4510 pertur-
