2842 5070
208 322 271 390 366
320 348 322 358 ·
416 315 647 382 CICERONIS
667 313 915 382 TUSCULAN.
935 313 1165 379 DISPU'I'AT.

178 471 184 482 ’
209 483 373 548 auditoris
394 484 481 545 iram
502 484 649 545 oratoris
676 480 834 544 incendat
853 482 953 544 actio.
1002 480 1125 542 Virum
1147 478 1289 562 denique
1312 483 1364 544 vi-

209 566 283 629 deri
306 574 441 654 negant,
456 567 519 647 ‘qui
540 567 642 627 irasci
662 567 802 630 nesciat:
825 583 980 646 eamqne‚-
998 583 1095 646 quam
1117 562 1279 626 lenitatem
1301 583 1362 626 nos

144 654 190 708 44.
209 650 369 722 dicimus,
402 650 527 713 vitioso
562 648 764 711 lentitudinis
790 649 926 708 nomino
959 645 1136 729 appellant.
1178 645 1252 708 Nec
1276 667 1362 710 vero
1388 697 1391 700 .

282 832 382 888 Virum
410 832 526 902 deniqne
550 830 649 886 uideri.
670 822 808 900 negant,]¹
837 830 982 884 Similiter
1006 828 1055 882 uir
1080 845 1133 898 per
1152 830 1360 885 excellentiam

208 905 329 974 ponitur
347 923 363 956 a
380 903 516 956 Terentio
542 903 661 956 Euml.
679 906 705 958 2.
733 905 775 957 14.
801 903 852 972 qui
878 901 975 953 laudat
992 900 1134 952 Drakenb.
1159 900 1194 951 ad
1219 902 1286 953 Liv.
1306 903 1359 955 111.

209 977 253 1030 67.
273 975 343 1027 Add.
363 975 480 1028 Terent.
499 973 621 1043 Adelph.
641 974 689 1026 lv,
709 976 734 1028 2.
755 975 798 1028 26.
827 973 886 1026 cic.
906 971 991 1026 catil.
1011 970 1063 1024 111.
1083 973 1117 1029 5.,
1134 971 1237 1025 Tusce.
1255 973 1297 1039 11,
1319 976 1360 1028 18.

208 1049 253 1102 43.
274 1044 353 1099 Ovid.
373 1046 447 1098 Fast.
466 1045 514 1097 Vl.
534 1047 595 1100 594.
615 1044 696 1096 Curt.
715 1045 763 1097 lx.
784 1047 808 1097 7.
829 1047 871 1099 lt.
900 1074 933 1086 -
952 1042 987 1113 ln
1004 1041 1057 1096 Ed.
1076 1043 1106 1093 P.
1126 1042 1280 1096 scribitur:
1312 1044 1362 1111 Vi·

100 1115 103 1124 '
209 1132 341 1185 rumque
358 1114 453 1169 uideri
469 1122 582 1184 negant.
618 1115 680 1168 Mr.

122 1191 125 1202 '
214 1219 243 1258 .‘
281 1185 357 1310 QuiD
364 1186 455 1240 irasci
476 1185 601 1254 nesciet]
646 1185 695 1238 Sic
711 1185 782 1260 Reg.
810 1184 957 1238 Pithocan.
986 1191 1016 1236 et
1033 1181 1146 1237 Balliol.
1185 1183 1281 1260 Vulgo
1312 1200 1361 1238 ne·

210 1255 291 1310 sciat.
359 1296 365 1308 .
743 1279 745 1281 ·
1221 1294 1229 1308 .

282 1328 331 1397 qui
344 1328 441 1385 irasci
456 1327 624 1394 neseiate]
660 1329 726 1382 Non
743 1326 826 1397 potui
844 1327 886 1380 ita
903 1318 946 1378 me
971 1325 1103 1379 addicere
1126 1325 1243 1396 optimis
1267 1326 1361 1392 libris,

211 1405 245 1450 ut
262 1398 298 1450 iis
317 1398 480 1452 iubentibus
499 1399 667 1452 Ciceronem
685 1400 795 1451 soloecc
813 1397 895 1467 loqui
911 1405 1040 1467 paterer:
1059 1413 1147 1519 guare
1166 1398 1282 1450 restitui
1295 1414 1362 1450 cum

212 1469 342 1521 omnibus
360 1471 420 1522 fere
439 1469 560 1537 reliquis
578 1470 649 1523 Edd.
670 1469 903 1533 Coniunctivum,
922 1485 1008 1537 quem
1025 1466 1063 1519 ha
1081 1475 1132 1520 ent
1146 1468 1232 1522 Codd.
1252 1468 1360 1522 (111412.

211 1539 299 1593 libarb.
320 1539 395 1593 Gud.
414 1538 510 1591 Duisb.
531 1539 658 1611 quinque
676 1541 747 1594 Oxx.
767 1538 832 1592 Sola
849 1539 901 1591 Ed.
921 1540 954 1597 P.
969 1536 1055 1590 habet
1073 1553 1142 1599 cum
1155 1537 1225 1590 Dav.
1239 1537 1360 1591 nesciet.

172 1667 174 1677 Ι
211 1611 312 1684 Pergit
329 1629 403 1663 unus
422 1610 472 1664 Ox.
492 1624 584 1679 eaque.
620 1613 684 1664 Mox
710 1610 807 1662 Duisb.
837 1610 998 1662 levitatem.
1027 1609 1112 1661 Vind.
1132 1611 1159 1664 2.
1188 1625 1239 1663 nos
1262 1609 1362 1663 lenita·

211 1687 274 1734 tem.
294 1683 369 1734 Mon.
390 1681 640 1735 incantemus.
667 1681 750 1734 Vind.
772 1686 796 1736 1.
820 1679 939 1734 dicimus
955 1695 1015 1733 nos.
1040 1679 1114 1732 Gud.
1134 1681 1160 1736 2.
1188 1695 1220 1733 so
1244 1697 1299 1749 pro
1317 1679 1362 1732 oi·

211 1751 297 1805 tioeo.
333 1752 401 1805 Mr.
442 1766 445 1769 ·
630 1756 632 1761 '

283 1836 394 1891 enorme
418 1853 452 1864 -
476 1807 577 1876 ditiora
605 1821 844 1877 lentitudinis
872 1820 982 1874 noneine
1013 1820 1177 1890 appellant]
1222 1821 1361 1886 „Nonius

211 1891 364 1944 Marcellus
382 1891 578 1966 lenitudinem
596 1892 656 1946 dici
673 1907 726 1962 pro
745 1895 859 1946 lenitate
877 1892 1062 1959 demonstrat,
1082 1900 1112 1945 ct
1126 1891 1223 1944 nullus
1235 1892 1359 1976 ignorat.
1395 1952 1398 1962 ι

212 1962 268 2015 Sed
284 1962 340 2015 hoc
358 1962 391 2015 in
415 1963 479 2015 loco
502 1981 561 2016 non
579 1962 766 2017 lenitudinis
782 1964 858 2039 lego,
884 1963 933 2015 sed
954 1962 1159 2027 lentitudinis,
1183 1969 1217 2012 ut
1241 1970 1279 2014 sit
1297 1980 1362 2014 sen·

211 2051 272 2087 sus:
291 2033 500 2087 Lentiludinem
518 2034 625 2087 dici-in
643 2034 817 2101 hominibus,
836 2033 888 2103 qui
906 2034 991 2086 irasci
1010 2033 1152 2098 nesciunt,
1170 2047 1223 2102 pro
1242 2031 1361 2085 lenitate

211 2100 272 2158 siis
290 2104 458 2169 lenitudine;
486 2105 562 2171 quod
579 2121 685 2158 nomen
702 2105 733 2156 in
750 2104 824 2159 vitio
843 2112 895 2169 est,
914 2111 944 2156 et
962 2105 1037 2156 cadit
1055 2105 1086 2156 in
1102 2102 1357 2172 vituperationem,

212 2192 279 2227 cum
302 2174 403 2228 lenitas
425 2174 635 2229 sivelenitudo
653 2173 694 2227 'in
718 2174 803 2227 laude
830 2174 877 2227 sit.
921 2171 1124 2229 lentitudinem
1153 2171 1377 2241 improbamus,r

212 2245 354 2299 lenitatem
370 2246 528 2315 probamus.
566 2241 807 2305 lentosxdicimus
825 2244 966 2310 homines,
994 2244 1045 2314 qui
1061 2261 1118 2312 uon
1135 2249 1289 2294 moventur
1317 2244 1361 2292 ai-

211 2317 346 2378 fectibus,
370 2333 402 2366 ac
426 2314 520 2378 ueluti
545 2315 767 2383 aequanimitate
791 2323 939 2384 torpentes
963 2322 1079 2385 stupent
1101 2321 1131 2368 et
1153 2312 1288 2369 tirditate
1315 2313 1363 2381 pi-

248 2392 343 2436 antur.
378 2384 558 2455 Propertius:
582 2385 716 2439 Hostibus
742 2386 848 2439 eoeniat
872 2387 945 2454 lenta
964 2387 1059 2455 puelle
1077 2383 1160 2437 meis*
1173 2382 1237 2449 [111.
1256 2385 1283 2438 8.
1302 2381 1361 2447 211]

233 2453 322 2506 linius
346 2453 468 2510 innuere
491 2450 608 2509 videtur
625 2458 727 2510 lentum
745 2465 774 2510 et
800 2455 992 2519 lentitudinem
1015 2454 1142 2510 derivari
1164 2471 1179 2505 a
1202 2453 1231 2505 le
1273 2454 1361 2518 mine,

212 2524 261 2578 cui
279 2525 339 2578 lens
357 2533 529 2583 estnomen.
553 2525 602 2580 Sic
621 2528 699 2579 enim
716 2527 750 2580 de
768 2530 838 2591 lente
855 2527 957 2578 scribit
975 2527 1007 2577 in
1026 2530 1077 2584 18:
1095 2524 1130 2590 [c.
1149 2524 1212 2577 xli.
1252 2532 1306 2576 ect.
1318 2525 1361 2578 st.

130 2637 134 2647 .
210 2598 240 2669 p.
261 2597 321 2652 116.
340 2596 394 2648 Ed
413 2595 500 2650 Hard.
518 2596 553 2653 T.
572 2596 624 2662 11.]
646 2599 825 2651 Translatum
844 2598 934 2650 estin
953 2598 1105 2651 lenticulas
1122 2610 1227 2648 nomen.
1253 2594 1362 2662 inuenio

92 2724 103 2742 .
210 2667 286 2735 apud
303 2673 433 2721 auctores
451 2667 696 2739 aequanimitatem
714 2668 782 2735 fieri,
797 2667 965 2722 vescentibus
983 2683 1024 2720 ea.
1061 2669 1099 2720 ut.
1119 2665 1234 2718 Tullius
1254 2666 1285 2716 in
1304 2664 1363 2733 epi·
1410 2717 1413 2721 ,

211 2738 283 2790 stola
309 2737 343 2789 ad
361 2738 392 2875 (g.
411 2741 533 2792 tratrem
557 2738 736 2804 didascalica,
763 2739 825 2792 Non
843 2738 943 2803 irasci,
963 2738 1067 2808 inquit,
1093 2736 1272 2790 lentitudinis
1289 2734 1361 2788 esl.“

210 2808 343 2861 Beroald.
387 2811 478 2862 Locus
504 2817 547 2862 cst
574 2810 605 2861 in
623 2811 678 2879 Ep.
704 2811 738 2862 ad
756 2809 787 2875 Q.
807 2811 856 2865 Fr.
876 2811 898 2862 1.
920 2813 1067 2864 1..11:.te
1085 2807 1159 2860 illud
1177 2809 1310 2860 admoneo
1330 2832 1362 2843 -

211 2878 395 2933 resistendum
414 2894 475 2931 esse
492 2879 666 2945 iracundiae,
686 2895 821 2949 quumque
838 2871 871 2931 ed
889 2879 1008 2932 manime
1027 2879 1284 2939 animummooeat,
1307 2882 1362 2929 tum

212 2948 269 3002 tibi
285 2963 345 3002 esse
364 2948 584 3016 diligentissime
602 2951 729 3018 linguam
748 2950 950 3014 continendam,
971 2965 1037 3018 quae
1055 2948 1166 3014 quidem
1184 2946 1255 3002 mili
1273 2947 1363 3000 uirtus

207 3022 266 3073 non
283 3018 421 3074 interdum
438 3022 530 3073 minor
547 3021 665 3088 videtur,
692 3037 774 3091 quam
792 3021 904 3081 omnino
922 3038 975 3072 non
993 3018 1099 3073 irasci:
1128 3034 1192 3071 nam
1216 3018 1289 3072 illud
1311 3033 1363 3070 nan

178 3101 180 3105 ’
210 3091 302 3144 solum
318 3097 362 3144 eet
380 3091 547 3158 grauitatis,
562 3087 615 3144 'sed
632 3108 821 3161 nannunmeam
840 3092 925 3144 etiam
944 3089 1127 3144 lentitudinis.
1155 3090 1266 3142 Laudat
1281 3104 1363 3156 prae-

96 3167 102 3179 “
199 3169 292 3214 ‘terea
309 3160 393 3218 Schz.
413 3162 445 3214 in
462 3163 531 3215 Lex.
552 3162 612 3216 Cic.
631 3182 659 3234 p.
679 3167 740 3219 1911.
760 3165 843 3215 Verr.
859 3163 905 3215 IV.
917 3164 964 3217 61:
983 3162 1112 3214 virorum
1130 3159 1219 3213 nimia
1239 3158 1269 3212 in
1280 3157 1364 3211 istum

212 3230 398 3287 lentitudo.
436 3233 547 3286 Addens
566 3251 601 3285 ex
618 3234 690 3289 Ern.
711 3233 753 3286 Cl.
773 3233 852 3285 Cio:
873 3232 994 3284 Osnnino
1013 3231 1157 3283 lentitudo
1176 3230 1285 3283 dicitur
1302 3230 1363 3281 fere

180 3320 182 3326 ·
211 3302 244 3354 in
267 3304 372 3355 malam
394 3312 517 3373 partem,
546 3304 614 3371 quia
639 3312 682 3356 est
704 3304 819 3387 signum
843 3302 975 3372 stuporis.
1006 3302 1069 3353 vid.
1094 3303 1191 3354 Burm.
1223 3300 1259 3352 ad
1283 3299 1362 3352 Ovid.

186 3409 189 3417 .
211 3372 301 3425 Trist.
322 3375 359 3427 11.
379 3376 406 3428 3.
428 3376 470 3428 lt.
490 3374 636 3425 Drakenb.
653 3374 688 3426 ad
706 3376 768 3427 lav.
788 3375 876 3427 XLII.
899 3376 941 3428 14.
962 3372 1066 3425 Graes.
1087 3372 1122 3424 ad
1131 3373 1214 3437 Verr.
1233 3370 1254 3421 1.
1268 3386 1294 3421 c.
1314 3369 1364 3438 qui

116 3495 119 3499 ,
212 3451 292 3497 recte
316 3452 415 3497 monet
439 3444 632 3497 lentitudinem
659 3444 718 3496 dici
741 3444 776 3497 de
801 3444 846 3509 iis,
873 3444 923 3512 qui
941 3444 1051 3508 ferunt,
1076 3458 1149 3511 quas
1171 3440 1292 3493 ferenda
1309 3455 1364 3492 non

212 3521 288 3578 sunt,
314 3514 476 3584 inprimis,
505 3514 555 3583 qui
573 3531 697 3566 uxorum
720 3515 870 3567 licentia'm
893 3531 951 3566 non
970 3514 1120 3587 castigant,
1144 3511 1193 3563 sed
1219 3510 1363 3580 aequiore,

214 3601 300 3652 quam
316 3585 398 3638 decet
427 3585 521 3637 animo
540 3585 689 3650 tolerant]
708 3584 895 3652 ,βραδυτῆτα
914 3584 1021 3636 dixere.
1050 3584 1104 3636 etsi
1127 3577 1234 3652 βραδῦς
1255 3580 1366 3632 Aristo-

212 3653 302 3725 phani
321 3665 364 3708 est
405 3657 466 3721 ebes
484 3664 535 3708 aut
553 3654 637 3708 iners.
668 3655 801 3709 Nebulis:
821 3654 982 3722 ἐπιλήσμων
999 3653 1043 3706 καὶ
1061 3650 1166 3724 βραδύς
1185 3652 1270 3717 [Nub.
1282 3649 1363 3716 13021.

212 3724 268 3776 Vel
286 3728 450 3789 estnobelu,
468 3726 518 3778 vel
536 3743 621 3794 quam
639 3722 790 3795 inpensius
812 3725 982 3778 Aristoteles
1009 3734 1100 3778 vocat.
1136 3722 1308 3776 Plutarchus
1326 3729 1367 3772 ta-

213 3810 372 3859 men‚.cu1n
390 3796 454 3863 περὶ
471 3796 618 3860 ἀοργησὶας
636 3797 760 3865 scripsit,
779 3796 870 3848 laudis
889 3796 945 3848 hoc
963 3810 1067 3856 nomen
1086 3812 1146 3848 esse
1163 3792 1291 3845 voluit.“
1312 3792 1366 3846 Ca·

206 3880 318 3921 merae.
355 3864 573 3930 „lentitudinis
591 3865 745 3939 legendum
766 3865 829 3930 [Ed.
852 3869 920 3940 Arg.
941 3863 1132 3930 lenitudinis]‚
1151 3863 1367 3932 nequs'dissen·

213 3935 293 3985 tiunt
317 3934 350 3986 ab
371 3934 426 3987 hac
448 3934 574 3987 lectione
595 3936 665 3987 libri
691 3937 804 4010 vulgati
830 3935 894 4000 [Ed.
914 3936 984 4009 Arg.
1017 3944 1046 3988 et
1071 3933 1119 3987 ita'
1139 3935 1246 3989 habent
1270 3949 1367 3986 ornnes

214 4003 283 4056 libri
301 4005 394 4056 nostri
411 4013 523 4058 veteres
541 4014 571 4058 et
588 4006 723 4075 plerique
739 4006 884 4080 vulgatiz]
915 4008 1044 4059 Nonium
1067 4007 1160 4081 igitur
1184 4020 1244 4056 non
1268 4020 1368 4074 seque·

213 4079 290 4140 m‘ur,
318 4076 369 4143 qui
390 4075 465 4197 legit
483 4075 649 4131 lenitudinis
668 4076 705 4142 [2,
724 4080 785 4132 503.
805 4080 873 4134 Voc.
893 4076 1069 4132 lentitudine.
1100 4095 1165 4129 nam
1191 4075 1249 4128 hoo
1274 4075 1369 4145 ipsum

148 4173 153 4189 .
211 4147 359 4219 Merccrus
383 4163 429 4197 ma
442 4147 487 4199 uit
512 4165 540 4217 p.
562 4152 621 4214 134,
641 4150 674 4204 ie
700 4147 888 4213 lentitudinis,
914 4148 1042 4217 inquam,
1067 4164 1125 4199 non
1148 4143 1368 4211 lenitudinis.]“

151 4229 160 4262 ·.
211 4213 372 4271 Lambinus.
410 4217 491 4270 Facit
508 4217 567 4271 huc
585 4220 741 4272 casauboni
759 4225 855 4271 annot.
876 4218 909 4270 ad
927 4218 1043 4272 Sueton.
1063 4218 1128 4271 Tib.
1147 4218 1191 4273 57.
1212 4217 1248 4270 ad
1264 4217 1367 4270 verba:

211 4302 297 4340 saeua
317 4302 352 4340 ao
370 4287 447 4340 lenta
465 4296 577 4341 natura.
616 4289 785 4356 „Putabam3
804 4288 853 4354 ait,
873 4287 961 4342 Saeua
979 4305 1013 4343 ae
1031 4292 1235 4351 truculenta
1253 4294 1367 4341 natura.

207 4357 269 4425 =Sed
286 4358 512 4433 repugnantibus
529 4359 612 4413 libris
630 4358 708 4411 nihil
727 4368 816 4411 muto·
852 4357 954 4413 lentus
972 4360 1089 4424 dicitur,
1124 4359 1180 4429 qui
1199 4373 1261 4429 non
1280 4359 1370 4412 facile

210 4436 357 4482 movetur:
388 4429 462 4484 unde
486 4430 560 4484 lente
584 4430 663 4496 serre
685 4428 809 4485 iniurias
828 4428 905 4499 apud
930 4429 1108 4492 ciceronem.
1134 4427 1272 4507 ⁸Seianus
1296 4428 1371 4501 apud
1403 4492 1407 4499 ,
