2842 5070
570 256 697 409 mauu
715 299 777 380 111,
798 302 848 367 ts.
1233 298 1276 367 oo

125 458 318 552 opinionem
349 462 430 531 mali
458 466 701 554 aegritudinem
730 485 801 527 esse
831 473 963 542 natura,
995 473 1046 543 ut,
1078 458 1274 549 quicumque

124 598 270 607 ,ᾕ-
424 599 500 604 .—

183 657 360 727 opinione
379 654 446 709 mati
464 655 673 724 aegritudinem
690 669 759 719 esse,
778 670 841 706 non
859 652 998 719 naturae]
1028 652 1150 718 „Aliter
1168 653 1199 704 in
1217 668 1277 704 om-

126 729 209 780 nibus
228 729 327 780 libris:
356 743 408 802 ego
427 743 480 779 non
498 727 592 779 addidi
617 743 653 779 ex
672 726 798 799 ingenio.
838 725 977 791 Opinione
1004 723 1111 792 sumpsi
1136 741 1152 774 a
1170 723 1276 792 scripto

128 799 243 872 Sigonii
270 799 354 850 libro.
391 799 545 850 Confirmat
573 797 783 848 correctionem
806 805 932 848 nostram
957 795 1033 863 quod
1060 795 1139 846 inira
1156 793 1275 868 legitur,

128 869 274 936 Simulque
299 868 393 920 iudico
411 870 514 920 matum
536 867 609 920 iilud
633 866 773 933 opinionis
798 882 867 931 esee,
891 882 947 918 non
971 872 1104 917 naturae.
1132 872 1173 917 et:
1199 864 1278 917 uides

128 956 207 1006 ergo,
228 938 363 1007 opinionis
381 955 449 1003 esse,
469 954 522 989 non
540 945 659 989 naturae
677 939 792 990 malum.
814 947 857 990 et:
883 937 927 988 Ee
945 953 997 1003 qtto
1015 936 1197 1002 intelligitur,
1225 951 1278 986 non

128 1008 159 1061 in
177 1016 286 1074 natura,
305 1009 401 1062 sedin
419 1008 547 1075 opinione
565 1024 625 1060 esee
645 1009 864 1075 aegritudinem.
885 1015 926 1059 et:
947 1007 1010 1059 Non
1028 1015 1132 1059 natura
1151 1005 1277 1062 exoritur

129 1080 286 1145 aegritudo,
306 1080 355 1132 sed
372 1079 490 1145 iudicio,
510 1079 561 1131 sed
578 1077 715 1145 opinione.
753 1080 814 1129 Nec
832 1077 971 1130 dissimile
990 1078 1064 1128 illud
1083 1078 1116 1129 de
1136 1077 1275 1147 corporis,
1367 1132 1369 1137 ,
1416 1110 1420 1118 .

126 1166 184 1200 non
203 1151 299 1214 animi,
319 1150 417 1202 dolore
436 1149 486 1201 lib.
507 1151 560 1202 lll.
581 1149 614 1201 de
634 1148 696 1199 Fin.
736 1148 839 1215 Opinio
857 1149 919 1214 fuit,
940 1165 993 1200 non
1012 1154 1120 1211 natura,
1145 1148 1202 1200 vim
1226 1149 1277 1200 do·

126 1218 198 1271 loris
214 1226 263 1272 aat
281 1222 416 1283 maiorem
435 1228 484 1272 aut
501 1217 668 1272 minor·em.“
686 1219 717 1272 P.
739 1221 848 1271 Manat.
887 1255 905 1283 ‚,
915 1219 985 1270 Mihi
1010 1220 1099 1292 magis
1117 1219 1223 1287 placet,
1242 1228 1277 1271 ut

124 1288 209 1342 habet
233 1292 452 1360 manuscriptus,
484 1290 613 1358 opinione
636 1290 707 1342 mali
740 1289 947 1357 aegritudinem
973 1305 1031 1340 esse
1061 1296 1186 1346 natam.
1229 1291 1276 1341 Ex

124 1376 193 1412 voce
212 1361 289 1412 enim
309 1368 403 1413 notam
421 1361 572 1429 imperitus
590 1360 726 1412 librarius
745 1361 816 1411 iecit
835 1359 968 1411 natura.“
990 1359 1121 1412 Ursinus.
1153 1362 1276 1425 „Manu-

124 1430 160 1481 tii
180 1432 312 1500 exempla
333 1432 428 1483 ornnia
454 1441 519 1482 sunt
548 1429 760 1499 ἅπροςδιόνασα.
798 1430 912 1481 Tullius
940 1431 1017 1482 enim
1035 1429 1085 1482 hic
1111 1446 1168 1482 non
1186 1448 1274 1496 suam,

123 1500 173 1552 sed
196 1501 320 1571 Epicuri
342 1503 514 1554 sententiam
538 1502 666 1570 exponit.
707 1502 834 1570 Epicuro
862 1509 957 1552 autem
987 1500 1083 1568 placet
1110 1501 1275 1569 opinionem

122 1571 193 1622 mali
212 1572 424 1646 aegritudinem
444 1574 631 1634 emanatura,
650 1570 705 1622 hoc
725 1580 775 1634 est,
795 1571 819 1622 si
838 1571 902 1638 quis
920 1587 949 1621 se
961 1569 999 1638 in
1018 1571 1099 1622 unalis
1125 1587 1182 1622 esse
1201 1572 1276 1623 arbi-

123 1649 229 1706 tretur,
248 1651 282 1692 ut
299 1643 323 1692 is
342 1644 374 1694 in
391 1642 573 1716 aegritudine
592 1642 638 1706 sit,
658 1650 788 1693 naturam
807 1642 893 1692 ferre.
932 1640 982 1693 Sic
1000 1641 1078 1692 enim
1096 1641 1196 1693 Cicero
1215 1641 1276 1710 ipse

123 1711 199 1762 hanc
217 1713 338 1781 Epicuri
357 1713 530 1765 sententiam
549 1713 758 1781 interpretatur
771 1711 860 1762 inira:
898 1713 977 1786 Ergo
1003 1711 1118 1764 alibris
1146 1712 1276 1766 omnibus

125 1781 289 1833 standum.“
325 1783 372 1834 Fr.
393 1783 475 1834 Febr.
773 1805 775 1812 ·
1151 1795 1152 1798 ’

79 1906 82 1917 ,
198 1851 321 1918 Epicuro
340 1861 430 1906 autem
445 1853 546 1921 piacet,
566 1851 733 1920 opinione
751 1852 832 1918 moti,
851 1851 1060 1918 aegritudinem
1071 1869 1130 1906 ease
1139 1852 1274 1921 naturae]

125 1923 199 1987 „Ita
217 1921 308 1974 Gebh.
330 1922 410 1987 [Ern.
432 1932 469 1987 et,
490 1924 602 1977 Oliveto
621 1931 705 1988 teste,
727 1923 835 1989 Larnb.]
864 1923 1047 1975 Manifestum
1074 1933 1124 1988 est,
1162 1927 1277 1977 Cicero·

125 2009 192 2044 nem
209 1992 259 2044 hic
278 1993 404 2062 Epicuro
423 1994 551 2047 tribuere
571 1994 741 2046 sententiam
767 2012 782 2044 a
806 1993 954 2062 superiore
980 1992 1116 2044 nonnihil
1140 1994 1278 2049 differen-

127 2070 200 2114 tem:
222 2081 392 2132 quamquam
412 2074 526 2116 estune
545 2067 706 2134 eademque.
744 2064 873 2115 Davisius
899 2081 934 2115 ex
960 2063 1071 2132 aliquot
1089 2064 1173 2116 Codd.
1198 2064 1277 2116 dedit

126 2133 282 2199 opinionem
299 2135 376 2186 mati.
414 2137 475 2187 Hoc
493 2152 563 2187 vero
581 2136 705 2204 Epicuri
732 2135 889 2186 sententiae
907 2134 992 2203 plane
1017 2134 1190 2187 adversatur.
1228 2134 1278 2186 Di-

126 2212 206 2256 ceret
233 2206 319 2269 enim,
348 2207 513 2276 opinionem
540 2206 610 2257 mali
635 2223 724 2274 aeque
750 2205 912 2257 naturalem
940 2221 999 2263 esse
1029 2204 1157 2271 hornini,
1192 2221 1279 2274 quam

125 2274 437 2349 aegritudine1n2‘curn
455 2285 551 2328 tamen
570 2294 605 2328 ex
622 2277 834 2346 Epicureorum
852 2276 993 2328 sententia
1011 2277 1118 2327 malum
1137 2277 1175 2328 sit
1192 2276 1277 2346 plane

125 2343 157 2395 in
176 2354 272 2396 nostra
290 2346 495 2420 imaginatione
514 2345 685 2416 (opinione):
707 2347 748 2397 ita
765 2355 808 2410 ut,
827 2347 854 2396 si'
870 2347 945 2399 forte
974 2348 1140 2420 contigerit,
1170 2365 1205 2400 ex
1227 2362 1279 2399 no-

124 2423 184 2466 stra
203 2417 338 2484 opinione
358 2417 505 2486 expellere
523 2418 679 2490 imaginem
705 2417 784 2480 mali,
809 2416 887 2467 nihil
908 2415 993 2485 plane
1020 2419 1088 2468 mali
1113 2414 1276 2469 sentiamus.

122 2485 176 2537 Est
196 2486 296 2558 igitur,
325 2487 401 2555 quod
426 2488 604 2556 suspicemur
628 2486 776 2555 scripsisse
798 2486 981 2538 Ciceronem:
1009 2487 1146 2555 Opinione
1164 2488 1277 2552 nmium,

125 2556 336 2623 aegritudinem
354 2574 415 2610 esse
433 2564 542 2610 natura.
580 2557 660 2609 Idem
676 2558 761 2626 plane
781 2556 852 2608 dicit
872 2557 949 2607 inira
967 2555 992 2608 c.
1015 2560 1070 2611 15.:
1100 2557 1198 2610 iudico
1216 2573 1278 2610 rna-

125 2625 183 2678 ium
202 2628 273 2679 iliud
295 2629 435 2696 opinionis
454 2646 521 2692 esse,
540 2644 593 2680 non
617 2634 742 2680 naturae.
768 2628 807 2678 Et
825 2644 849 2679 c.
870 2630 919 2681 27:
948 2627 1028 2680 oidee
1046 2627 1188 2694 opinionis
1207 2643 1276 2691 esse,

125 2712 181 2749 non
199 2703 315 2750 naturae
333 2699 444 2751 matum.
468 2702 507 2752 Et
526 2716 549 2752 c.
570 2701 618 2753 33:
647 2698 784 2764 Quicquid
802 2704 874 2750 esset
892 2700 922 2751 in
940 2699 1120 2763 aegritudine
1144 2698 1222 2760 mati,
1247 2697 1279 2749 id

81 2789 83 2793 ’
116 2764 180 2819 'non
198 2769 327 2821 naturate
345 2787 413 2835 esse,
440 2771 491 2822 sed
513 2769 673 2822 voluntario
690 2768 799 2820 iudicio
825 2776 851 2820 et
876 2768 1014 2836 opinionis
1042 2785 1140 2821 errore
1167 2773 1279 2821 contra·
1324 2770 1338 2802 θ

124 2841 232 2890 etum.“
250 2837 382 2890 Bouhier.
420 2842 605 2892 Lallemanno
623 2840 719 2906 placet
738 2839 859 2889 Manutii
878 2839 960 2890 ratio.
998 2839 1058 2892 Mr.
1094 2867 1103 2890 s

198 2910 370 2979 Opinionem
387 2910 468 2974 mati,
488 2905 697 2977 aegritudinem
716 2925 775 2961 esee
793 2907 906 2971 natura]
952 2911 1065 2962 Paullus
1085 2913 1202 2979 quidem
1220 2913 1278 2962 lila-

123 2979 230 3030 nucius
255 2979 380 3048 reponit,
409 2980 537 3045 opinione
562 2980 632 3031 niati
658 2979 869 3046 aegritudinem
893 2995 961 3046 erse,
987 2996 1040 3033 non
1065 2988 1176 3047 natura,
1203 2980 1278 3050 quod

77 3095 80 3099 .
147 3049 232 3099 assim
250 3047 348 3099 doceat
367 3049 478 3112 Cicero,
498 3069 529 3101 ae
553 3051 711 3102 ritudinem
730 3051 869 3119 opinioni,
886 3067 947 3101 non
966 3060 1095 3117 naturae,
1115 3062 1211 3104 ortum
1229 3052 1278 3103 de-

122 3067 204 3170 dere.
244 3115 299 3168 Sed
316 3117 371 3169 hoc
390 3127 431 3170 est
448 3121 513 3170 ¹uiri
531 3069 694 3170 doctissimi
717 3126 875 3189 παρόραμα,
904 3120 976 3171 licet
994 3122 1054 3172 eius
1082 3123 1279 3173 coniecturam

122 3190 233 3240 diserte
252 3197 468 3256 repraesentent
490 3189 599 3240 Eliens.
625 3198 693 3241 tert.
714 3197 742 3240 et
760 3193 887 3241 Petrens.
904 3207 978 3252 nam,
999 3191 1074 3258 quod
1092 3192 1166 3242 vidit
1191 3191 1279 3242 etiam

120 3261 174 3312 Fr.
196 3258 351 3322 Fabricius,
370 3258 445 3311 haud
463 3277 551 3323 suam,
570 3260 750 3328 sedEpicuri
767 3259 942 3312 sententiam
961 3261 1052 3311 refert
1063 3260 1186 3312 Tullius.
1206 3260 1279 3328 Epi-

121 3347 211 3382 curus
231 3338 326 3380 autem
344 3335 445 3394 censet,
467 3346 578 3382 necesse
602 3347 662 3383 esee
681 3346 775 3382 omnes
799 3329 831 3382 in
850 3330 1026 3394 aegritudine
1044 3346 1111 3397 esse,
1132 3331 1180 3399 qui
1199 3347 1229 3382 ee
1247 3329 1278 3383 in

122 3399 212 3453 molis
230 3415 290 3452 esee
316 3402 499 3466 arbitrentur,
528 3400 765 3470 quemadmodum
789 3401 829 3452 ait
855 3409 952 3452 noster
978 3401 1055 3452 infra
1073 3419 1133 3471 cap.
1158 3403 1216 3453 XV.
1245 3418 1278 3454 ac

122 3470 247 3542 proinde
265 3470 362 3535 lectio,
389 3490 473 3541 quam
501 3473 672 3542 recepimus,
698 3480 817 3524 nonest
844 3472 990 3524 movenda.
1032 3473 1109 3524 Hinc
1133 3481 1174 3525 est
1202 3473 1279 3542 quod

91 3594 95 3599 ,
124 3543 284 3612 sapientem
308 3543 517 3611 λυπηθήσεσθαι
540 3552 654 3608 statuat,
687 3560 754 3594 cum
778 3542 878 3606 Stoici,
911 3542 962 3610 qui
984 3542 1196 3616 aegritudinem
1219 3560 1278 3595 non

124 3621 257 3677 naturae,
274 3613 323 3664 sed
339 3615 483 3666 voluntati
501 3614 644 3677 tribuunt,
665 3613 694 3665 id
712 3613 829 3666 omnino
847 3621 963 3685 negent.
988 3614 1059 3664 Vide
1078 3615 1225 3666 Laertium
1242 3615 1277 3679 X,

128 3686 191 3738 119.
219 3683 325 3741 Eadem
344 3685 402 3735 fuit
422 3686 648 3754 Cyrenaicorum
671 3684 821 3736 sententia.
860 3683 1052 3737 Laertiusdl.
1073 3686 1116 3738 91.
1152 3686 1209 3735 Kal
1233 3687 1279 3737 lv·
1309 3696 1311 3700 '

124 3759 263 3821 nidrosiae
280 3753 376 3822 μέντοι
401 3758 448 3807 καὶ
471 3761 658 3825 φοβήσεσθαι·
678 3756 858 3807 orelam
873 3748 924 3804 PA'
929 3757 953 3803 P
968 3753 1162 3806 ΓῙΝΕΣΘΑΙ.
1191 3755 1276 3808 Fulv.
1368 3781 1373 3793 ¹

125 3834 223 3877 tamen
241 3825 363 3877 Ursinus
382 3842 417 3877 ex
435 3843 484 3878 suo
503 3830 573 3878 ltlsto
593 3826 675 3909 legit,
695 3827 829 3893 opinione
846 3825 915 3878 mati
933 3826 1139 3891 aegritudinem
1157 3842 1279 3880 esseno-

124 3902 191 3948 tam.
229 3894 338 3965 Inepte.
376 3895 443 3960 Quis
463 3899 540 3948 enim
562 3897 712 3961 dubitavit,
739 3898 811 3965 quin
830 3913 863 3946 ex
877 3896 957 3947 rmalo
982 3914 1032 3948 seu
1054 3906 1203 3965 praesente
1228 3915 1278 3950 seu

125 3973 290 4035 exspectato
309 3976 482 4031 nasceretur,
502 3969 525 4018 si
545 3964 595 4036 qui
615 3975 695 4031 esset,
717 3968 805 4018 animi
821 3966 922 4018 dolor?
941 3965 975 4018 In
995 3984 1027 4018 eo
1045 3984 1115 4020 vero
1134 3969 1279 4036 discrepa-
1318 4005 1321 4011 -

124 4035 193 4088 bant
212 4036 291 4088 inter
314 4053 343 4086 se
363 4035 454 4088 Stoici
475 4047 503 4089 et
521 4038 669 4107 Epicurei,
694 4038 769 4106 quod
786 4037 819 4088 hi
844 4037 910 4089 fieri
929 4053 987 4088 non
1004 4053 1084 4106 posse
1103 4039 1276 4102 censuerint,

125 4105 199 4175 quin
226 4107 440 4180 aegritudinem
464 4109 635 4160 suscitarent
657 4109 745 4173 mala3
773 4107 865 4160 Stoici
892 4116 988 4160 autem
1011 4107 1086 4160 hanc
1112 4108 1277 4161 voluntarie

126 4186 284 4246 susceptam
303 4194 363 4230 esse
383 4177 593 4249 contenderint.
629 4178 666 4230 D.

198 4265 330 4334 opinione
348 4266 417 4318 mali
436 4253 641 4333 aegriiudinem
660 4282 719 4320 ease
737 4267 851 4334 naturad
887 4268 942 4332 „E
967 4268 1191 4336 Cyrenaicorum
1216 4281 1279 4316 sen·

126 4336 219 4389 tentia
231 4346 364 4406 apparet,
383 4355 495 4389 sensum
514 4338 545 4388 ln
563 4336 608 4388 his
627 4355 684 4389 esse
701 4332 816 4390 debere:
843 4339 964 4390 simulac
988 4339 1096 4389 malum
1123 4338 1187 4405 quis
1207 4333 1277 4402 quid

129 4423 188 4461 esea
206 4408 350 4479 opinetur,
367 4407 588 4484 aegritudinem
609 4407 699 4478 sequi.
737 4408 792 4477 Qui
816 4408 847 4461 in
870 4409 917 4463 his
941 4408 1037 4462 verbis
1064 4425 1131 4460 cum
1153 4402 1277 4466 nonsit,
