2842 5070
576 239 707 341 menn
729 273 788 354 111,
814 278 843 342 s.
1232 275 1276 339 n

122 451 186 513 isse
216 465 256 511 ex
284 443 657 527 potestatedicuntur,
678 441 802 512 iccirco
824 437 994 514 dicuntur,
1015 440 1090 520 qnia
1111 459 1177 501 non
1199 452 1277 503 sunt

121 534 160 592 in
180 538 345 613 potestate
366 528 506 590 mentis:
534 527 589 587 cui
610 544 750 607 regnum
772 525 877 584 totius
898 522 1041 585 animi-a
1060 528 1191 583 'natura
1215 524 1292 583 tri-¹

118 613 243 675 butum
265 620 325 673 est.
371 609 492 671 Graeci
513 616 623 671 autem
643 602 875 686 pauiauunde
896 605 1072 685 appellent,
1094 623 1161 664 non
1182 605 1277 666 facile
1295 606 1320 657 b.

123 693 281 758 dixerim.
325 693 405 775 Eam
426 699 537 752 tamen
558 691 664 772 ipsam
686 687 921 773 distinguimus
942 696 1003 748 nos
1023 686 1151 764 melius,
1179 705 1277 767 quam

138 822 240 831 η’...-
1113 814 1279 822 —u———u

125 876 230 942 natan)
247 881 320 930 Mon.
341 882 366 934 1.
385 880 410 933 2.
439 875 514 930 Gud.
542 881 566 932 1.
587 880 612 933 2.
640 875 714 952 Aug.
741 875 812 928 Edd.
841 876 869 926 P.
889 873 922 926 A.
942 874 973 929 Β.
994 873 1021 927 S.
1042 873 1077 926 E.
1098 872 1128 926 G.
1148 874 1181 924 V.
1209 873 1277 926 Rob.
1327 869 1336 883 '

125 948 225 1020 Steph.
251 951 320 1002 Van.
346 957 436 1001 nostr.
463 948 583 1003 Asci.
616 950 681 1000 llllox
705 950 779 1000 llllon.
801 952 825 1000 l.
850 944 898 998 cui
929 959 1046 1011 regno.
1077 943 1162 995 Vind.
1184 948 1207 998 1.
1234 947 1280 997 cui

123 1036 164 1073 re
196 1021 291 1074 imen.
327 1020 388 1073 Mr.
1063 1046 1066 1051 <
1113 1068 1116 1071 i

168 1037 296 1145 gGraeci
314 1096 406 1144 aulem
422 1089 572 1158 μανίαν]
592 1089 657 1142 Cod.
679 1088 752 1154 Gud.
774 1093 798 1143 l.
818 1104 896 1157 apr.
916 1105 953 1142 m.
974 1083 1105 1139 Graecia.
1134 1085 1279 1139 scribitur

122 1167 219 1214 autem
236 1161 346 1214 Latinis
370 1161 465 1215 literis
491 1162 613 1214 maniam
639 1160 671 1210 in
689 1158 776 1212 codd.
800 1159 875 1211 Mon.
897 1161 922 1213 l.
942 1160 968 1212 2.
995 1156 1081 1208 Illarb.
1110 1154 1184 1208 Gud.
1206 1161 1230 1211 1.
1251 1159 1277 1211 2.

121 1231 197 1316 Aug.
234 1230 317 1284 Unde
344 1249 410 1284 cum
437 1248 503 1283 casu
527 1231 638 1282 factum
666 1236 740 1283 esset
756 1229 894 1294 inaniam,
924 1235 957 1279 ut
976 1234 1018 1280 est
1037 1227 1067 1279 in
1085 1228 1156 1280 Ven.
1176 1235 1277 1292 nostr„

92 1356 95 1361 ,
123 1303 175 1355 alii
202 1302 336 1354 fecerunt
362 1301 533 1377 corrigendo
559 1299 731 1352 vocabulum
757 1301 883 1352 latinum
907 1298 1057 1362 insaniam,
1086 1306 1115 1351 et
1141 1299 1183 1350 sic
1210 1297 1278 1350 eon.

123 1373 269 1426 cuent
289 1374 370 1427 Junt.
406 1373 441 1424 ln
459 1389 551 1445 marg.
570 1371 624 1424 Ed.
644 1374 714 1424 Ven.
734 1368 794 1423 Alt.
813 1372 955 1445 leguntur
970 1368 1069 1421 baecz-
1085 1372 1204 1434 „Marta
1223 1365 1279 1421 ἀπὸ

123 1447 175 1497 τοῦ
192 1449 294 1512 parad,
313 1442 370 1510 hoc
389 1451 431 1495 est
449 1442 510 1495 rari
529 1450 558 1494 et
575 1441 690 1495 mollis:
712 1443 789 1512 quod
807 1459 886 1494 mens
905 1438 1032 1492 invalida
1050 1441 1098 1505 sit,
1128 1459 1214 1510 quam
1232 1457 1279 1494 oc-

124 1515 239 1584 cuparit
260 1517 361 1583 parta:
390 1530 457 1566 cum
482 1519 584 1565 contra
607 1512 762 1584 prudentes
790 1512 902 1578 soleant
930 1510 1070 1580 appellari
1097 1511 1187 1563 λάσιοι
1214 1510 1233 1566 i.
1254 1528 1277 1563 e.

123 1583 238 1637 densi.“
280 1587 346 1638 Non
374 1592 420 1637 est
443 1599 556 1636 necesse
583 1583 655 1636 haec
679 1585 816 1636 refutare.
860 1582 905 1634 Ad
936 1581 1109 1634 sententiam
1134 1583 1172 1633 cf.
1197 1583 1279 1634 Jo.a

123 1654 305 1710 Wouweren
323 1653 492 1706 Animadvr.
511 1654 547 1706 ad
566 1654 731 1706 Petronium
753 1672 781 1723 p.
803 1656 864 1710 434.
885 1653 927 1706 ed.
947 1652 1081 1708 Wechel.
1104 1656 1181 1709 1621.
1202 1653 1279 1706 'Mn

194 1725 269 1777 unde
291 1722 496 1792 appellant]
533 1724 598 1787 „lta
623 1725 771 1775 Victorius
795 1732 825 1776 et
850 1725 978 1792 quinque
1004 1723 1279 1798 Pau.1’ith.vulgo

125 1795 317 1862 appellent.“
344 1790 482 1847 Gebhard.
517 1792 621 1868 „Lege
649 1794 820 1861 appellent,
854 1802 888 1846 ut
917 1793 1006 1846 edidit
1030 1795 1198 1865 Lam-binus,
1230 1794 1279 1846 vel

123 1865 222 1934 potius
241 1863 408 1933 appellari
415 1861 482 1916 nt.“
504 1863 578 1915 Dav.
598 1865 630 1915 in
648 1865 700 1915 Ed.
721 1867 747 1918 2.
852 1858 857 1870 ‘
1232 1866 1235 1871 ’

196 1935 300 1989 Graeci
319 1943 410 1988 autem
427 1935 531 2000 μανίαν
548 1934 619 1986 ande
637 1931 791 2002 appellant]
809 1932 908 1986 Varias
925 1931 1046 1986 huiusce
1063 1934 1144 1986 vocis
1157 1933 1279 2002 Etyma·

124 2006 154 2059 lo
176 2006 216 2057 ias
234 2007 356 2059 tradidit
373 2005 450 2059 Cael.
470 2005 641 2057 Aurelianus
661 2004 748 2057 Morb.
769 2004 875 2057 Chron.
895 2003 946 2055 lib.
967 2003 989 2056 Ι.
1010 2021 1070 2075 cap.
1091 2006 1116 2059 5.
1137 2021 1202 2079 pag.
1217 2007 1277 2060 325.

123 2023 197 2129 Vigde
216 2078 256 2130 sis
276 2078 362 2130 Hadr.
382 2076 501 2130 Iunium
519 2074 613 2127 Amin.
634 2077 682 2141 IV,
703 2080 727 2130 i.
765 2075 801 2128 D.

195 2148 265 2201 unde
283 2146 495 2216 appellent]
527 2147 643 2220 „Vulgo
662 2146 737 2198 rnale
754 2148 904 2214 appellant,
924 2153 958 2197 ut
974 2144 1050 2198 vidit
1067 2154 1096 2198 et
1114 2144 1279 2201 Lambinus.

124 2218 289 2270 Latinitatis
307 2219 382 2272 ratio
401 2217 542 2286 appellent
568 2218 702 2287 postulat,
729 2225 763 2269 ut
781 2218 829 2270 vel
848 2219 906 2269 tiro
925 2217 1038 2269 sentiat.
1071 2216 1171 2287 Atque
1191 2216 1280 2268 sicet

123 2287 209 2358 babet
227 2288 284 2342 lllS.
305 2288 425 2342 Guelf.“
450 2289 518 2341 Era.
537 2289 668 2340 ·Habent
693 2288 810 2357 quidem
833 2287 973 2358 appellant
1001 2286 1086 2340 Ccdd.
1106 2288 1176 2364 ch.
1203 2285 1277 2340 Gud.

123 2362 196 2414 1.2.
221 2359 308 2412 llllarb.
337 2363 413 2412 illan.
444 2364 467 2413 l.
495 2358 567 2412 Edd·
593 2360 621 2411 P.
642 2358 676 2409 A.
700 2359 731 2410 Β.
759 2358 787 2411 S.
807 2360 840 2409 V.
869 2359 938 2414 Rob.
964 2357 1062 2428 steph.
1089 2360 1159 2413 Ven.
1187 2366 1278 2411 nostr.

123 2428 187 2481 Asc.
201 2434 233 2494 ,1.
254 2427 361 2488 Sturm.
387 2432 468 2482 Junt.
501 2430 585 2483 Grut.
609 2427 678 2480 Dav.
702 2429 786 2482 Verb.
815 2428 983 2481 Lall.01iv.
1021 2429 1077 2481 Sed
1095 2428 1151 2481 hoc
1169 2445 1227 2480 non
1247 2445 1280 2482 eo

122 2508 219 2570 potest
236 2501 344 2566 valere,
368 2509 402 2552 ut
420 2499 631 2553 Grammaticae
650 2500 764 2575 regulas
788 2501 926 2574 migrasse
944 2499 1113 2552 Ciceronem
1134 2499 1280 2552 existime-

122 2588 194 2623 mus.
231 2569 277 2625 Aa
294 2571 382 2625 totius
400 2579 495 2625 autem
512 2571 572 2624 loci
590 2571 761 2623 sententiam
785 2569 860 2623 banc
885 2569 969 2622 habet
986 2570 1088 2623 bonam
1108 2569 1280 2652 Sylburgius

123 2643 350 2695 annotationem:
385 2643 467 2707 „Hoc
496 2642 583 2693 etiam
614 2641 678 2693 loco
705 2641 852 2695 Ciceronis
879 2640 1064 2708 iniquitatem
1090 2649 1280 2709 conqueritur

122 2711 251 2764 Budaeus
268 2713 439 2778 Comment,
458 2713 509 2781 qui
526 2710 727 2764 huiuscemodi
750 2712 830 2763 illius
855 2711 1108 2782 interpretationes
1132 2711 1280 2763 interdum

124 2783 313 2837 calumniosas
333 2784 425 2836 fuisse
443 2782 545 2856 magis,
573 2799 657 2851 quarn
676 2799 712 2834 ex
730 2783 870 2835 sententia
888 2782 978 2834 animi
994 2783 1095 2849 dictas,
1124 2781 1173 2834 vel
1193 2800 1228 2834 ex
1246 2798 1280 2834 eo

122 2854 268 2911 coniicere
286 2854 376 2906 licere
395 2853 444 2919 ait,
464 2852 650 2922 quodCicero
670 2853 731 2922 ipse
751 2871 794 2906 eas
814 2869 871 2906 non
890 2853 1069 2916 observavit:
1089 2853 1172 2905 utin
1191 2853 1280 2905 tertio

123 2923 304 2989 officiorum,
323 2924 447 2976 sumita
467 2923 581 2975 scribit:
610 2922 644 2976 Si
662 2923 790 2989 gladium
809 2924 872 2994 qais
896 2924 972 2991 apud
994 2931 1021 2975 te
1038 2939 1109 2976 sana
1126 2930 1213 2976 mente
1232 2922 1279 2979 de·

121 2991 264 3062 posuerit,
283 2999 390 3060 repetat
410 2992 566 3045 insaniens:
587 2993 706 3046 reddere
716 3002 858 3060 peccatum
876 2993 930 3046 sit:
951 2994 1073 3060 effidem
1085 3011 1138 3048 non
1149 2995 1277 3048 reddere.
1312 3052 1314 3055 ,

123 3063 319 3116 Insanientem
336 3079 391 3132 pro
410 3065 526 3116 furente
545 3063 629 3127 dixit,
648 3073 754 3117 contra·
765 3066 849 3117 huius
873 3065 932 3118 loci
950 3067 1130 3117 sententiam.
1167 3068 1280 3118 Mercu-

122 3133 206 3186 rialis
224 3149 293 3185 vero
312 3133 440 3202 primum
458 3133 590 3197 miratur,
611 3134 751 3201 quomodo
777 3143 874 3190 tantus
893 3135 1018 3204 scriptor
1040 3135 1074 3188 de
1099 3134 1208 3187 manae
1228 3151 1280 3186 no-

122 3205 202 3256 mine
221 3203 296 3257 illud
314 3205 440 3278 ignoret,
461 3202 537 3272 quod
549 3219 643 3272 neque
653 3205 781 3256 nesciant
792 3206 1047 3279 grammaticarum
1057 3206 1155 3274 pueri:
1176 3205 1279 3258 deinde

122 3292 177 3328 cur
195 3274 271 3326 dicat
289 3274 413 3328 Graecos
430 3271 641 3327 melancholiam
663 3291 778 3340 vocare,
808 3293 895 3345 quem
912 3275 1010 3327 Latini
1033 3277 1157 3341 furorem
1180 3276 1279 3346 appel·
1329 3312 1335 3317 -

122 3346 193 3398 lant
231 3345 420 3416 Hippocrates
447 3345 525 3397 enim
552 3352 581 3397 et
605 3344 715 3414 reliqui
740 3346 877 3399 Cicerone
900 3347 1011 3416 priores
1037 3345 1142 3399 medici
1165 3355 1279 3398 tantum

123 3417 210 3482 abest,
228 3424 263 3468 ut
280 3415 483 3470 melancholiae
500 3416 615 3468 nomine
634 3417 836 3469 intellexerint
853 3419 978 3483 furorem
995 3434 1011 3470 a
1026 3417 1135 3470 Latinis
1153 3435 1168 3469 a
1188 3419 1278 3488 pella-

123 3496 198 3551 tam,
215 3494 249 3538 nt
266 3487 340 3556 apud
359 3487 433 3557 ipses
450 3491 539 3558 μανία
557 3485 634 3538 nihil
653 3486 731 3539 aliud
745 3489 792 3552 sit,
812 3506 899 3558 quam
915 3489 976 3558 ipse
993 3488 1085 3552 furor.
1105 3435 1277 3558 quotletiam

124 3556 239 3632 glossae
259 3568 371 3610 veteres
397 3559 465 3610 satis
488 3565 586 3627 aperte
613 3558 841 3632 significarunt..
865 3559 926 3612 Iam
952 3575 1022 3611 vero
1043 3557 1229 3614 melancholia
1248 3568 1279 3612 et

123 3628 228 3693 mania,
263 3629 377 3682 taunetsi
401 3628 522 3695 utrique
549 3626 687 3681 delirium
710 3630 866 3681 definiatur
883 3629 987 3698 absque
1015 3630 1105 3695 febre,
1133 3630 1161 3681 id
1179 3640 1277 3684 tamen

124 3699 254 3763 interest,
289 3699 365 3768 quod
391 3697 580 3751 melancholia
604 3716 620 3749 a
644 3699 761 3773 frigidis
784 3697 952 3754 humoribus
979 3699 1039 3764 liat,
1066 3701 1276 3771 remissumque

124 3769 261 3822 delirium
278 3772 329 3821 sit:
349 3769 446 3822 mania
463 3786 533 3822 vero
553 3777 582 3823 et
598 3769 763 3822 vehementi
781 3771 886 3822 inentis
906 3771 1098 3825 commotione
1122 3779 1151 3823 et
1174 3790 1189 3823 a
1208 3775 1277 3824 cali-

124 3839 172 3893 dis
200 3847 229 3891 et
255 3840 365 3891 acribus
391 3840 558 3892 humoribus
582 3840 733 3892 efficiatur.
776 3841 851 3906 Quae
878 3841 974 3892 omnia
996 3842 1091 3905 furori
1118 3841 1276 3895 latinorum

124 3910 281 3963 convenire
299 3926 383 3972 neruo
402 3927 461 3962 non
478 3911 634 3984 intelligit:
664 3929 836 3980 quamquam
854 3928 913 3964 non
931 3910 1042 3964 infitior
1060 3912 1148 3966 semel
1166 3915 1276 3983 Hippo-

124 3989 235 4034 cratem
252 3982 326 4036 XXI.
345 3979 395 4030 lib.
415 3981 489 4031 sexti
507 3979 669 4049 Aphorism.
695 3982 818 4034 maniam
845 3999 898 4052 pro
916 3981 1098 4036 melancholia
1115 4001 1274 4053 usurpasse.

123 4052 202 4104 Haec
220 4051 305 4103 ille.“
341 4052 432 4102 Locus
449 4050 555 4102 Bndaei
573 4060 616 4102 est
634 4052 743 4109 Corum.
763 4052 846 4127 Ling.
867 4053 968 4106 Graec.
987 4071 1015 4122 p.
1038 4057 1113 4109 1051.
1147 4055 1228 4107 ldem
1245 4071 1274 4124 p.

124 4122 257 4193 praeced.
295 4121 379 4188 Quasi
397 4137 476 4185 vero,
495 4120 545 4185 ait,
564 4122 702 4173 nescierit
720 4123 820 4175 Cicero
839 4125 917 4193 παρὰ
934 4125 965 4175 τὸ
982 4126 1039 4190 pei,
1056 4129 1275 4192 pecuniarium

124 4209 198 4246 esse.
227 4192 301 4245 unde
319 4192 434 4262 μεμαὼς
458 4190 533 4261 apud
550 4191 707 4244 Homerum
724 4189 740 4246 ὁ
760 4189 828 4264 ὑπὲρ
847 4197 877 4248 τὸ
897 4193 964 4246 δέον
980 4194 1220 4263 προθυμούμενος.
1241 4217 1275 4227 -

123 4262 277 4316 Mox-Ood.
308 4267 382 4337 Aug.
408 4261 565 4315 dixerimus
587 4277 641 4330 pro
666 4263 794 4317 dixerim.
820 4266 899 4318 Hier.
923 4265 1103 4318 Mercurialis
1126 4265 1207 4316 locus
1233 4267 1276 4311 est

123 4334 277 4386 Variarum
296 4335 468 4386 Lectionum
492 4333 542 4385 lib.
562 4334 588 4386 6.
615 4348 639 4382 c.
661 4336 702 4390 16,
740 4335 801 4388 Mr.
1160 4376 1162 4378 .

196 4403 268 4457 Eam
291 4411 384 4457 tamen
408 4403 499 4473 ipsam
517 4401 719 4469 distinguimus
742 4422 792 4460 nos
810 4406 939 4473 melius]
968 4405 1041 4458 Gud.
1064 4409 1087 4458 l.
1109 4418 1169 4455 eam
1188 4405 1276 4451 tamen

151 4508 231 4553 cicero
241 4508 306 4553 Tusc.
317 4508 386 4564 Disp.
399 4508 434 4555 ed.
448 4507 534 4552 Moser.
551 4495 576 4550 T]
584 4506 620 4550 11.
1032 4511 1053 4569 3
