2842 5070
219 261 283 379 ιιι
428 272 1179 396 c1cnaoms‚rosonmu.n1snurar.

220 497 291 542 esse
311 483 425 542 censet
448 476 486 543 in
507 479 721 561 consolando,
751 481 929 548 detrahere
956 485 1050 550 illam
1070 487 1263 570 opinionem
1284 510 1374 556 mae-
1415 550 1418 557 .

130 596 134 607 ¹
213 600 1377 637 ww
1411 596 1417 605 ι

216 666 284 721 ὅλον
300 662 375 718 ἔστιν
391 663 431 724 ale
447 664 535 730 λύπην
552 667 598 720 sal
615 669 739 734 oropus
756 663 787 722 sb
802 667 1118 726 ἍΙΙΡΟΣΔΟἹἬῚῸΝ.
1154 654 1209 728 Sed
1227 674 1264 743 is,
1282 693 1373 747 quum

216 736 310 791 fuerit
332 734 532 801 Academicus,
562 738 690 809 adeoque
718 740 848 794 vinculis
878 743 1050 812 opinionum
1075 744 1159 810 liber,
1186 764 1264 800 nunc
1286 747 1372 813 banc,

216 825 296 861 nunc
320 805 403 860 illam
426 825 481 879 pro
505 809 592 864 libitu
615 810 755 875 defendit,
774 819 807 863 nt
828 810 944 877 Stoicis,
977 831 1044 867 cum
1069 816 1171 884 quibus
1195 818 1240 871 dis
1261 821 1370 888 etabat,

216 880 369 953 negotium
392 882 558 936 facesseret.
604 882 836 954 Cyrenaicorum
865 899 935 937 vero
958 891 1022 936 tum
1049 888 1188 958 temporis
1218 837 1371 961 adoptabat

217 950 401 1015 sententiam,
455 967 506 1005 uos
524 951 678 1020 improviso
703 960 817 1005 tantum
835 955 938 1021 species
954 961 1081 1021 exterret,
1105 965 1139 1011 ut
1156 957 1292 1030 loquitur
1309 962 1369 1016 llo·

216 1021 309 1074 ratius
327 1019 378 1074 lib.
398 1018 420 1073 l.
466 1040 494 1092 p.
513 1021 562 1087 Vl,
583 1028 624 1080 ll.
661 1024 708 1076 Ex
726 1023 882 1078 eorundem
902 1033 1000 1079 mente
1017 1023 1092 1081 Dido
1111 1026 1182 1085 Aen.
1202 1029 1252 1098 Ν,
1270 1035 1333 1090 419.

380 1091 462 1167 Hunc
479 1109 530 1160 ego
547 1092 574 1147 ai
588 1093 668 1163 potui
684 1101 789 1148 tontum
813 1112 928 1163 sperare
947 1097 1080 1164 dolorem,
1101 1149 1104 1153 .

381 1163 419 1215 Et
432 1166 568 1232 perferre,
587 1183 678 1231 soror,
693 1172 789 1234 potero
808 1199 840 1209 -
862 1167 899 1221 D·
919 1216 933 1225 .
1211 1218 1214 1221 .
1238 1218 1241 1222 .

286 1232 430 1299 occidisse,
448 1233 523 1290 sitit
539 1236 652 1304 moli]
688 1235 866 1302 „Assentior
879 1236 953 1291 viris
972 1234 1075 1306 doctis,
1102 1238 1206 1310 quibus
1230 1239 1369 1298 ultimum

213 1305 338 1360 verbum
360 1321 418 1359 non
443 1306 549 1376 placet.
593 1306 649 1361 Sed
672 1303 741 1360 nolo
770 1307 881 1361 imitari
903 1306 1053 1363 audaciam
1078 1307 1200 1378 Davisii,
1227 1313 1278 1384 qui
1302 1315 1368 1370 addi

213 1375 329 1444 uolebat
345 1383 375 1430 ut
393 1377 550 1446 Cyrenaici.
587 1376 699 1433 Horum
719 1377 798 1431 enim
823 1395 879 1433 nec
901 1379 980 1432 intra
1007 1397 1039 1434 ca
1062 1384 1133 1438 .33.
1158 1399 1265 1438 nomen
1282 1403 1369 1456 appa.
1398 1391 1401 1394 ·

177 1515 179 1520 Ι
213 1454 271 1512 ret,
290 1453 320 1501 et
338 1464 353 1502 e
372 1464 433 1533 cap.
452 1450 501 1533 2³,
518 1451 561 1506 55.
582 1448 775 1535 intelligitur,
800 1446 878 1502 banc
901 1398 1067 1535 complendi
1093 1451 1237 1536 raptionem
1266 1471 1368 1510 eornm

212 1518 980 1646 tttdttttitttittttt'tttttttt
998 1526 1368 1651 tttttttittn‘ttti:

212 1659 299 1727 dente
317 1658 467 1730 absorptae
485 1662 585 1714 sunt.“
604 1661 715 1729 Nissen.
733 1662 805 1715 Era.
824 1660 903 1717 nibil
920 1662 1018 1733 posuit
1036 1662 1095 1716 nisi
1107 1663 1232 1718 aliorum
1252 1674 1367 1722 senten·

211 1730 280 1792 tias,
299 1730 405 1784 addens
423 1728 622 1786 tantummodo
645 1741 746 1804 aptum
770 1749 829 1786 non
849 1732 1004 1786 essemoli.
1041 1732 1172 1789 Nissenii
1196 1738 1272 1790 ratio
1295 1755 1365 1809 pro·

211 1799 276 1869 bari
293 1801 407 1872 nequit,
426 1803 496 1873 quia
514 1803 737 1858 Ciceronianam
757 1802 875 1874 quidem
893 1811 937 1857 est
954 1803 1067 1858 dicere:
1085 1806 1189 1859 occidit
1205 1805 1278 1860 mitt
1295 1811 1366 1864 ola'·

212 1871 299 1942 quid
315 1869 470 1926 tumenta
490 1874 540 1926 scd
558 1893 652 1946 neque
670 1874 746 1927 dixit
764 1873 867 1927 Cicero
890 1890 984 1944 neque
1003 1873 1103 1929 dicere
1119 1877 1232 1947 potuit:
1261 1877 1365 1933 accidit

127 2006 130 2011 Ι
210 1941 283 1996 mita·
299 1941 443 2012 aliquid
459 1941 650 2000 inhumani.
683 1945 813 2001 Wolfius
831 1945 863 1997 in
882 1943 991 1998 scholis
1009 1944 1270 2015 improbansmitit
1284 1951 1362 2014 moli,

209 2013 396 2080 Davisianam
415 2015 577 2080 rationem,
589 2017 702 2071 etiamsi
719 2031 777 2069 non
797 2016 942 2080 certarit,
962 2013 1093 2068 omnium
1117 2025 1214 2072 tamen
1238 2021 1362 2074 maxime

111 2126 115 2138 .
210 2081 395 2150 tolerabilem
415 2087 600 2150 existimavit.
637 2087 673 2142 ln
695 2105 741 2157 pr.
760 2086 815 2140 Ed.
844 2085 943 2139 omisit
970 2084 1058 2140 verba
1081 2085 1154 2141 nitet
1170 2090 1249 2153 moli,
1274 2089 1361 2157 nibil,

210 2164 244 2209 ut
261 2172 299 2210 ex
316 2154 384 2208 Bill.
405 2155 459 2209 Ed.
483 2159 649 2228 suspiceris,
673 2157 857 2211 substituens.
895 2157 933 2209 ln*
956 2173 1012 2210 sec.
1041 2163 1070 2212 et
1094 2165 1163 2212 tert.
1183 2160 1298 2215 uncinis
1316 2161 1361 2213 in·

210 2227 291 2289 clusa
313 2227 423 2279 addidit
446 2229 535 2282 verba
560 2235 591 2282 ut
611 2227 776 2298 Cyrenaicis
809 2244 882 2297 quae
910 2244 976 2280 cum
1003 2227 1089 2281 etiam
1117 2228 1158 2282 ita
1177 2231 1314 2307 legantur
1331 2233 1380 2284 inv

208 2298 264 2353 Ed.
284 2298 390 2363 Koelii,
421 2299 452 2351 in
480 2301 576 2369 prima
600 2315 714 2370 quoque
731 2296 838 2354 Wolfli
865 2298 1002 2363 editione,
1033 2316 1119 2380 quam
1146 2299 1201 2355 ille
1220 2302 1361 2372 sequitur,

207 2369 305 2455 pddita
323 2369 468 2423 videntur.
507 2370 542 2424 ln
560 2367 676 2455 pr3lbd.
694 2368 831 2424 Davisius
850 2376 1003 2438 receperat
1020 2366 1094 2422 netu
1110 2371 1188 2425 aovi:
1208 2373 1285 2443 qnod
1303 2388 1362 2427 non

208 2437 520 2580 tttzttlsstittls.
538 2437 1362 2593 &stifft&ittet‘tat“31„¹i²ttiz¹3¹'tt¹,3{;

208 2579 291 2637 Scbz.
310 2583 443 2651 probavit
486 2583 628 2636 efactum
647 2581 808 2637 Kiilanerus.
845 2579 974 2655 Nobbaus
997 2581 1114 2635 uncinis
1136 2582 1247 2635 inclusa
1273 2581 1363 2637 habet

206 2669 293 2708 voces
311 2651 386 2706 nitet
402 2670 447 2706 mo
461 2655 481 2708 i.
504 2652 591 2707 Orell.
617 2662 646 2706 et
664 2652 734 2708 Tbn.
764 2649 877 2706 easdem
903 2652 965 2704 sino
992 2652 1076 2705 uncis
1100 2653 1306 2718 restituerunt,
1326 2663 1362 2706 ut

207 2724 339 2778 codicum
365 2724 550 2795 scripturam,
584 2741 708 2793 quorum
740 2741 815 2777 unus
847 2728 960 2775 tantum
988 2721 1086 2775 omisit
1110 2718 1180 2775 aeoli
1201 2723 1300 2782 (Vind.
1323 2727 1360 2790 Ι.)

207 2793 337 2850 Orellius
354 2802 451 2849 manen
470 2796 502 2848 in
520 2813 585 2848 ann.
606 2793 702 2850 addit:
734 2789 909 2862 „Explicari
932 2796 1030 2864 potest
1047 2786 1137 2856 [sitit
1154 2792 1251 2859 otaliJ:
1284 2793 1363 2847 nitet

206 2865 217 2919 i
241 2866 311 2930 itur,
338 2882 408 2920 vere
427 2867 503 2936 quod
530 2866 590 2918 dici
613 2865 717 2935 possit,
745 2863 824 2917 muli.
861 2860 1009 2934 Suspicari
1032 2863 1140 2932 possis:
1170 2861 1245 2915 sitit
1269 2865 1358 2929 soli,

205 2883 295 2992 dgativ.
316 2952 331 2988 e
350 2933 371 2998 5.
392 2939 426 2993 ts
445 2935 505 3000 [nbi
524 2945 582 2990 est:
600 2954 634 2990 ae
652 2936 705 2989 itta
724 2935 832 3004 quidem
851 2933 1023 3001 firmissimo
1046 2929 1112 2986 boec
1128 2935 1282 2988 casasolota'o
1302 2942 1358 2988 eelz

205 3022 271 3061 aon
299 3005 371 3061 tibi
397 3005 458 3061 boc
480 3006 585 3073 soli2]
613 3005 695 3061 Nihil
721 3006 810 3060 novi
833 3005 961 3081 languet.
998 3000 1127 3058 Nissenii
1154 3005 1281 3075 suspicio
1300 3022 1359 3059 non

205 3078 276 3132 satis
293 3085 336 3131 est
353 3075 497 3133 Tulliana.
535 3078 758 3132 Emendation‘es
776 3083 882 3141 antean,
922 3073 997 3128 ualis
1016 3081 1058 3129 est
1075 3069 1240 3138 Davisiana,
1265 3075 1359 3147 recipi

205 3165 264 3204 non
287 3147 403 3210 debent,
432 3151 485 3203 etsi
512 3146 584 3203 haec
607 3149 724 3219 quidem
749 3147 877 3217 aliquam
902 3094 991 3200 babet
1013 3145 1078 3199 veri
1100 3145 1359 3200 similitudinem.“

204 3219 288 3305 ldem·
305 3219 341 3273 ad
349 3219 456 3302 Wolfii
474 3219 588 3304 scholas
607 3219 773 3290 improbans
793 3216 981 3288 scriptionem
997 3211 1075 3300 petit
1091 3216 1259 3300 moliaquia
1278 3225 1357 3271 certe

204 3285 1358 3442 tttffittt‘‹tltittitt'tttetttttt'tistittgttsttitt

203 3441 302 3486 mmen
318 3450 405 3502 posse
422 3433 474 3498 ait,
493 3440 525 3484 ut
545 3431 686 3501 scriptum
703 3430 794 3484 fuerit
811 3436 842 3484 ut
860 3428 1088 3497 Aristippus,
1107 3427 1196 3496 idque
1212 3430 1278 3483 veri
1295 3445 1356 3483 esse

202 3502 339 3568 sirnilius,
366 3501 434 3573 quia
461 3504 593 3572 sequitur
615 3518 721 3556 nornen
747 3499 824 3553 haud
848 3500 890 3554 ita
917 3499 1060 3553 dissimile
1085 3495 1262 3568 chrysippus.
1301 3497 1357 3552 cui

202 3573 363 3699 libqrilcwni
382 3575 421 3626 ita
437 3574 626 3696 0ιιεεειιιιὶοἶιιιι
643 3571 854 3695 restit-oppdum
877 3568 1034 3694 tamenedin
1052 3568 1192 3690 crepionis
1218 3577 1356 3692 coattexlpu

281 3662 346 3697 rum
366 3661 496 3698 omarum
575 3660 671 3697 sonem
690 3660 750 3697 exrs
765 3659 916 3696 amaveram
960 3659 973 3695 s
1047 3655 1080 3692 ro
1117 3656 1150 3693 er
1174 3656 1260 3693 corru
1296 3657 1310 3693 e
1340 3655 1356 3694 e

203 3716 398 3787 suspicionem
416 3661 706 3795 ιιιιοίηἰεθοίιιοιιιειιιι)τ
725 3710 816 3768 Rehd.
838 3677 948 3765 omittit
958 3656 1114 3780 ve‘noplsbaoll.
1152 3709 1211 3765 Mr.
1260 3657 1280 3712 P

206 3820 209 3824 ·
275 3803 448 3872 Chrysippus
465 3809 556 3857 atatem
573 3806 656 3870 caput
673 3816 734 3854 ease
750 3806 840 3855 censer
856 3799 888 3855 iu
904 3797 1083 3866 consolando]
1102 3799 1178 3851 Mon.
1191 3803 1216 3853 l.
1227 3801 1253 3854 2
1263 3797 1353 3857 Marb.

86 3931 90 3935 ,
206 3873 375 3943 crisippus.
401 3874 475 3954 Aug.
499 3878 588 3925 censet
615 3888 671 3926 esse
699 3871 850 3926 incolendo
873 3871 969 3937 (sic),
996 3887 1070 3922 unus
1095 3867 1145 3922 01.
1172 3871 1204 3924 ἐκ
1227 3870 1353 3926 solando.

202 3942 292 3999 Rehd.
313 3951 379 4014 post
396 3942 470 3996 nibet
486 3942 556 3996 moli
580 3941 652 3996 haec
672 3959 707 3995 ex
731 3943 929 4011 superioribus
955 3941 1077 4012 repetit:
1108 3946 1170 3992 aunt
1189 3939 1239 4009 qui
1253 3945 1354 4008 putant

202 4014 278 4067 satia
295 4015 439 4067 ostendere
456 4012 527 4067 nitet
544 4012 686 4079 inopinati
702 4011 842 4066 occidisse
860 4011 936 4067 sitit
951 4011 1032 4066 mali.
1059 4007 1141 4066 ldem
1158 4009 1245 4065 habet
1262 4015 1354 4065 censet

202 4091 283 4154 caput
301 4099 368 4138 esse.
404 4085 503 4160 Pergit
519 4084 604 4138 Vind
626 4089 650 4142 1.
670 4084 710 4148 iax
725 4083 987 4139 consolatione.
1008 4082 1086 4136 Mr.

273 4170 415 4226 detrahere
432 4174 510 4228 illam
529 4172 684 4243 opinionem
701 4172 846 4238 moerenti,
865 4174 894 4226 as'
910 4173 940 4224 s'e
957 4169 1073 4238 officio]
1109 4169 1157 4224 At
1175 4170 1354 4225 locutionem

200 4244 277 4298 coni.
299 4244 437 4311 Quinctil.
457 4246 502 4297 lv.
524 4251 548 4300 1.
568 4248 616 4299 so:
645 4243 797 4298 Praetereo
816 4242 984 4297 detrudendo
1004 4270 1042 4287 --
1056 4239 1159 4308 opinio,
1186 4241 1235 4294 ubi
1254 4241 1354 4294 laudat

200 4313 383 4369 Burmannus
403 4321 441 4386 (p.
460 4316 535 4380 3⁰2)
554 4315 615 4372 Cic.
635 4316 741 4385 Epist.x
756 4315 792 4369 ad
814 4314 926 4372 Famm.
945 4315 978 4366 V.
999 4315 1042 4370 lo.
1066 4312 1149 4364 Ovio.
1175 4313 1291 4365 Metam.
1312 4310 1352 4366 n.

199 4391 243 4445 39.
282 4387 336 4439 Pro
353 4387 491 4441 moerenti
508 4387 535 4440 si
551 4402 588 4450 se,
616 4385 694 4455 quod
720 4383 828 4439 habent
849 4381 923 4440 Edd.
948 4400 1058 4446 omnes,
1084 4383 1213 4453 itemque
1239 4383 1354 4453 aliquot

199 4458 269 4512 011.
289 4457 362 4536 Aug.
382 4455 452 4514 Pali.
471 4473 516 4531 pr.
537 4473 593 4514 sec.
611 4463 692 4524 tert,
710 4456 794 4514 Vind
813 4462 850 4525 1,
868 4455 982 4532 legitur
999 4455 1148 4531 momentis
1163 4469 1193 4508 se
1210 4454 1243 4506 in
1260 4453 1352 4510 cota
