2842 5070
185 285 248 351 4⁷2
316 354 319 359 Δ
386 283 616 351 uoraoms
637 286 886 352 ruscuuuv.
909 234 1140 352 msrumr.

156 453 160 461 '
185 457 297 529 potest
327 446 454 524 videri;
485 461 520 512 at
552 459 675 512 natura
703 451 745 514 ad
775 455 917 536 aliquem
946 453 1101 515 morbum
1133 453 1340 535 proclivium

186 532 235 592 sic
256 531 385 592 animus
407 533 491 594 alius
520 532 650 595 adalia
669 535 753 597 vitia
775 537 984 616 propensior.
1040 536 1106 598 Qui
1134 545 1245 598 antem
1273 557 1340 599 non

227 749 272 784 am
292 734 473 800 refertDav.
496 741 528 787 ut
547 735 785 806 optimaquisquc
810 735 879 803 [non
902 736 1027 807 quiaque,
1053 738 1102 791 sed
1124 736 1195 806 quis,
1222 737 1340 807 scripsit

213 822 257 856 av.
269 809 313 855 ‘ex
329 805 455 857 Bentleii
474 807 625 873 sententia]
652 805 810 861 ualitudine
834 807 1013 874 [valetudine]
1045 810 1161 874 affectus
1181 813 1273 874 potest
1297 807 1341 860 ui·

187 875 259 939 deri,
278 882 314 927 at
332 873 436 928 notarri
455 878 493 929 ad
513 875 680 933 -“.Boub.
716 881 797 943 „Pro
816 884 846 931 ut
864 879 1019 953 legendum
1037 878 1132 931 utut.“
1151 879 1221 929 Ero.
1259 879 1342 932 Hanc

186 947 382 999 coniecturam
401 947 434 998 ab
451 948 574 1000 Ernesto
601 949 633 999 in
651 955 819 1000 contextum
843 959 999 1019 receptam,
1025 950 1151 1020 explicat
1177 949 1340 1002 Nissenius:

186 1016 309 1068 Etiamsi
327 1016 429 1068 natural
448 1018 669 1088 -sproolivior,
688 1036 742 1071 nec
759 1027 855 1072 tamen
873 1020 907 1072 ad
925 1037 1033 1084 omnes,
1053 1019 1101 1072 sed
1119 1018 1191 1070 alius
1202 1019 1236 1070 ad
1250 1021 1341 1073 alium

187 1087 330 1144 morbum.
368 1122 387 1153 „
395 1087 497 1139 Addit:
517 1088 583 1152 „Ut
600 1089 752 1159 vulgatum
770 1106 828 1142 non
846 1107 962 1159 prorsus
980 1091 1112 1160 ineptum
1137 1089 1268 1142 videtur:
1297 1091 1342 1142 di-

115 1178 120 1187 ·
188 1158 266 1210 citur
284 1159 362 1209 enim
379 1173 433 1228 pro
453 1158 610 1225 qutanivis.“
645 1158 798 1212 Sch'utzius
817 1177 941 1229 quoque,
960 1160 1056 1215 Wolf.
1083 1161 1129 1213 Or.
1155 1159 1246 1212 Nobb.
1265 1160 1338 1213 Tbn.
1372 1164 1374 1173 ‘

189 1237 341 1281 servarunt
366 1227 488 1296 quisque,
517 1237 692 1298 receperunt
716 1237 813 1289 autem
833 1231 1034 1283 Bentleianum
1058 1237 1096 1282 at.
1136 1229 1220 1282 Solus
1246 1231 1341 1284 halle-

187 1316 309 1350 manuus
325 1307 417 1351 totam
435 1299 496 1350 eius
515 1300 710 1351 coniecturam
727 1301 925 1369 recipiendam
942 1300 1057 1370 putavit
1075 1301 1117 1367 [ut
1134 1299 1240 1369 optima
1259 1301 1341 1370 quic

189 1395 222 1407 ·-
242 1377 277 1420 at
294 1369 424 1434 naturaJ,
443 1369 667 1422 solus‘Olivetus
686 1371 717 1420 in
735 1379 830 1423 annot.
859 1380 950 1424 totam
972 1371 1115 1440 probavit
1129 1371 1183 1437 „A
1202 1372 1341 1424 Lambino

188 1440 315 1508 quidem,
334 1441 441 1502 dicens,
459 1439 530 1492 huic
547 1440 611 1492 loco
630 1440 780 1492 salubritas
799 1442 937 1508 quaedam
956 1441 1020 1493 data
1038 1450 1089 1506 est,
1107 1458 1210 1494 verum
1229 1443 1342 1494 aBent-

186 1510 255 1576 lein,
280 1510 312 1561 ni
337 1511 433 1575 fallor,
467 1511 540 1563 salus
563 1509 654 1580 ipsa.“
689 1510 879 1563 Ernestinum
903 1512 1095 1580 utut-‚merito
1115 1512 1162 1566 Or.
1189 1514 1226 1563 et'
1241 1512 1337 1565 Kiihn.

188 1589 289 1638 eontra
307 1580 455 1634 Ciceronis
473 1598 557 1632 usum
575 1598 634 1633 esse
652 1580 762 1633 dicunt.
793 1582 991 1654 Hottingerus,
1012 1583 1063 1651 qui
1082 1582 1113 1632 in
1132 1582 1239 1634 Oliveti
1256 1583 1342 1636 Eclo·

187 1651 232 1726 gis
250 1651 376 1704 Bentleii
393 1648 590 1704 coniecturam
608 1660 699 1704 totam
716 1661 863 1722 receptam
887 1653 1009 1715 videret,
1035 1652 1087 1721 sed¹
1106 1650 1242 1717 nesciret,
1266 1655 1341 1707 unde

187 1738 219 1774 ea
236 1722 328 1792 petita
346 1722 393 1788 sit,
412 1722 541 1774 restituit
559 1724 680 1791 quisque,
706 1722 871 1792 delevitque
897 1730 928 1776 ut
945 1724 1022 1790 (ante
1049 1723 1172 1787 natura)
1196 1740 1254 1775 non
1277 1725 1342 1776 sub·

187 1793 288 1845 stituto
308 1798 358 1855 at‚·
376 1793 454 1861 quod
476 1794 577 1845 fecisse
602 1795 690 1846 etiam
713 1792 862 1846 Davisium
880 1795 921 1846 ait
945 1811 1011 1845 cum
1031 1793 1190 1867 Verburgio
1215 1794 1247 1845 in
1265 1812 1341 1846 mar-

186 1863 264 1935 gine.
303 1862 382 1927 Quod
399 1865 423 1914 si
441 1865 551 1915 factum
569 1871 612 1916 est
629 1882 645 1915 a
662 1863 787 1929 Davisio,
803 1863 838 1915 in
856 1863 908 1916 Ed.
929 1869 954 1918 1.
973 1865 1044 1916 fuit:
1073 1864 1196 1916 secunda
1215 1864 1292 1916 enim
1311 1873 1341 1918 et

95 1942 101 1951 '
185 1935 274 1986 tertia
299 1933 406 1987 habent
433 1939 470 1988 at.
507 1935 589 1986 Idem
607 1935 642 1987 H.
667 1934 754 1986 verba
778 1934 885 2002 optima
912 1932 1026 2004 quisque
1051 1943 1104 1988 etc.
1134 1935 1273 2004 explicat:
1305 1953 1340 1988 es

186 2021 250 2074 sey
268 2005 369 2057 einer
387 2005 474 2057 auch
492 2005 582 2057 noch
600 2021 635 2056 so
654 2004 809 2076 gesund‚
833 2005 982 2074 additquet
1011 2004 1106 2058 uideri
1123 2004 1152 2057 h.
1173 2005 1192 2055 l.
1212 2004 1340 2059 affirmat

185 2077 247 2128 sine
265 2076 326 2127 ulla
343 2074 519 2129 dubitatione
539 2076 666 2145 [scripsit
683 2075 834 2128 videlicet:
850 2082 940 2144 potest
958 2075 1052 2136 uideri
1076 2073 1179 2128 naturis
1197 2075 1280 2142 etc.],
1305 2085 1339 2128 ut

186 2146 330 2200 Graecum
354 2145 455 2202 δοκεῖν.
499 2146 658 2199 Ochsnerus
674 2147 869 2200 Wolfianam
901 2146 955 2197 sibi
985 2146 1143 2198 lectionem
1174 2146 1338 2199 faciliorem

185 2218 275 2270 etiam
292 2217 385 2269 videri
404 2218 454 2282 ait,
473 2217 627 2286 laudatque
645 2216 679 2268 de
697 2217 789 2272 Finn.
803 2217 835 2267 V.
855 2219 903 2270 20:
931 2217 1029 2285 ltaque
1047 2223 1078 2268 ut
1103 2215 1219 2284 quiaque
1238 2218 1339 2284 optime

185 2295 267 2341 natus
284 2287 483 2356 institutusque
501 2294 552 2351 est,
573 2304 633 2340 esse
652 2287 763 2340 omnino
781 2286 853 2339 nolit
871 2285 901 2339 in
918 2287 990 2351 vito,
1009 2286 1037 2338 oi
1055 2296 1108 2341 etc.
1130 2286 1164 2349 de
1183 2285 1337 2342 0ff.111.5.

186 2357 295 2426 Optimo
313 2358 427 2426 quisque
438 2364 472 2410 ‹et
490 2357 713 2426 splendidissimo
739 2357 852 2424 ingenio
877 2357 960 2425 longe
977 2358 1057 2410 illam
1074 2358 1162 2408 citam
1180 2355 1243 2409 liuic
1261 2365 1340 2411 ante·
1410 2364 1412 2371 '

153 2479 156 2486 ,
181 2427 272 2496 ponit.
300 2429 346 2481 Or.
367 2427 492 2496 denique
509 2429 544 2481 ad
562 2429 614 2484 W.
635 2427 746 2479 scholas
765 2429 926 2498 suspicatur
944 2445 1010 2479 cum
1019 2429 1193 2480 Hottinrero
1211 2429 1340 2497 particu-

184 2499 244 2550 lam
263 2497 303 2564 (ut
319 2516 348 2552 v.
368 2499 408 2564 ut)
426 2498 512 2568 plane
531 2517 590 2552 esse
608 2498 768 2563 delendam.
787 2499 855 2568 quia
872 2499 961 2550 lectio
980 2498 1087 2567 partim
1106 2470 1254 2554 ld'olfiana
1271 2516 1340 2567 par-

181 2568 240 2620 tim
256 2569 423 2621 Bentleiana
445 2569 564 2651 proprie
587 2569 738 2638 requirere
761 2569 893 2621 videatur
920 2569 1078 2638 proclivior
1100 2575 1169 2631 est,
1198 2585 1250 2619 nec
1268 2585 1339 2621 vero

90 2640 95 2649 ’
185 2638 314 2714 intelligi
331 2640 487 2708 proeliator
503 2645 596 2708 potest
614 2639 712 2693 videri.
750 2639 813 2710 Ego
832 2646 916 2700 vero,
928 2665 931 2669 .
944 2648 978 2691 ut
995 2656 1089 2691 meam
1109 2639 1338 2709 qualemcunque

184 2711 358 2763 sententiam
376 2710 484 2775 addam,
504 2712 578 2763 ferri
596 2726 652 2762 non
670 2727 751 2780 posse
770 2709 845 2761 illud
863 2709 976 2779 putoque
996 2710 1138 2766 existimo.
1174 2709 1242 2760 Alia
1260 2711 1339 2762 enim

185 2784 313 2834 omnium
332 2780 461 2833 locorum
481 2789 523 2832 est
540 2781 624 2846 ratio,
645 2781 746 2850 quibus
764 2780 887 2853 legitur:
907 2788 937 2832 ut
955 2783 1069 2849 quisque
1087 2813 1118 2824 —
1140 2779 1183 2832 sic
1201 2788 1256 2832 etc.
1285 2781 1339 2832 Est

185 2852 263 2906 enim
282 2850 314 2909 in
331 2867 402 2902 voce
421 2853 532 2919 quisque
551 2852 630 2905 notio
650 2851 884 2916 universalitatis,
911 2851 1009 2915 (liceat
1027 2851 1174 2903 brevitatis
1194 2867 1277 2902 causa
1295 2851 1338 2903 uti

183 2922 323 2976 vocabulo
349 2921 495 2987 barbaro,)
526 2938 599 2991 quae
624 2940 639 2974 a
663 2931 762 2975 nostro
779 2923 844 2984 loco
869 2922 954 2991 plane
980 2921 1073 2973 aliena
1092 2930 1143 2986 est,
1162 2922 1194 2971 in
1213 2920 1249 2972 iis
1267 2940 1295 2973 v.
1313 2939 1338 2973 c.

185 3009 256 3062 quos
275 2991 400 3044 laudavit
420 2992 522 3048 chsn.
542 2993 663 3064 aliisque
683 2989 823 3057 omnibus,
843 3008 913 3062 quos
932 2989 1219 3046 ecicerone'afferre
1238 2993 1336 3061 possis.

184 3065 292 3116 Nostro
311 3063 374 3116 loco
393 3063 417 3113 si
435 3065 594 3116 servaveris
613 3063 736 3134 quisque,
756 3063 926 3116 sententiam
943 3063 1058 3115 habebis
1069 3064 1155 3133 plane
1169 3064 1338 3133 perplexam

183 3133 273 3187 hanc:
301 3135 343 3187 Ut
365 3132 462 3196 videri
485 3143 589 3204 potest,
614 3151 847 3203 unumquemque
862 3151 934 3186 -esse
953 3134 1062 3203 optima
1084 3130 1248 3185 valetudine
1267 3132 1338 3201 affe-

145 3252 152 3255 .
185 3213 276 3268 otum,
295 3213 324 3256 at
343 3206 465 3258 eundem
484 3222 542 3258 esse
568 3213 671 3258 natura
689 3205 724 3258 ad
741 3205 867 3273 aliquem
889 3205 1020 3258 morbum
1044 3205 1264 3274 procliviorem:
1294 3205 1337 3256 sic

182 3277 296 3329 animus
323 3275 397 3327 alius
423 3275 459 3328 ad
480 3276 535 3328 alia
557 3277 628 3328 vitia
651 3293 709 3329 esse
730 3275 827 3333 videri
850 3284 944 3346 potest
965 3275 1145 3345 propensior.
1185 3274 1243 3339 Quo
1267 3275 1337 3342 quid

184 3346 344 3400 contortius
368 3355 397 3399 et
420 3347 603 3416 perversius?
638 3346 729 3412 Quare
755 3347 866 3399 servavi
889 3355 980 3400 totam
1006 3347 1133 3398 Bentleii
1163 3345 1339 3398 ernendatio-

184 3435 261 3482 nem,
289 3433 361 3486 quae
385 3417 564 3487 aliquantum
588 3426 667 3470 corte
689 3418 801 3470 firmari
826 3417 943 3470 videtur
969 3417 1080 3486 aliquot
1099 3417 1185 3470 Godd.
1207 3416 1277 3471 Oxx.
1306 3419 1338 3467 in

184 3489 286 3558 quibus
305 3495 347 3538 est
365 3490 426 3556 quis
444 3504 497 3556 pro
516 3488 638 3558 quisque,
659 3497 689 3542 et
706 3492 737 3540 ut
755 3505 807 3559 pro
820 3493 863 3540 ut.
898 3489 961 3561 Ego
980 3495 1076 3539 autem
1093 3488 1190 3540 locum
1207 3487 1247 3538 ita
1266 3488 1339 3538 scri-

184 3567 269 3628 ptum
291 3557 394 3610 velim:
429 3559 508 3626 Ergo
532 3565 563 3612 ut
586 3559 694 3626 optimo
721 3559 895 3629 quispiam
919 3558 1077 3612 valetudine
1112 3559 1224 3624 affectus
1246 3564 1337 3624 potest

185 3627 289 3694 videri,
309 3635 344 3680 at
362 3635 464 3681 natura
484 3635 538 3682 eat
556 3632 594 3682 ad
612 3627 733 3696 aliquem
751 3631 876 3682 morbum
891 3629 1061 3698 proclivior:
1082 3628 1126 3682 ric
1141 3631 1251 3683 animus
1262 3627 1338 3681 nlius

186 3697 237 3765 [sc.
257 3699 308 3766 est]
328 3700 366 3752 ad
384 3700 443 3753 alia
461 3703 531 3754 uitia
548 3701 724 3769 propensior.
762 3701 847 3754 Nihil
866 3702 935 3754 addo
954 3701 989 3753 ad
1006 3701 1178 3754 sententiam
1190 3716 1339 3753 commen-

185 3771 315 3833 dandam,
334 3771 413 3821 nihil
431 3771 465 3822 ad
483 3771 681 3840 scriptionem.
716 3774 814 3825 Restat
838 3780 872 3823 ut
889 3772 1041 3824 librorum·
1054 3772 1207 3824 varietates
1231 3771 1340 3823 adscri-

117 3901 119 3908 ἲ
184 3841 258 3893 bam.
297 3841 415 3910 Quisque
440 3841 546 3893 habent
568 3859 675 3907 omnes,
704 3843 831 3913 exceptis
858 3852 982 3912 quatuor
1009 3845 1078 3897 Oxx.
1106 3840 1143 3904 (si
1161 3842 1232 3895 fides
1251 3841 1340 3893 colla·
1403 3869 1406 3875 ν

185 3911 291 3978 tioni);
310 3920 375 3980 post
392 3910 486 3964 videri
504 3913 645 3965 inseritur
670 3913 745 3967 aliur
764 3914 795 3964 in
812 3913 883 3966 Edd.
903 3911 944 3965 m*
956 3914 986 3968 Β.
1008 3914 1035 3967 S.
1056 3914 1089 3965 F..
1110 3913 1140 3967 C.
1160 3915 1194 3969 V.
1215 3910 1337 3970 M.,Asc.

185 3988 210 4038 1.
230 3985 255 4036 2.
279 3983 349 4038 Ven.
377 3991 467 4040 nostr.
493 3985 573 4040 Junt.
598 3984 662 4036 Ald.
688 3985 770 4040 Boul.
794 3985 875 4036 Brut.
899 3985 984 4053 Le'od.
1011 3984 1092 4055 sylb.
1116 3984 1185 4037 Rob.
1217 3992 1246 4036 et
1274 3983 1339 4039 Car.

184 4051 282 4123 Stepb.
301 4055 398 4108 Hervv·
419 4055 553 4120 Hwolf.
571 4055 603 4106 in
621 4055 706 4110 Codd.
726 4056 805 4108 vocis
824 4057 885 4108 eius
904 4056 1019 4107 nullum
1041 4055 1212 4126 vestigium:
1233 4060 1269 4106 ut
1289 4071 1341 4107 aa·

183 4131 250 4177 tura
267 4124 373 4176 habent
394 4127 456 4178 fere
480 4143 578 4178 ornnes
597 4126 682 4180 codd.
703 4125 771 4180 MSS
790 4126 934 4194 ¹itemque
952 4128 1023 4180 Edd
1054 4144 1122 4195 quas
1141 4125 1211 4190 dixi,
1236 4124 1340 4193 quibus

172 4195 292 4249 accedit
311 4195 415 4249 Gebh.:
436 4197 567 4249 Lambini
586 4198 743 4250 lectionem
760 4169 846 4267 siipra
862 4198 1000 4267 adscripsi
1010 4214 1019 4262 ς
1045 4205 1177 4267 quatuor,
1206 4205 1239 4249 ut
1257 4197 1340 4249 vide-

183 4275 242 4333 tur,
262 4269 330 4321 Oxx.
350 4265 457 4319 babent
476 4273 513 4319 at
531 4274 647 4331 natura,
669 4277 702 4321 ut
728 4269 889 4334 ediderunt,
914 4284 982 4338 quos
1001 4286 1085 4339 supra
1112 4268 1188 4333 dixi3
1213 4270 1290 4323 Mon.
1313 4272 1338 4323 l.

185 4354 204 4390 o
221 4344 341 4392 notura:
362 4355 435 4408 quae
455 4339 575 4410 scriptio
593 4339 691 4410 prodit
707 4357 825 4394 manum
842 4339 1026 4406 correctoris,
1050 4340 1179 4407 itemque
1198 4339 1277 4408 quod
1297 4348 1341 4392 est

186 4427 270 4479 apr.
296 4427 334 4467 m.
361 4409 393 4461 in
416 4408 506 4464 Rebd.
533 4417 565 4464 et
589 4416 701 4465 natura.
738 4412 820 4466 Unus
844 4411 894 4465 Or.
919 4409 1006 4463 babet
1029 4411 1068 4465 cit
1093 4426 1148 4480 pro
1165 4411 1215 4463 cic.
1255 4409 1341 4463 Solus
