2842 5070
274 319 314 383 re
476 315 705 381 cressonis
726 286 976 380 roscensis.
998 312 1229 380 nrsrornr.

273 486 426 561 tationes,
459 502 555 566 qnam
577 480 751 564 corporis!
780 502 834 559 an,
864 482 952 566 quod
980 498 1123 565 corpora
1151 481 1264 543 curari
1286 482 1415 562 possint

272 568 459 628 animorum
480 564 644 665 medicina
666 565 755 665 nplle
776 563 839 665 siti

342 840 446 899 utrum,
465 834 650 905 quodminus
668 838 784 888 noceant
803 835 857 885 -i
877 833 922 900 an]
947 831 990 885 Ad
1009 833 1254 885 constructionem
1273 830 1332 885 rid.
1353 832 1415 886 Goe

272 922 354 960 rens.
379 906 415 960 ad
440 903 718 969 cinsentuna.
742 909 780 959 to.
804 920 834 974 p·
862 908 903 961 19.
938 905 1044 957 blandii
1071 901 1230 956 Tursellin.
1258 903 1281 955 1.
1308 922 1336 973 p.
1361 906 1415 959 35³

271 976 343 1030 Dav.
372 975 404 1029 in
422 975 477 1032 Ed.
497 979 522 1032 2.
549 976 641 1039 dedit,
667 976 765 1028 nescio
790 975 877 1040 unde,
903 982 1042 1038 ntronrne3
1077 976 1107 1027 in
1132 982 1228 1027 annot.
1250 975 1327 1027 enim
1346 973 1413 1026 nihi

271 1044 392 1113 addidit,
411 1048 470 1100 nisi
489 1047 539 1099 vul
562 1048 658 1122 olegi
675 1053 778 1118 estrnrn.
812 1047 893 1098 Unus
913 1046 962 1098 Ox.
983 1063 1063 1116 queam
1080 1063 1134 1116 pro
1154 1047 1234 1114 qnod.
1273 1045 1347 1098 Gud.
1374 1044 1413 1096 ha

271 1118 321 1172 bet
339 1121 429 1173 minus
447 1119 526 1185 pund.
576 1134 612 1170 ox
632 1121 705 1193 Aug.
732 1120 822 1172 enimi
846 1118 1103 1183 cogitationes.
1140 1117 1194 1168 Pro
1217 1116 1327 1184 possint
1351 1134 1390 1168 un
1416 1139 1421 1160 τ

271 1188 323 1242 Οιι.
341 1188 429 1243 habet
443 1196 569 1258 possunt.
590 1186 641 1242 Ed.
662 1191 690 1241 P.
713 1205 803 1256 posse.
828 1187 902 1241 Edd.
923 1191 951 1240 P.
972 1190 1003 1242 A.
1024 1188 1055 1240 Β.
1076 1190 1103 1242 S.
1123 1186 1157 1240 Ε.
1178 1189 1214 1239 Μ.
1235 1188 1266 1239 h.
1295 1187 1421 1259 itemqu

271 1268 387 1314 nostrae
405 1275 505 1312 omnes
523 1268 590 1313 ante
609 1258 700 1313 Gebh.
722 1256 865 1329 (exceptis
884 1258 952 1315 Roh.
979 1258 1078 1330 Steph.
1105 1267 1135 1312 et
1153 1255 1294 1326 ewen.)
1319 1259 1415 1312 nuli

271 1329 406 1386 medici
412 1347 452 1384 na
471 1332 519 1384 sit.
539 1331 624 1384 Vind.
644 1330 669 1382 2.
689 1339 718 1384 et
735 1329 825 1383 Rehd.
846 1332 925 1385 nullu
942 1332 1082 1385 medicina
1101 1335 1150 1382 est.
1188 1329 1247 1382 Mr.

343 1418 367 1460 c.
385 1405 413 1458 3.
432 1403 471 1454 Ar
490 1408 517 1454 et
534 1402 625 1456 morbi
640 1398 861 1470 perniciosiores
883 1402 1031 1472 pluresque
1056 1398 1129 1467 sunt]
1164 1402 1227 1468 „Et
1250 1406 1337 1475 auget
1362 1399 1403 1452 vir

271 1471 434 1543 particulae
454 1479 492 1538 ot,
516 1481 549 1525 ut
575 1474 646 1526 alibi
666 1473 752 1526 etiam
779 1472 866 1541 [quod
884 1471 970 1527 hahet
988 1473 1073 1528 Vind.
1096 1474 1148 1540 1,],τ
1176 1470 1225 1526 vel
1251 1472 1293 1524 ita
1312 1468 1411 1525 intelli

271 1543 383 1620 gendos
410 1543 500 1611 locus,
529 1545 611 1613 quasi
635 1545 777 1614 scriptum
804 1543 858 1595 sit:
896 1550 921 1595 et
942 1544 1162 1613 perniciosiores
1189 1549 1215 1595 et
1239 1543 1337 1610 plures
1360 1559 1412 1595 sun

272 1608 361 1668 animi
378 1613 497 1667 rnorbi“
516 1612 660 1680 FAW01r.
681 1614 712 1666 in
732 1612 848 1668 scholis.
876 1615 1019 1668 Posterius
1039 1616 1138 1668 verius
1157 1631 1217 1667 esse
1235 1614 1277 1666 sit
1296 1611 1354 1676 On,
1374 1632 1413 1682 qu

272 1686 304 1739 in
322 1704 388 1740 anu.
408 1682 462 1736 Ed.
482 1682 560 1737 nihil
577 1692 715 1755 posuerat
733 1685 805 1738 nisis
824 1684 898 1738 Nota
916 1684 974 1739 hoc
992 1692 1025 1739 et.
1045 1685 1204 1739 Posteriori
1229 1684 1317 1737 etiam
1335 1682 1410 1738 Wol

270 1755 305 1808 iii
323 1755 512 1826 explicationi
530 1757 642 1809 accedit
660 1754 756 1808 Riihn·
776 1755 890 1810 dicens:
915 1764 967 1821 „et
989 1757 1255 1826 —perniciosiores
1275 1758 1421 1822 pluresue

273 1827 295 1878 i.
316 1844 340 1879 e.
360 1835 441 1880 et-
463 1835 500 1880 ct.
524 1820 556 1878 V.
578 1828 719 1896 Goerenc.
738 1826 773 1879 ad
791 1827 830 1878 Le
851 1828 880 1902 g.
900 1827 922 1878 1.
941 1831 984 1884 24.
1007 1825 1081 1885 extr.
1101 1845 1129 1897 Ρ.
1153 1825 1245 1883 100.“,
1269 1822 1326 1880 Hic
1343 1826 1410 1878 vide

271 1894 343 1951 licet
366 1892 465 1952 eodem
492 1898 576 1951 modo
599 1897 696 1950 intelli
720 1894 730 1948 i
757 1844 936 1950 cultiorum
957 1905 1098 1950 nostrum.
1137 1895 1316 1950 Assentirem
1343 1897 1411 1966 equi

270 1966 346 2034 dem,
366 1965 391 2021 si
409 1968 551 2039 scriptum
572 1975 661 2020 esset:
711 1975 721 2018 t
739 1965 828 2019 enimi
844 1969 935 2022 morbi
954 1975 985 2019 et
1001 1967 1220 2036 perniciosiores
1238 1975 1299 2020 sunt
1314 1968 1411 2036 piures

270 2055 334 2109 pne
353 2052 433 2108 quam
453 2034 600 2106 corporis:
628 2045 662 2090 ut
686 2045 730 2090 est
748 2036 852 2090 Acadd.
874 2037 896 2089 1.
919 2039 960 2094 10.
982 2042 1030 2094 37:
1057 2039 1155 2105 officia
1181 2047 1280 2103 antem,
1311 2045 1341 2091 et
1365 2055 1411 2091 ser

162 2134 165 2138 ·
269 2116 334 2162 octa
350 2110 633 2176 praetermissaque,
654 2106 748 2160 media
766 2109 891 2177 putabat.
928 2110 1014 2162 Nunc
1033 2127 1098 2162 cum
1117 2108 1233 2163 Klotzio
1260 2110 1346 2174 facio,
1372 2126 1411 2178 qu

271 2179 455 2246 Quaestionn.
481 2178 629 2234 Tulliann.
650 2180 671 2236 1.
697 2195 727 2247 Ρ.
749 2182 800 2234 105
819 2199 879 2249 sqq.
904 2181 945 2234 ita
964 2179 998 2234 de
1016 2180 1048 2233 h.
1067 2181 1088 2233 l.
1114 2179 1256 2250 disputat:
1293 2181 1418 2249 „Nequ-

269 2248 298 2301 h.
307 2248 331 2302 Ἰ.
349 2249 495 2320 particula
514 2256 540 2301 et
559 2249 705 2324 significat
729 2246 824 2314 etiam,
849 2269 942 2320 neque
966 2259 1010 2304 est
1032 2249 1212 2307 rernovenda.
1251 2248 1308 2306 Sed
1333 2270 1406 2320 quu·

270 2320 375 2374 Cicero
398 2328 432 2372 ut
459 2321 617 2391 sapientise
637 2321 764 2374 studium
783 2323 1005 2389 commendaret,
1031 2342 1085 2392 qua
1112 2320 1203 2376 animi
1227 2322 1421 2398 aegritudine

270 2389 423 2463 morbique
444 2392 626 2456 sanarentur,
660 2409 748 2462 supra
775 2393 966 2468 significasset
990 2411 1051 2448 esse
1076 2401 1105 2447 et
1133 2390 1248 2447 morbos
1273 2393 1365 2446 animi
1394 2411 1421 2446 οι

271 2477 371 2515 eornm
400 2461 575 2515 medicinam
601 2459 634 2528 [i.
655 2467 680 2519 4.
708 2471 781 2516 extr.
810 2463 853 2518 bis
879 2465 1039 2519 nullane-
1064 2467 1140 2519 nuile
1164 2463 1258 2529 siren
1294 2464 1362 2517 inde
1389 2481 1417 2515 a·

174 2551 177 2559 ¹
270 2532 292 2598 1.
313 2536 340 2589 5.
360 2534 389 2587 id
413 2534 454 2587 ita
480 2550 541 2586 sese
567 2532 674 2588 hebere
697 2551 799 2604 revera
819 2543 981 2590 monstrare
1009 2534 1136 2588 debebat.
1175 2529 1255 2598 Quod
1272 2543 1306 2584 ut
1324 2530 1409 2587 edice

270 2611 327 2670 ret,
355 2604 397 2657 sic
419 2604 565 2674 perrexit:
603 2612 633 2657 ct
658 2612 683 2658 et
705 2605 797 2658 morbi
817 2606 1040 2674 perniciosiores
1064 2607 1211 2674 pluresque
1237 2610 1302 2655 sunt
1332 2605 1411 2656 anim

271 2685 354 2746 qnam
374 2675 511 2744 corporis,
537 2671 639 2745 quibus
658 2694 694 2729 ex
712 2677 808 2728 verbis
826 2685 922 2746 potest
945 2677 1078 2750 intelligi
1097 2676 1269 2728 Ciceronem
1291 2673 1416 2742 primu..

271 2744 390 2815 quidem
409 2745 535 2799 voluisse
554 2747 729 2800 sententiam
748 2747 790 2800 sic
809 2748 972 2812 instituere,
997 2754 1029 2797 ut
1051 2752 1205 2821 pergerat:
1234 2751 1260 2795 et
1282 2743 1421 2798 medicin

270 2820 377 2871 certior
393 2825 435 2870 est
453 2816 611 2869 morborum
628 2817 729 2882 enimi,
754 2834 836 2885 quarn
861 2820 1005 2885 cerporiss
1037 2816 1085 2869 sad
1102 2823 1255 2886 postquam
1282 2823 1315 2867 ut
1333 2817 1408 2870 ratio

270 2905 338 2942 nem
356 2886 501 2953 redderet,
521 2905 610 2956 quare
630 2896 726 2942 essent
743 2889 834 2941 animi
852 2887 946 2940 morbi
957 2886 1194 2957 perniciosiores,
1213 2884 1298 2955 plura
1317 2886 1421 2940 adieci

270 2959 359 3013 rerba
383 2966 469 3031 atque
490 2958 649 3024 intellexit,
677 2958 765 3033 longe
783 2958 959 3029 probabilius
977 2955 1034 3010 hoc
1056 2975 1125 3025 esse,
1150 2973 1237 3028 quam
1257 2958 1349 3023 illud3
1377 2959 1409 3009 in

271 3026 404 3096 chortam
422 3029 546 3100 reliquit
564 3030 811 3084 constructionem
830 3036 868 3094 et,
893 3045 965 3098 quae
984 3037 1046 3081 erat
1065 3029 1096 3081 in
1122 3046 1156 3084 eo
1176 3044 1210 3081 co
1235 3029 1327 3082 itandi
1346 3028 1407 3082 cele

270 3103 344 3156 ritas
369 3107 398 3155 et
424 3098 548 3166 dicendi,
579 3103 626 3169 qui
651 3100 857 3169 rere,-inquit,
881 3099 1002 3167 probari
1023 3107 1116 3168 potest
1145 3129 1179 3138 -
1230 3109 1256 3152 st
1289 3099 1415 3171 profect

270 3171 363 3228 animi
378 3170 528 3238 medicina,
546 3169 736 3240 pbilosopbiae
755 3170 844 3239 peius
861 3179 915 3224 etc.
953 3172 1029 3238 Quae
1045 3173 1134 3226 rerba
1152 3190 1206 3225 cur
1224 3173 1267 3225 sic
1285 3171 1407 3224 immuta

269 3242 348 3298 serit
366 3243 479 3310 Gicsro,
507 3245 630 3314 quisque
655 3241 739 3296 facili
760 3257 850 3312 opera
866 3243 1068 3312 persentiscit:
1104 3262 1171 3295 nam
1195 3242 1332 3313 quoniam
1350 3240 1421 3296 hae

270 3323 353 3369 erant
372 3315 507 3379 certiora,
527 3331 613 3383 quam
632 3311 670 3379 id,
691 3311 767 3382 quod
786 3316 977 3382 anteposuit,
997 3329 1087 3383 quum
1105 3330 1230 3388 pergere
1248 3320 1345 3382 posset
1362 3313 1408 3364 usi

270 3392 329 3444 tata
348 3385 513 3438 affirmandi
531 3385 654 3447 ratione,
673 3400 727 3453 per
746 3382 1005 3458 interrogationem
1023 3382 1098 3436 hanc
1117 3384 1222 3437 extulit
1241 3383 1408 3436 enunciatio

269 3466 353 3521 nem,
375 3468 431 3526 quo
449 3469 494 3509 tna
517 3456 542 3507 is
560 3453 657 3508 intelli
680 3461 780 3506 eretur
797 3470 857 3507 esse
874 3458 1008 3524 proiecto
1031 3455 1121 3507 animi
1140 3453 1325 3520 medicinam,
1353 3453 1406 3523 phi

269 3526 464 3598 losophinm.“‘
497 3474 577 3592 {luae
596 3524 646 3594 qui
668 3541 712 3576 em
732 3525 884 3578 verissime
911 3520 1048 3579 videntur
1072 3527 1224 3597 disputata.
1261 3522 1304 3577 De
1322 3525 1420 3578 eadem

270 3591 486 3651 constructione
503 3592 587 3716 puasi
606 3586 784 3662 ἀνακολούθῳ
803 3611 857 3670 ego
875 3595 938 3649 dixi
956 3597 991 3648 ad
1011 3596 1070 3649 Cic.
1090 3596 1125 3649 dc
1143 3597 1213 3666 Rep.
1234 3596 1256 3650 1.
1276 3599 1302 3650 3.
1324 3609 1354 3666 Ρ.
1377 3597 1418 3651 16.

269 3668 337 3721 coll.
357 3682 385 3738 p.
403 3670 502 3722 toe.a
540 3664 600 3718 cic.
621 3664 657 3718 de
673 3662 739 3718 Div.
760 3667 782 3721 1.
802 3668 845 3720 lb.
865 3685 893 3736 Ρ.
916 3670 974 3722 103.
991 3667 1019 3735 l.
1040 3670 1083 3723 53.
1103 3686 1130 3737 p.
1146 3668 1205 3720 264.
1218 3666 1240 3718 1.
1255 3669 1297 3720 55.
1318 3683 1346 3788 p
1358 3662 1419 3722 275,

290 3752 443 3808 uamqnam
470 3735 550 3788 hunc
577 3730 702 3805 quidem*
721 3734 817 3788 locum
837 3735 997 3812 Madvigius
1026 3736 1073 3802 [N.
1093 3734 1204 3790 Archiv
1222 3738 1244 3792 f.
1264 3735 1317 3787 Phi
1333 3738 1371 3793 ol.
1391 3748 1418 3790 r.

268 3754 402 3863 ieebode.
425 3805 501 3863 1829·
520 3806 577 3874 bl]
596 3806 628 3859 in
647 3806 684 3859 iis
703 3808 795 3876 ponit,
816 3801 1097 3878 quibusparticulae
1122 3815 1147 3860 et
1172 3807 1329 3877 respondet
1356 3821 1420 3878 pue:

268 3897 358 3949 quare
385 3877 574 3933 distinctione
598 3884 707 3928 mutata
735 3876 823 3929 scribi
841 3877 907 3930 vult
928 3907 958 3915 -
979 3879 1095 3944 difficile
1114 3885 1169 3932 est.-
1193 3878 1356 3949 easdemqne
1377 3907 1418 3929 -.

266 3949 347 4005 Adde
366 3950 501 4004 Beierum
520 3947 551 4001 in
569 3946 638 4017 Lpz.
659 3947 715 3999 hit.
734 3949 800 4022 mg.
821 3950 898 4005 1825.
919 3951 980 4004 127.
1009 3952 1040 4018 ΡΣ
1059 3953 1136 4005 101⁰.
1165 3959 1194 4004 et
1218 3950 1253 4002 ad
1279 3949 1339 4006 cic.
1364 3964 1419 4020 pro

220 4076 222 4079 ,
266 4019 373 4075 Scauro
391 4038 420 4091 Ρ.
442 4019 502 4081 195,
521 4019 649 4086 itemque
667 4019 698 4070 in
716 4013 816 4071 Jahnii
835 4018 951 4074 Annall.
973 4022 1048 4076 1827.
1068 4021 1090 4076 1.
1110 4024 1135 4075 3.
1156 4039 1184 4090 Ρ.
1204 4023 1239 4076 24
1258 4038 1301 4090 sq.
1321 4022 1418 4074 Jacob.

266 4093 297 4145 in
316 4091 395 4168 Allg.
417 4086 568 4164 Schulztg.
590 4089 667 4144 1828.
688 4088 726 4140 11.
748 4092 806 4144 llll.
826 4109 846 4160 p
876 4093 926 4146 1⁰8
945 4109 986 4161 sq.
1006 4090 1099 4145 Klotz.
1119 4091 1139 4142 l.
1159 4109 1182 4142 c.
1203 4109 1231 4160 p.
1254 4094 1366 4147 7-12ε
1387 4093 1419 4144 in

224 4207 226 4211 ,
286 4164 369 4216 rimis
388 4175 465 4214 nunc
484 4159 549 4211 otto
573 4159 607 4210 ad
627 4159 686 4213 cic.
716 4161 749 4214 de
767 4159 853 4214 Finn.
873 4180 902 4231 p.
922 4164 983 4218 386.
1010 4162 1083 4216 Goll.
1105 4162 1134 4216 0.
1155 4165 1192 4213 Μ.
1214 4160 1327 4213 Miiller.
1348 4162 1417 4215 Gur.

264 4180 327 4290 bec.
348 4231 382 4286 ad
402 4231 462 4284 cic.
481 4242 534 4299 pro
553 4229 646 4284 Sestio
664 4250 692 4301 p.
715 4232 766 4287 113
784 4249 825 4303 sq.
865 4232 923 4286 Mr.

336 4303 376 4354 Ar
400 4305 427 4354 et
450 4296 551 4364 morbi]
589 4298 657 4357 Cod.
685 4303 759 4355 Mon.
779 4305 807 4358 2.
835 4307 861 4354 A
869 4321 884 4355 c
907 4310 933 4356 et
962 4302 1062 4356 morbi.
1103 4301 1204 4376 Pergit
1233 4298 1300 4356 God.
1326 4300 1416 4358 Rchd.

264 4374 383 4436 (omissa
400 4386 472 4425 voce
486 4370 719 4439 perniciosiores)
741 4374 838 4442 piures
861 4381 923 4427 sunt
941 4374 1039 4439 animi,
1067 4387 1149 4442 quom
1167 4372 1302 4440 corporis.
1341 4372 1417 4428 Tum

263 4446 339 4498 Mon.
357 4444 384 4499 2.
412 4441 441 4496 li
466 4440 550 4509 enim,
574 4439 673 4502 Duisb.
703 4444 755 4498 liii
780 4444 863 4499 enim.
904 4441 966 4499 Duo
986 4445 1056 4498 Oxx.
1083 4440 1222 4496 omittunt
1248 4445 1313 4510 ipsi.
1352 4446 1418 4500 Post
