2842 5070
111 386 115 394 ᾗ
197 309 241 375 96
326 405 330 409 ,
395 306 624 394 CICERONIS
646 305 891 374 TUSCULAN.
913 307 1161 380 1118Ρ11ΤΑΤ.ι

137 479 182 535 30.
202 471 298 536 Ouod
319 482 428 535 antem
451 473 600 537 Theseus
622 494 642 535 a
664 472 762 535 docto
785 493 820 535 se
842 473 973 536 audisse
990 473 1084 549 dicit,
1107 442 1143 534 id
1164 471 1205 534 de
1226 475 1351 556 seipso

201 556 350 636 quuitur
370 556 557 636 Euripides.
601 557 722 618 Fuerat
744 559 831 618 enim
849 557 984 618 auditor
999 559 1230 642 Anaxagorae:
1252 577 1352 638 quern

116 640 324 715 ptulerunt,
359 639 512 698 nuntiata
542 647 650 700 morte
681 639 754 716 filii,
783 639 916 716 dixisse,
951 638 1097 702 Sciebam
1125 659 1171 700 me
1201 643 1353 718 genuisse

133 725 165 760 .,‚
276 744 281 752 ,

272 825 353 879 Quod
379 832 466 878 autem
496 822 616 877 Theseus
642 839 660 876 a
687 825 765 877 docto
793 840 823 877 se
842 825 958 877 audisse
982 823 1076 889 dicit]
1113 825 1176 889 „Ita
1195 825 1350 889 Victorius,

198 895 327 964 quinque
346 895 510 947 Pall.Fabr.
522 885 597 947 Pith.
616 897 706 970 vulgo
725 913 743 946 a
762 896 841 948 docta
859 897 941 948 uiro
960 913 990 948 se
1009 895 1153 947 audisae.“
1172 893 1254 946 Getta.
1273 898 1352 949 Illud

198 966 260 1018 niro
279 967 352 1018 solos
368 967 473 1018 habere
492 967 532 1017 ait
551 970 587 1018 m.
608 976 637 1018 et
655 968 688 1018 l..
710 967 843 1020 Orellius.
882 967 937 1018 Sed
953 967 1059 1018 habent
1083 967 1168 1018 etiam
1194 967 1265 1018 Eud.
1285 968 1349 1020 Car.

199 1035 297 1106 Steph.
317 1038 467 1104 (quivero
487 1054 502 1088 a
520 1046 577 1089 ret.
598 1053 647 1088 suo
666 1037 733 1090 Cod.
753 1037 845 1089 abesse
862 1039 964 1101 refert)
983 1038 1064 1089 Boul.
1083 1039 1163 1088 Brut.
1178 1037 1265 1089 Goth.
1286 1038 1351 1090 Ald.

198 1108 285 1159 Leod.
306 1106 385 1176 Sylb.
425 1110 459 1160 In
478 1107 544 1159 Cod.
565 1108 638 1160 Gud.
660 1117 702 1159 est
720 1125 737 1158 a
757 1109 837 1160 docto
864 1106 988 1161 Theseus.
1026 1108 1170 1160 Scribitur
1189 1123 1218 1159 se
1242 1109 1353 1161 audi·

199 1178 299 1230 visse
319 1178 349 1227 in
368 1178 435 1230 cod.
456 1180 529 1230 Mon.
546 1181 571 1232 2.
590 1179 661 1230 Edd.
682 1178 714 1229 Α.
734 1179 764 1228 Β.
786 1179 813 1231 S.
834 1180 868 1233 E.
889 1179 918 1231 C.
939 1181 971 1228 V.
992 1180 1061 1228 Ven.
1084 1186 1172 1229 nostr.
1194 1177 1256 1229 Asc.
1280 1185 1303 1232 l.
1323 1183 1349 1234 2.

200 1250 281 1301 Junt.
302 1249 368 1300 Rob.
389 1248 488 1317 Steph.
517 1251 571 1301 Pro
594 1249 664 1302 dicit
683 1248 749 1302 Ood.
768 1248 856 1302 Rehd.
877 1267 961 1318 supra
980 1249 1033 1299 lin.
1054 1249 1150 1313 discit,
1171 1248 1243 1300 Gud.
1265 1251 1352 1315 docet,

200 1319 297 1372 Duisb.
323 1319 398 1371 diem
422 1319 505 1372 dixit.
543 1322 603 1372 Mu.
1134 1340 1140 1359 ν

272 1391 304 1444 id
323 1391 358 1441 de
375 1406 405 1441 ee
427 1391 441 1442 i
447 1407 515 1458 pso
540 1391 662 1458 loquitur
687 1389 871 1458 Euripidem]
904 1391 948 1443 De
971 1407 1000 1442 se
1024 1390 1103 1459 ipse
1129 1391 1208 1444 dedit
1225 1393 1295 1444 Dav.
1321 1393 1355 1443 in·

200 1462 254 1513 Ed.
275 1463 300 1515 2.
321 1461 403 1512 nulla
421 1463 530 1513 ratione
549 1463 656 1514 addita:
677 1469 777 1512 contra
796 1463 950 1514 Ernestns:
977 1471 1010 1512 ut
1035 1471 1140 1531 suopte·
1163 1464 1279 1536 ingenio
1306 1481 1354 1514 ex·

200 1531 869 1671 tttttdtttt?ttdttttstitit.t‘.
890 1542 1127 1672 ,²‚ii{...f.?i‘i{‘.¹i
1144 1533 1353 1678 ltadgt
1381 1625 1384 1629 «
1405 1578 1408 1583 ’

201 1675 339 1736 audisset,
370 1672 504 1742 loquitur
529 1673 695 1742 Euripides.
734 1673 842 1724 Laudat
861 1672 908 1728 Or.
927 1673 1112 1746 Anaxagorae
1137 1675 1284 1748 Fragmm.
1306 1675 1350 1728 ed.

202 1740 378 1798 Schaubach.
400 1745 477 1812 Lips·
498 1745 584 1800 1827.
600 1763 629 1814 p.
649 1747 692 1797 20.
721 1743 766 1794 cf.
787 1744 875 1794 etitem
893 1762 921 1813 p.
940 1749 983 1798 21.
1010 1744 1077 1797 Cot.
1101 1744 1174 1796 Gud.
1195 1736 1221 1800 ’2.
1241 1746 1352 1797 omittit

200 1831 230 1867 ee
253 1832 320 1866 cum
345 1814 418 1867 Gud.
461 1814 539 1866 Illud
566 1815 624 1880 ipse
647 1813 731 1865 habet
755 1813 852 1865 Duisb.
892 1816 960 1865 Erat
983 1831 1036 1884 pro
1065 1815 1157 1879 fuerat
1183 1834 1218 1869 ex
1241 1816 1295 1867 Ed.
1316 1817 1351 1872 E.

202 1886 333 1939 enotavit
352 1886 397 1937 Or.
423 1886 487 1936 Fuit
505 1884 597 1938 'habet
617 1883 685 1939 Cod.
704 1883 803 1935 Duisb.
841 1885 874 1935 In
894 1886 962 1938 Cod.
983 1887 1066 1936 Vind.
1088 1891 1112 1940 l.
1133 1887 1229 1938 omnia
1248 1887 1352 1940 desunt

201 1956 269 2009 inde
293 1956 326 2006 ab
350 1956 407 2014 hoc
426 1955 490 2008 Ioco
509 1975 599 2025 usque
618 1957 652 2008 ad
670 1975 697 2006 v.
719 1957 852 2020 elevetque
872 1957 1069 2018 aegritudinem
1094 1973 1118 2006 c.
1140 1959 1181 2010 16.
1206 1974 1268 2025 prc.
1307 1956 1350 2008 De

199 2026 370 2100 Anaxagora
388 2042 445 2078 non
465 2037 517 2091 est,
543 2027 620 2096 quod
638 2034 704 2096 post
723 2024 915 2078 Schaubaohii
939 2027 1057 2089 librum,
1082 2044 1166 2094 quem
1185 2028 1269 2080 modo
1288 2027 1352 2080 lau·

199 2097 341 2159 davimus,
366 2097 478 2166 aliquid
496 2097 639 2149 addamus.
669 2097 712 2147 Of.
732 2103 829 2146 tamen
849 2095 962 2148 Schotti
986 2098 1059 2149 Nod.
1081 2097 1143 2149 cic.
1168 2115 1197 2166 p.
1217 2100 1277 2154 329.
1316 2100 1352 2151 ln

143 2163 144 2166 '
201 2167 270 2221 Ood.
290 2170 365 2219 Mon.
385 2170 411 2222 2.
433 2167 572 2218 scribitur
590 2168 760 2228 annuntiata,
787 2166 818 2216 in
838 2166 912 2221 Gud.
932 2176 1006 2218 sorte
1024 2183 1078 2235 pro
1097 2174 1193 2220 marte:
1214 2168 1290 2236 quod
1309 2177 1352 2221 est

198 2240 324 2292 fortasse
343 2239 524 2290 correctoris.
547 2239 620 2289 Gud.
632 2238 666 2290 ’2.
687 2236 797 2289 omittit
815 2236 878 2301 filii,
897 2245 998 2290 contra
1016 2238 1101 2293 Vind.
1120 2241 1145 2292 2.
1167 2247 1254 2313 auget
1272 2240 1353 2292 Cice-

199 2319 301 2362 ronem
322 2307 458 2359 exhibens
484 2315 567 2358 morte
584 2308 639 2372 filii
660 2308 722 2358 sui.
762 2307 820 2361 Mr.
891 2308 897 2319 ‘
1129 2333 1136 2339 ›

270 2376 391 2431 Sciebam
410 2393 449 2428 me
466 2378 595 2441 genuisse
613 2381 757 2430 mortalem.
785 2378 859 2432 Quae
870 2395 922 2430 aar
941 2379 1008 2444 etc]
1027 2381 1081 2431 Pro
1098 2380 1221 2430 declarat
1240 2379 1313 2433 Gud.
1324 2382 1351 2433 2.

167 2448 169 2450 ’
200 2449 320 2502 dederat.
357 2448 437 2500 Idem
456 2448 490 2512 is,
515 2449 566 2500 alii
584 2448 628 2500 Itis
647 2450 691 2517 (ut
709 2450 780 2500 Dav.
802 2450 852 2517 qui
872 2450 902 2500 in
921 2449 977 2501 hoc
998 2450 1137 2502 vocabulo
1156 2452 1219 2502 fere
1238 2467 1353 2520 semper

200 2519 303 2585 errat,)
322 2535 372 2570 nos
391 2519 438 2581 tis,
458 2519 533 2582 quod
549 2520 599 2572 vel
618 2520 720 2571 invitis
739 2520 824 2570 libris
844 2521 1026 2571 scribendum
1046 2522 1113 2572 fuit.
1140 2519 1215 2571 Gud.
1241 2522 1353 2572 omittit

199 2589 275 2644 duee.
305 2590 377 2663 Aug.
403 2588 488 2641 habet
513 2589 580 2640 haec
604 2607 672 2641 esee.
715 2590 751 2641 In
776 2607 853 2659 seqq.
882 2591 1027 2659 plurimae
1051 2592 1123 2642 Edd.
1147 2597 1218 2645 vett.
1245 2591 1353 2644 habent

199 2661 343 2730 aquibus:
378 2659 436 2712 sola
463 2660 492 2710 P.
513 2677 548 2712 ex
567 2662 699 2712 omnibus
724 2661 758 2713 ab
778 2660 825 2711 Or.
847 2661 961 2713 collatis
985 2661 1071 2712 habet
1090 2662 1191 2727 quibus,
1211 2662 1350 2729 adquam

201 2732 392 2801 scriptionem
411 2730 501 2783 Gebh.
540 2732 829 2806 „Elegantissimam
849 2732 899 2796 ait,
916 2730 993 2782 hanc
1012 2732 1169 2784 lectionem
1187 2748 1296 2800 repono
1316 2749 1352 2784 ex

162 2833 164 2836 ·
199 2803 271 2856 Pali.
291 2802 377 2871 prim.
398 2801 513 2854 secund.
535 2810 601 2856 tert.
623 2803 715 2870 quint.
735 2801 885 2854 Fab.Pith.
923 2799 971 2854 Sic
990 2803 1107 2855 Terent.
1128 2802 1242 2853 Phorm.
1262 2802 1352 2854 omnia

199 2872 264 2926 milti
283 2872 407 2934 cogitatu
425 2880 494 2936 suat,
518 2873 588 2925 alias
610 2870 759 2941 illepidius
779 2889 796 2924 a
816 2873 979 2938 quibusnam
1002 2873 1134 2937 fuerint.“
1169 2874 1294 2926 Videtur
1317 2891 1353 2926 ex

198 2944 341 2996 memoria
365 2940 491 2996 laudasse
510 2943 682 2996 Terentium
702 2940 879 2995 Gebhardus.
917 2943 972 2994 Est
990 2944 1066 2996 enim
1086 2944 1199 2995 Pborm.
1220 2944 1258 2995 II.
1278 2945 1302 2996 2.
1325 2943 1350 2995 7.

200 3013 281 3067 locus
300 3013 353 3064 ille
371 3015 550 3078 notissimus,
571 3015 621 3083 qui
641 3015 682 3065 ita
701 3011 847 3066 sehabet:
879 3013 950 3086 Cedo
969 3030 1069 3065 senem:
1099 3016 1153 3066 lam
1171 3015 1352 3065 instructu

199 3091 260 3138 suat
278 3083 318 3136 mi
335 3083 364 3134 in
382 3087 464 3136 carde
483 3087 598 3137 consitio
617 3085 711 3138 omnia.
749 3083 804 3134 Est
828 3091 923 3136 autem
941 3102 1031 3152 prava
1055 3085 1145 3138 lectio
1170 3100 1189 3133 a
1207 3085 1300 3152 quidus
1319 3084 1352 3136 in

198 3171 257 3208 uno
276 3162 392 3207 tantum
413 3154 480 3208 Cod.
502 3157 562 3220 Ox,
583 3155 633 3208 sed
651 3157 681 3206 in
701 3154 809 3206 nostris
826 3154 906 3206 Edd.¹
920 3163 986 3207 ante
1006 3154 1090 3206 Grut.
1111 3155 1253 3207 omnibus.
1274 3155 1349 3205 Mon.

198 3229 224 3283 2.
246 3234 274 3280 et
293 3226 422 3295 quinque
442 3227 511 3280 Oxx.
531 3226 639 3278 habent
658 3227 765 3288 fueruat
783 3242 837 3293 pro
855 3226 964 3289 fuerint.
992 3226 1054 3278 D'uo
1075 3227 1143 3279 Oxx.
1165 3227 1277 3289 cognita
1295 3241 1350 3293 pro

199 3296 340 3362 cogitatu:
367 3298 442 3365 quod
463 3309 506 3351 est
524 3297 713 3360 correctoris,
734 3297 784 3364 qui
803 3296 939 3347 Dativnm
958 3297 993 3348 ad
1011 3315 1038 3348 v.
1059 3297 1184 3360 cogitata
1205 3312 1262 3348 non
1282 3310 1352 3347 con·
1394 3325 1401 3331 ·

199 3376 344 3436 coqueret.
383 3368 426 3420 De
452 3370 667 3420 constructione
694 3365 761 3428 loci,
788 3365 926 3417 videlicet
954 3366 989 3418 de
1008 3367 1113 3420 Dativo
1141 3383 1208 3419 cum
1234 3367 1350 3419 Passivo

198 3439 258 3491 vid.
280 3438 345 3489 Otto
364 3436 486 3490 Excurs.
506 3439 541 3490 ad
560 3438 620 3490 Oic.
644 3437 680 3489 de
697 3435 785 3487 Finn.
804 3454 834 3505 p.
854 3438 917 3491 374.
953 3439 1011 3489 Μν.
1053 3464 1056 3469 ,

209 3520 211 3524 ·
270 3507 391 3575 Scieltom
410 3523 449 3558 me
466 3509 594 3572 genuisse
612 3505 756 3569 mortalem]
781 3507 879 3559 Unum
895 3507 1075 3562 solummodo
1094 3511 1190 3562 filium
1209 3516 1352 3562 memorat

97 3596 103 3601 ’
198 3587 315 3644 noster3
342 3595 407 3630 cum
436 3595 492 3649 quo
510 3580 592 3647 paria
610 3579 723 3631 faciunt
743 3577 870 3630 Galenus
893 3578 942 3629 lib.
964 3580 1011 3631 IV.
1032 3579 1066 3633 de
1084 3579 1188 3655 Dog'm.
1208 3576 1349 3650 Hippocr.

199 3660 228 3705 et
245 3651 356 3703 Platon.
383 3668 442 3719 cap.
464 3651 526 3703 VII.
552 3650 684 3714 Valerius
714 3650 854 3702 Maximus
878 3648 927 3700 lib.
950 3652 981 3706 V.
1010 3668 1071 3720 cap.
1092 3652 1124 3702 X.
1144 3655 1171 3706 3.
1198 3659 1255 3704 ext.
1282 3651 1351 3702 Plu-

197 3721 316 3774 tarchus
328 3720 412 3773 Cous.
433 3721 468 3772 ad
477 3720 573 3789 Apoll.
586 3738 650 3792 pag.
664 3722 721 3774 118.
743 3724 806 3786 περὶ
825 3723 974 3786 ἀοργησίας
991 3740 1056 3795 pag.
1066 3726 1127 3778 461.
1146 3726 1207 3791 περὶ
1220 3719 1351 3788 εὐθυμίας

196 3809 264 3866 pag.
287 3794 347 3846 474.
386 3791 462 3842 Dion
488 3791 709 3858 Chrysostomus
738 3790 814 3842 Orat.
840 3790 976 3844 XXXVII.
1000 3791 1188 3862 Symmachus
1214 3791 1265 3843 lib.
1294 3793 1350 3846 III.

197 3861 293 3931 Epist.
314 3866 338 3915 6.
377 3863 574 3931 Hieronymus
592 3862 673 3930 Epit.
700 3862 804 3930 Nepot.
830 3879 895 3936 pag.
917 3862 958 3915 21.
988 3863 1110 3932 denique
1130 3862 1299 3931 Simplicius
1319 3865 1351 3915 in

196 3931 293 4003 Epict.
321 3932 382 4000 ca'p.
402 3932 490 3983 XXII.
519 3949 585 4006 pag.
607 3933 666 3985 125.
705 3932 758 3982 His
777 3933 946 3984 accensendi
973 3942 1040 3985 sunt
1059 3934 1210 3987 Hierocles
1229 3936 1261 3986 in
1282 3935 1349 3987 Aur.

198 4002 293 4055 carm.
313 4002 400 4054 XVII.
420 4003 561 4054 Arrianus
585 4002 682 4070 Epict.
703 4002 752 4053 lib.
773 4002 829 4054 111.
855 4020 915 4071 cap.
935 4003 1037 4055 XXIV.
1057 4022 1122 4079 pag.
1141 4006 1202 4058 342.
1232 4013 1261 4057 et
1279 4005 1351 4057 Tre-.

196 4072 303 4126 bellios
321 4073 413 4126 Pollio
432 4075 463 4126 in
483 4073 625 4125 Gallienis
645 4089 704 4141 cap.
725 4073 815 4129 XVII.
840 4074 891 4141 qui
909 4073 965 4126 hoc
984 4075 1100 4144 quidem
1120 4072 1288 4143 ἀπόφθεγμα
1306 4091 1352 4128 re·

196 4147 309 4205 ferunt,
328 4144 378 4196 sed
396 4145 522 4196 auctoris
540 4161 646 4197 nomen
664 4151 769 4195 tacent.
806 4144 859 4196 Ast
882 4144 1019 4198 Aelianus
1039 4147 1103 4198 Var.
1125 4147 1199 4197 IIist.
1226 4145 1351 4198 tit-111.

198 4232 258 4283 cap.
279 4217 305 4269 2.
334 4215 458 4265 duorum
489 4215 618 4267 filiorum
649 4215 793 4267 meminit.
837 4218 1007 4284 Ἀναξαγόρᾳ
1040 4236 1077 4277 τις
1106 4218 1144 4281 τῷ
1173 4219 1351 4288 Κλαζομενίῳ

90 4305 100 4313 ·
195 4279 380 4348 σπουδάζοντι
399 4287 466 4353 πρὸς
484 4285 545 4344 τοὺς
564 4283 687 4350 ἑταίρους
705 4286 862 4353 reponitur
889 4288 941 4352 ἔφη
961 4291 1118 4353 τεθνηκέναι
1138 4287 1165 4338 οἶ
1184 4287 1246 4343 τοὺς
1264 4287 1353 4338 AY'O

196 4359 359 4418 ΠΛΓΔΑΣ,
379 4355 527 4424 οὖςπεροῦν
540 4361 586 4409 καὶ
604 4350 661 4426 εἶχε
678 4359 781 4423 μόνους
801 4355 1028 4425 ὁἈναξαγόρας·
1059 4359 1074 4409 ὀ
1094 4356 1125 4409 δὲ
1145 4357 1234 4424 μηδὲν
1258 4358 1351 4409 deutu-

197 4433 318 4499 ραχθείς,
337 4419 423 4496 εἶπεν,
435 4427 544 4487 ’Hatera
561 4428 677 4494 θνητοὺς
697 4434 872 4498 γεγεννηκώς.
899 4427 971 4482 Eius
990 4429 1077 4482 verba
1095 4429 1205 4499 repetit
1213 4425 1351 4482 Stobaeus
