2842 5070
478 292 609 355 LIBER
629 291 691 371 111,
719 291 768 355 tt.
1166 295 1207 362 81

57 460 149 526 Iovis
171 463 234 524 iste
256 459 390 542 quidem
412 423 588 540 pronepos.
631 457 759 518 Tamne
780 475 861 541 ergo
884 454 1045 538 abiectus,
1079 468 1209 546 tamque
1301 477 1304 483 ’

191 543 203 588 t

56 548 306 696 fractusm‘e,
328 623 447 705 inquit,
468 619 623 701 hospite's,
646 619 691 723 ed
710 639 756 680 me
777 595 897 681 odiret
917 621 1007 684 illico
1029 614 1133 685 istim!
1221 657 1228 670 ·

131 811 236 876 Nolite,
256 810 362 879 inquit,
381 806 501 876 hospites
526 805 594 872 eto]
631 805 758 871 „Scribo
784 823 850 859 eum
869 806 969 860 libris:
998 808 1095 861 Nolite
1119 807 1214 877 hospi-

60 891 103 936 tes
126 884 209 935 adire
227 882 266 933 od
282 896 323 930 me
341 879 408 932 ilico
426 879 500 933 istic.
528 875 705 929 Trochaicus
725 884 777 942 est,
804 878 835 929 in
854 896 942 947 quem
960 895 1019 931 non
1044 881 1121 933 cadit
1140 881 1215 933 Iam-

60 956 131 1006 busa
157 955 252 1021 itaque
277 966 334 1002 non
359 957 431 1019 puto
456 965 503 1002 eos
530 956 610 1001 reete
630 949 749 1008 sentire,
774 949 825 1016 qui
842 949 939 1002 verbis
958 950 1045 1003 aliter
1063 950 1214 1006 collocatis

64 1026 106 1076 ita
122 1025 238 1097 legunt:
257 1021 351 1074 Nolite
368 1019 489 1088 hospites
502 1020 541 1071 ad
558 1031 603 1070 me·
618 1017 701 1070 odire
713 1018 780 1071 ilico
799 1018 878 1071 istic.-
896 1038 963 1072 nam
982 1023 1013 1072 in
1028 1030 1130 1090 qnarta
1149 1023 1215 1077 sede

62 1094 172 1147 iambus
200 1091 305 1145 esset.“‘
329 1091 428 1143 Aldus.
472 1089 619 1155 „iambici
639 1097 727 1154 sunt,
755 1089 806 1157 qui
829 1106 883 1158 pro
912 1091 1066 1145 trochaicis
1091 1093 1214 1147 fallunt:

62 1182 128 1228 nem
156 1162 240 1215 nolite
267 1160 390 1228 hospites
416 1160 575 1213 clausulam
600 1159 720 1211 iambici
748 1161 856 1212 senarii
875 1163 1018 1216 existimo.
1062 1164 1153 1216 Adire
1179 1165 1217 1218 od

60 1252 116 1287 me:
140 1235 207 1287 ilico
226 1235 300 1295 istic,
325 1249 358 1284 ne
378 1231 508 1298 contagio
529 1230 638 1284 solidus
666 1238 694 1282 et
712 1231 827 1303 integer
848 1247 950 1285 versus
978 1235 1104 1298 videtur,
1135 1243 1216 1288 utet

59 1306 213 1374 proximus
232 1306 302 1356 Mea
319 1304 405 1368 horis,
425 1304 556 1355 umbrave
575 1302 652 1364 obsit,
672 1307 752 1352 tenta
771 1300 814 1352 eis
832 1303 960 1356 sceleriss
987 1304 1036 1356 ubi
1056 1306 1216 1374 supprimi·

60 1383 110 1426 tur
128 1377 159 1427 in
183 1373 288 1425 ultima
314 1390 386 1426 voce
411 1391 468 1425 una
496 1371 606 1441 syllaba
631 1373 663 1423 in
690 1388 777 1423 versu
796 1373 949 1439 metiendo,
977 1392 1010 1427 ao
1028 1376 1143 1427 sceleris
1160 1393 1215 1447 pro

61 1445 219 1516 dissyllabo
239 1442 363 1496 auditur.
402 1444 435 1496 ln
456 1458 572 1510 corpore
589 1439 682 1494 haeret
702 1441 840 1494 versiculi
860 1444 978 1496 initium
1008 1444 1080 1497 est.“
1110 1447 1215 1499 Turne-

61 1517 109 1568 bus
127 1516 199 1568 Adv.
220 1518 266 1578 ll,
286 1519 311 1568 6.
351 1515 417 1577 „Ut
440 1513 584 1583 Thyestes
624 1513 687 1564 ravi
712 1513 813 1564 dolore
839 1528 993 1582 oppressus
1018 1517 1098 1568 iubet
1116 1533 1215 1570 omnes

63 1587 211 1639 secedere:
240 1587 279 1637 ita
304 1585 427 1654 Oedipus
451 1585 527 1653 apud
552 1531 724 1650 Sophoclem
749 1584 878 1636 miseriis
896 1585 1034 1653 plurimis
1061 1603 1216 1656 oppressus

62 1658 143 1709 iubet
162 1658 196 1707 sd
216 1673 245 1708 se
271 1656 349 1708 adire
368 1653 549 1708 Thebanos.“
570 1651 696 1718 Gothos.
735 1653 864 1718 „Nolite,
890 1658 987 1720 inquit,
1012 1654 1086 1725 hosp.
1113 1659 1151 1710 ed
1173 1674 1216 1710 me

63 1728 145 1779 edire
164 1726 230 1780 ilico
257 1725 334 1777 istie:
367 1725 416 1777 Sic
443 1723 557 1792 Gryph.
586 1731 614 1776 et
632 1724 790 1786 Victorius,
816 1742 901 1791 quam
930 1724 1088 1781 lectionem
1106 1732 1215 1782 Manuts

61 1795 254 1866 reprehendit
281 1796 406 1848 offensus
433 1795 570 1855 carmine,
598 1793 674 1861 quod
699 1811 788 1862 quum
816 1795 847 1845 in
873 1805 973 1862 quarta
997 1799 1061 1851 sede
1086 1801 1216 1858 iambum
1237 1854 1240 1859 ⁴

62 1868 208 1930 admittat,
228 1883 285 1917 non
304 1866 446 1918 consistit.
473 1857 803 1937 Manutio·suffragetur
821 1865 974 1917 Lambinus
999 1875 1027 1919 et
1051 1869 1104 1921 alii
1129 1868 1216 1924 illum

63 1939 165 1991 secuti.
206 1935 262 2004 Sed
288 1937 356 2005 quid
385 1937 410 1988 si
436 1952 496 1987 non
516 1951 629 2056 semper
653 1933 708 1986 sibi
736 1933 868 1985 standum
896 1936 955 1987 suis
983 1937 1096 2010 legibus
1115 1943 1217 2007 politae
1270 1957 1280 1979 ·
1369 2004 1371 2013 Ι

62 2017 174 2062 veteres
183 2009 329 2060 'censenti
357 2006 427 2058 hinc
446 2013 555 2068 curtus,
588 2021 697 2070 acerus,
723 2005 893 2074 discerptus,
912 2006 996 2059 foede
1014 2017 1169 2077 corruptus
1188 2018 1218 2064 et

61 2077 234 2149 depravatus
254 2076 441 2130 Terentius.“
459 2078 575 2128 Brutos.
615 2073 690 2139 „sic
709 2077 782 2127 Vict.
805 2082 834 2127 et
851 2077 959 2145 partim
987 2078 1055 2130 Pell.
1085 2097 1151 2131 nam
1173 2097 1218 2133 so-

61 2151 108 2202 lus
127 2150 220 2218 quint.
241 2149 309 2214 ista,
328 2149 360 2209 in
385 2156 481 2201 cetera
503 2156 671 2199 consonans.
712 2145 877 2200 Gulielmus
906 2165 941 2201 ex
960 2150 1125 2202 coniectura
1149 2143 1222 2204 ilico*

65 2221 167 2274 sistite.
188 2219 355 2287 Amplectar
374 2235 426 2292 ego
438 2217 656 2270 distinctionem
677 2234 770 2270 meam
791 2224 819 2270 et
831 2216 986 2270 lectionem
999 2220 1074 2276 Pith.
1090 2221 1215 2275 codicis:

227 2289 330 2354 Nolite,
351 2291 456 2357 inquit,
476 2287 597 2354 hospites
616 2289 654 2339 ed
672 2305 716 2340 me
734 2288 825 2352 odire,
846 2288 913 2341 ilico
932 2288 984 2342 isti
989 2309 999 2353 ,·

227 2359 269 2412 Ne
288 2361 417 2426 conlegio
437 2367 490 2411 etc.
512 2356 594 2410 Gehh.
622 2357 692 2410 Dav.
720 2360 750 2410 in
775 2359 828 2411 Ed.
850 2364 874 2413 l.
897 2361 957 2413 sio:
994 2361 1101 2424 „odire
1118 2365 1157 2417 od
1174 2379 1218 2416 me

64 2431 132 2487 ilico
150 2431 215 2487 istis
234 2431 321 2482 Hunc
336 2429 470 2483 'ordinem
490 2446 525 2482 ex
543 2428 596 2479 Ed.
616 2430 687 2480 Ven.
709 2433 787 2484 1491.
807 2429 918 2481 Essem.
939 2440 967 2483 et
983 2435 1088 2485 hlanut.
1110 2437 1215 2505 recepi.

63 2503 161 2556 Larnh
184 2511 212 2555 et
232 2499 323 2554 Gebh.
344 2503 474 2554 retinent
492 2499 589 2551 adme
608 2498 700 2562 edire,
729 2500 776 2550 cui
796 2499 913 2568 quidem
932 2501 1052 2555 lectioni
1077 2514 1217 2570 metrum,

64 2572 122 2627 tam
142 2573 307 2635 iambicum,
327 2591 412 2642 quam
432 2570 623 2631 trochaicum,
643 2586 701 2622 non
714 2569 896 2644 suffragatur.
918 2572 1017 2625 Postea
1034 2574 1136 2648 vulg-g.
1151 2576 1217 2629 ilico
1311 2610 1313 2614 -

65 2645 139 2698 istie.
166 2661 218 2696 nos
237 2652 334 2695 autem
361 2661 395 2695 ex
422 2641 498 2694 Pith.
530 2641 682 2711 antiquum
718 2641 864 2693 scribendi
896 2658 1006 2698 morem
1039 2644 1217 2698 reduximus'.

64 2717 209 2769 Minucius
234 2715 327 2766 Felix.
357 2714 452 2766 Octav.
482 2729 505 2766 e.
527 2715 575 2767 21:
613 2707 683 2762 llli
701 2712 856 2763 Vulcanum
882 2714 952 2778 fecit
970 2715 1092 2766 omnium
1109 2716 1220 2781 prinei·

62 2803 139 2855 pem:
168 2788 209 2838 sic
234 2803 268 2837 ex
288 2783 343 2838 hlS'.
368 2784 534 2858 legendum,
561 2798 620 2834 non
647 2781 716 2835 illic.
752 2782 869 2834 Plautus
888 2783 1034 2852 Amphitr.
1056 2786 1130 2838 Prol.
1152 2789 1218 2841 133:

66 2859 141 2912 Quae
159 2853 223 2909 illi
248 2857 286 2907 ad
305 2856 441 2921 legionem
469 2856 548 2918 foeta
568 2858 647 2904 sunl:
682 2852 737 2904 Adi
763 2861 792 2905 et
811 2854 873 2906 Act.
895 2854 932 2908 ll.
952 2853 997 2911 Sc.
1018 2856 1054 2906 ll.
1078 2859 1136 2911 112.
1157 2858 1216 2912 lte.

65 2944 99 2981 ec
120 2927 249 2994 Capteiv.
271 2927 333 2976 Aet.
354 2926 390 2975 11.
410 2923 454 2976 Sc.
478 2924 515 2975 11.
536 2924 579 2978 st.
600 2923 667 2975 Jani
688 2921 843 2975 Gulielmii
863 2927 1059 2978 coniecturam
1078 2943 1138 2979 non
1156 2945 1219 2982 mo-

64 3014 124 3050 ror.
146 2994 236 3048 Gerh.
256 2995 371 3045 Vossius
396 2994 538 3046 lambiens
564 3010 625 3046 esse
649 2995 777 3045 senarios
802 3002 940 3055 statuens,
964 2995 999 3046 ed
1023 2997 1109 3072 Freg.
1129 3000 1217 3073 Treg.

63 3085 94 3137 p.
115 3069 159 3121 ts.
186 3066 227 3116 ita
255 3064 396 3130 disponit:
420 3091 450 3101 -
472 3091 503 3099 -
525 3094 556 3104 --
586 3062 690 3126 Nolite,
718 3062 851 3131 hospites,
882 3061 886 3128 l
911 3064 1002 3116 Adire
1026 3069 1063 3117 od
1090 3084 1132 3119 me
1150 3069 1219 3122 ilico

63 3133 130 3200 isti‚'
146 3152 180 3188 oe
198 3137 332 3200 contagio
357 3130 454 3200 {Meo
480 3133 558 3184 honis
581 3134 712 3184 umbraue
737 3132 823 3185 obsit:
857 3134 970 3185 sceleris
989 3141 1066 3186 tonte
1091 3137 1134 3188 eis
1157 3135 1162 3200 Ι
1187 3140 1222 3192 Io

57 3223 184 3274 ¹corpore
203 3204 299 3257 haeret
319 3233 349 3242 -
370 3205 431 3257 Nec
450 3203 543 3256 multo
572 3199 659 3254 aliter
680 3200 845 3255 Turnebus.
883 3203 921 3253 At
940 3220 1006 3255 cum
1027 3206 1087 3260 Cic.
1115 3206 1151 3260 de
1171 3207 1218 3260 Or.

65 3279 118 3332 lii.
139 3283 183 3334 41.
205 3292 305 3329 eorum
324 3284 438 3345 partem
462 3275 580 3342 repetit,
608 3271 783 3339 eandemque
809 3271 1028 3326 distinctionem
1048 3275 1089 3328 ibi
1114 3287 1230 3344 servat,

10 3386 12 3392 »
67 3350 190 3418 quaein
211 3346 298 3399 Codd.
320 3364 398 3398 nunc
422 3345 541 3399 obtinet,
568 3339 642 3392 mihi
668 3340 812 3393 trochaici
833 3343 963 3395 trimetri
990 3345 1142 3411 videntur,
1168 3367 1222 3402 nu.

66 3420 155 3481 meris
175 3418 234 3472 suis
253 3419 293 3469 ita
313 3415 502 3469 restituendi:
523 3411 623 3474 Nolite,
643 3408 774 3478 hospites,
794 3412 879 3485 odire
896 3412 993 3466 adme
1011 3416 1088 3480 ilico,
1109 3416 1172 3485 isti,

515 3483 557 3535 Ne
575 3482 704 3547 contagio
724 3500 783 3535 mee
802 3483 879 3536 honis
897 3486 1025 3541 remorare
1044 3489 1132 3544 obsit.-

515 3553 637 3607 Sceleris
655 3559 736 3606 tanto
755 3553 798 3604 eis
817 3554 983 3622 incorpore
1001 3557 1095 3610 haeret
1115 3587 1148 3597 -

66 3631 117 3684 ubi
136 3630 216 3700 deest
232 3644 283 3698 pes
301 3627 434 3690 ultimus,
454 3624 522 3696 quia
540 3640 597 3678 vox
615 3625 751 3692 proxime
771 3640 892 3694 sequens
915 3626 950 3679 ad
969 3645 1032 3681 rem
1050 3627 1145 3683 Tullii
1163 3649 1222 3689 non

65 3699 219 3757 taciebstf‘
245 3696 298 3750 Sed
317 3698 375 3750 rid.
396 3715 473 3748 nunc
491 3693 618 3748 Bentleii
636 3695 778 3746 animadv.
803 3692 878 3749 Mr-
913 3735 919 3751 ,

137 3769 240 3833 Nolite,
259 3768 363 3838 inquit,
383 3765 504 3835 hospites
523 3763 589 3828 ete]
627 3766 719 3830 „Viri
738 3765 835 3819 critici
854 3782 919 3818 cum
939 3786 1019 3822 suam
1039 3769 1134 3832 dehis
1153 3794 1220 3829 ver·
1274 3821 1277 3827 .

68 3845 145 3897 sibus
163 3840 332 3894 sententiam
353 3838 492 3901 dixerint,
513 3837 599 3890 liceat
617 3835 693 3886 mihi
712 3853 803 3888 meam
831 3852 945 3907 quoque
971 3841 1002 3892 in
1026 3842 1153 3901 medium
1178 3850 1222 3900 af.

66 3917 155 3977 ferre,
175 3926 250 3974 euin,
269 3910 383 3961 minore
403 3910 489 3961 etiam
507 3906 663 3961 verborum
684 3907 895 3973 immutatione,
924 3908 1146 3968 usitatissimum
1171 3936 1222 3972 ve·
1252 3926 1255 3931 '

67 3984 178 4039 teribus
197 3980 319 4055 tragicis
338 3988 464 4031 metrum
484 3978 617 4030 exhibeat
635 3976 732 4029 addito
752 3975 841 4029 choro
861 3997 896 4031 ex
912 3979 965 4032 ΙΙΙ.
977 3985 1021 4036 41,
1040 3983 1220 4042 deoratores

140 4088 286 4107 ......
306 4049 412 4112 Nolite,
430 4049 563 4116 hospites,
583 4048 666 4100 edire
684 4047 723 4099 od
740 4063 792 4111 ine,
812 4047 889 4101 illico

138 4120 260 4184 istim,
281 4138 314 4173 ne
331 4123 458 4185 contagio
477 4135 537 4170 mee
556 4118 646 4181 honis,
666 4117 806 4181 ooihreoe,
826 4118 956 4185 ohsiet3

142 4189 232 4246 Tanto
252 4195 295 4244 vis
313 4191 431 4243 sceleris
449 4192 479 4243 in
499 4205 615 4256 corpore
632 4187 736 4254 haeret,
757 4188 981 4246 cusentinam
996 4200 1048 4259 est,
1069 4197 1204 4251 obseret
1226 4236 1231 4244 ,

141 4263 216 4319 Quid
234 4268 261 4314 te
280 4256 424 4314 ediiier.
443 4260 581 4312 atheias?
602 4297 608 4310 .
630 4261 636 4313 .’
658 4295 692 4309 ..

69 4334 220 4390 Sententia
237 4332 384 4402 postulare
402 4332 529 4391 videtur,
548 4337 582 4404 ut
600 4328 763 4381 illisorum
783 4323 967 4398 sequentibus
983 4331 1134 4456 iunffiatur:
1153 4335 1224 4388 istie

19 4454 22 4459 ,
69 4414 167 4460 autem
191 4403 303 4456 mutavi
328 4403 359 4454 in
384 4400 493 4470 isitius,
509 4400 551 4480 ita
578 4401 656 4453 enim
681 4399 874 4470 loquebantur
897 4411 1009 4457 veteres
1061 4405 1166 4467 omani,
1189 4412 1226 4460 ut

97 4537 178 4582 cicero
193 4533 391 4590 rus-ospes.
408 4533 491 4577 horor.
508 4531 534 4576 r.
551 4531 586 4578 rr.
908 4544 911 4551 ·
937 4509 988 4599 6,.
