2842 5070
131 312 199 381 tto
272 318 274 323 '
335 307 567 374 CICERONIS
585 307 835 378 ruscum.
854 311 1087 381 DISPUTAT.

259 472 338 553 Quis
357 474 448 540 tomo
469 484 501 540 te
520 473 725 558 exsuperdait
745 496 876 560 usquam
895 476 1041 560 ge'ntium
1068 479 1299 559 impudentia!

259 557 339 631 Quis
360 570 460 623 autem
481 559 608 623 malitia
630 561 685 623 tel

132 640 244 720 Nosti,
266 663 351 723 quae
373 654 572 727 sequuntur:
601 644 740 705 alternis
762 645 850 704 enim
871 644 1024 706 versibus
1045 645 1296 726 intorquentur

133 726 224 785 inter
254 728 376 788 tratres
397 727 618 811 gravissimae
646 727 882 788 contumeliae:
915 734 954 788 ut
984 727 1082 789 facile
1116 740 1294 808 appareat,
1323 776 1329 793 .

132 807 230 868 Atrei
259 807 346 870 filios
378 828 460 888 esse,
493 810 566 870 eius
599 809 658 892 qui
690 806 873 871 meditatur
904 828 1045 890 poenam
1076 810 1115 870 in
1149 813 1296 874 fratrem

80 934 83 941 .
133 908 269 951 novam:
677 914 683 925 ι

134 1046 177 1100 lo.
193 1045 241 1097 lla
261 1042 327 1095 deor
343 1047 393 1095 aut
409 1058 492 1096 nouae
511 1050 559 1096 aut
576 1042 751 1108 alienigenae
768 1041 825 1096 coli
841 1042 1025 1108 confusionem
1043 1041 1152 1097 dotet
1172 1045 1295 1114 religio-

134 1129 208 1165 num.
244 1112 288 1166 Ad
304 1114 412 1165 Famm.
434 1117 469 1181 X.
489 1117 537 1169 lez
557 1129 628 1181 quae
645 1129 691 1166 rea
708 1112 814 1165 nullam
831 1111 976 1182 habetat
995 1113 1247 1178 dubitationam-
1259 1144 1293 1155 -

132 1201 205 1238 arene
222 1216 255 1226 -
274 1200 406 1252 magnum
431 1183 532 1237 latet
557 1200 659 1236 aarum.
696 1184 782 1236 Plura
806 1183 857 1252 qui
879 1184 962 1248 velit,
992 1185 1074 1236 adeat
1092 1187 1120 1239 J.
1140 1187 1293 1240 Vorstium

133 1256 168 1307 de
186 1254 341 1309 Latinitate
360 1256 466 1308 selecta
483 1273 511 1324 p.
533 1257 680 1309 lto—172.
717 1254 754 1307 ln
771 1254 839 1306 (lod.
859 1257 934 1307 Mon.
956 1259 980 1310 1.
1008 1271 1063 1325 pro
1088 1256 1292 1311 dubitationem

133 1333 177 1378 est
202 1326 411 1392 cogitationem.
448 1325 515 1378 Mox
537 1325 593 1379 duo
620 1326 691 1379 Oxx.
720 1332 749 1378 et
772 1327 848 1378 Mon.
868 1327 892 1379 2.
911 1324 1013 1378 ‘extitit
1036 1342 1091 1395 pro
1119 1330 1231 1394 anteiit,
1259 1337 1295 1384 ut

131 1396 247 1448 volebat
268 1395 359 1452 Bouh.
388 1399 505 1453 frustra.
550 1396 645 1449 lav.
670 1397 744 1450 inter
771 1396 880 1461 fratrea
903 1395 999 1450 Wolf.
1022 1396 1054 1447 in
1082 1396 1194 1450 scholis
1217 1399 1292 1522 Agla·

131 1483 314 1519 mamnoncm
333 1474 362 1519 et
379 1465 540 1531 Menelaum
559 1467 687 1541 intelligi
704 1467 778 1518 vult.
798 1466 937 1518 Iambicus
954 1475 1134 1531 tetrameter,
1155 1470 1200 1522 ait
1211 1470 1247 1523 Bi
1273 1507 1291 1537 .,

133 1546 177 1590 est
194 1537 415 1612 Agamemnonis
433 1537 625 1611 obiurgantis:
650 1536 771 1589 mutilus
791 1537 866 1588 alter
883 1537 1005 1589 Menelai
1029 1538 1198 1592 convicium
1216 1543 1292 1594 reie-

132 1609 234 1661 rentis.
276 1600 407 1662 Atreum
426 1625 496 1661 vero
527 1617 556 1660 et
578 1608 738 1678 Thyestem
767 1607 897 1682 intelligi
923 1608 989 1659 vult
1011 1607 1188 1664 Kiihnerusa
1216 1612 1292 1681 quod

131 1679 237 1731 falsum
256 1696 314 1732 esse
333 1679 568 1749 exsequentibus
586 1687 717 1748 apparete
745 1678 863 1730 alternis
885 1680 959 1732 enim
982 1677 1114 1732 uerutus
1130 1679 1292 1751 intorquen-

53 1802 57 1809 ,
133 1757 182 1800 tur
198 1752 273 1802 inter
288 1751 394 1814 fratres
413 1782 446 1792 -
465 1749 656 1803 contumeliae:
676 1755 707 1800 ut
727 1774 760 1784 -
778 1755 922 1816 apparent,
949 1748 1055 1802 Atrei
1071 1750 1188 1816 filios
1205 1768 1289 1807 ecee.
1320 1774 1325 1784 ’

133 1851 166 1861 -
185 1820 322 1873 Fluctuat
338 1819 501 1876 Beroaldus.
538 1821 726 1884 Camerarius,
744 1821 845 1883 Locus,
873 1820 925 1884 ait,
947 1827 990 1871 est
1016 1837 1052 1872 ex
1068 1821 1170 1889 aliqua
1194 1823 1291 1880 fabula

130 1889 231 1943 latina.
268 1892 385 1945 Fratres
403 1901 498 1946 autem
510 1891 751 1966 Agamemnonem
770 1899 799 1942 et
810 1891 971 1942 Menelaum
989 1890 1070 1954 dicit,
1089 1892 1218 1956 Atridas,
1239 1895 1289 1964 qui

130 1962 269 2014 similiter
291 1962 366 2032 apud
385 1962 556 2032 Euripidem
578 1961 731 2036 Iphigenia
743 1959 897 2013 Aulidense
916 1959 1078 2014 conviciose
1097 1963 1288 2021 altercantur.

130 2031 219 2084 Addit
236 2032 332 2086 lliihn.
351 2033 403 2086 hos
422 2042 452 2086 et
469 2041 617 2102 sequentes
633 2049 733 2085 versus
751 2048 788 2084 ex
799 2031 874 2084 Attii
883 2030 972 2084 Atreo
990 2049 1053 2085 esse
1070 2033 1194 2104 petitos:
1214 2036 1292 2106 quod

130 2102 166 2155 de
183 2105 377 2172 sequentibus,
401 2105 533 2169 concedo,
553 2104 587 2156 de
605 2102 651 2155 his
670 2103 733 2173 (qui
751 2102 826 2154 mihi
844 2119 911 2154 eum
928 2103 961 2154 ll.
977 2103 1120 2156 trochaici
1139 2105 1290 2174 videntur,

129 2190 189 2226 non
207 2174 335 2240 iambici)
359 2177 516 2228 non'item.
552 2175 648 2228 Posuit
665 2183 763 2227 tamen
785 2173 816 2224 in
834 2174 1016 2247 Fragmentis
1036 2191 1072 2227 ex
1090 2173 1182 2229 Atreo
1201 2179 1290 2231 etiam

121 2242 293 2297 'Scriverius
311 2246 342 2297 in
361 2246 537 2300 collectann.
565 2246 642 2297 vett.
661 2246 768 2320 Fragg.
792 2262 821 2313 p.
844 2245 901 2300 lot.
939 2245 999 2296 Mr.

202 2315 256 2380 Qui
273 2313 352 2369 domo
370 2323 396 2368 te
414 2315 591 2384 exsuperavit
608 2334 728 2385 usquam
744 2317 868 2384 gentium
885 2312 1069 2382 impudentia]
1089 2314 1202 2384 vano,
1223 2317 1293 2376 Quia

129 2382 211 2436 Aemo
229 2393 254 2437 te
271 2386 449 2454 exsuperavit
471 2404 598 2454 unquam
615 2386 741 2453 gentium
765 2395 820 2439 etc.
847 2386 924 2456 quod
942 2385 977 2439 ob
1002 2394 1130 2441 metrum
1149 2364 1241 2445 dlmul
1259 2409 1292 2446 ao

129 2455 318 2508 latinitatem
336 2455 379 2509 cl.
397 2458 544 2510 Bentleius
563 2458 697 2511 mutavit.
733 2457 770 2510 D.

135 2554 137 2558 ·
202 2525 274 2581 uati
293 2525 373 2579 loma
392 2534 418 2580 te
435 2529 621 2595 exsuperavit]
658 2530 755 2595 „Non
769 2535 835 2579 sunt
853 2525 887 2578 hi
905 2544 1002 2580 versus
1021 2529 1212 2585 conversi-ex
1230 2534 1292 2587 Eu·

129 2595 233 2665 ripidis
249 2597 403 2672 iphigenia
420 2599 570 2651 Aulidensi
587 2602 639 2654 317
657 2618 700 2669 sq.
738 2598 871 2664 Quamvis
893 2599 973 2650 enim
1000 2600 1080 2653 inter
1102 2620 1130 2655 se
1146 2604 1294 2658 rixentur

129 2666 172 2719 ibi
188 2667 386 2742 Agamemnon
404 2678 434 2721 et
452 2670 605 2734 Menelaus,
638 2671 695 2723 alio
722 2669 752 2722 id
779 2669 819 2720 ihi
844 2669 878 2720 fit
896 2671 991 2727 modo.
1027 2671 1174 2726 Videntur
1191 2677 1292 2745 potius

128 2735 163 2791 hi
180 2756 279 2792 versus
297 2740 384 2792 sumti
399 2758 440 2792 ex
457 2740 561 2792 Naevii
583 2742 632 2794 vel
649 2740 740 2793 Ennii
764 2739 926 2813 Iphigenia,
952 2741 1003 2810 qui
1021 2742 1197 2813 Euripidem
1223 2747 1309 2800 imi-⁸

129 2815 223 2863 tentes
249 2811 440 2863 immutardnt
470 2813 589 2864 fortasse
622 2812 704 2863 illam
733 2811 858 2862 fratrum
888 2811 1113 2867 altercationem.
1163 2816 1291 2871 Pessime

129 2886 224 2931 autem
251 2881 345 2948 lapsus
373 2890 415 2953 est
433 2881 596 2934 Scriverius
618 2882 674 2935 hoc
698 2884 893 2956 fragmentum
911 2881 986 2934 Attii
1009 2884 1099 2937 Atreo
1112 2886 1287 2962 adsignant.

128 2949 205 3002 Bene
222 2951 298 3003 vidit
315 2951 461 3005 Bentleius
488 2952 618 3023 priorem
641 2969 757 3006 versum
774 2950 983 3026 Agamemnoni
1001 2971 1060 3009 esse
1087 2956 1289 3026 tribuendum,

64 3055 73 3073 .
127 3021 318 3090 posteriorem
331 3023 469 3077 Menelao.
499 3023 590 3076 Probo
608 3025 696 3076 etiam
715 3022 791 3093 quod
808 3038 926 3092 utquam
944 3025 1132 3096 scripsinpro
1152 3043 1287 3098 unquam.

117 3093 192 3147 Nec
217 3095 289 3148 veho
314 3094 390 3147 idem
411 3113 480 3151 ,curn
504 3094 628 3160 Davisio,
658 3094 714 3151 Qut
736 3093 885 3148 scribendo
906 3112 963 3164 pro
982 3095 1061 3161 Quia,
1085 3114 1204 3152 versum
1224 3117 1291 3154 eon

79 3229 82 3234 ,
128 3164 215 3231 rexit,
234 3166 283 3219 sed
300 3165 450 3237 corrupit.¹
477 3167 569 3219 Versu
587 3173 683 3218 antem
701 3172 838 3234 sequente
857 3166 959 3218 malim
984 3167 1053 3223 Quia
1071 3172 1209 3222 tanatem
1228 3187 1290 3225 ma.

129 3233 244 3302 litial“
269 3234 359 3290 Boni.
396 3236 480 3291 Both.
507 3236 539 3288 in
560 3236 654 3289 Poetis
677 3236 780 3290 Scenn.
802 3252 836 3304 p.
858 3238 924 3298 187.
943 3237 1060 3309 scripsit
1084 3240 1145 3292 ted
1172 3257 1288 3310 extuat

127 3322 202 3359 unus
226 3308 276 3361 ox.
300 3307 387 3360 habet
413 3313 556 3375 carpunt.
586 3307 675 3360 Rehd.
701 3308 878 3373 exsuperavit
901 3312 935 3359 te.
964 3334 997 3344 —
1035 3307 1163 3378 Usquam
1186 3313 1288 3384 recepi

127 3393 196 3428 cum
221 3378 293 3430 Dav.
319 3379 416 3434 Wolf.
442 3379 526 3432 Schs.
555 3377 603 3432 Or.
628 3377 718 3431 Nohb.
746 3377 819 3429 Tbn.
850 3377 977 3429 Bentleii
1005 3380 1096 3453 magis
1125 3382 1289 3446 rationibus

128 3455 224 3499 motus
241 3465 326 3518 quam
344 3450 514 3503 auctoritate
533 3448 674 3514 codicum,
700 3465 880 3516 quamquam,
905 3448 929 3498 si
953 3448 1022 3501 fides
1040 3450 1193 3504 collationi
1212 3455 1287 3510 011.

128 3527 240 3588 septem
265 3520 429 3574 consentire
450 3520 598 3573 ridentur.
636 3519 728 3571 Habet
753 3518 840 3570 etiam
864 3533 979 3587 nequam
997 3520 1121 3575 HWoli.
1142 3523 1176 3575 iu
1193 3541 1287 3602 marg.

127 3588 164 3642 ln
188 3591 246 3643 line
269 3609 368 3644 versus
395 3592 484 3646 Rehd.
512 3590 598 3642 habet
623 3587 845 3656 imprudentia.
882 3588 1006 3642 Secundi
1029 3608 1129 3645 versus
1152 3594 1288 3650 ordinem

121 3657 282 3715 tentorum
304 3663 401 3732 recepi
426 3681 461 3716 ex
484 3661 570 3715 codd.
597 3669 628 3713 et
648 3661 736 3724 Edd.;
771 3659 827 3712 nisi
851 3661 928 3728 quod
953 3660 1024 3713 Dav.
1041 3663 1143 3740 ⁴altero
1171 3680 1288 3736 quoque

126 3748 214 3784 versu
240 3733 331 3786 edidit
355 3733 426 3798 Οιιίς
453 3733 549 3788 Wolf.
569 3730 653 3784 Schz.
672 3730 742 3800 ‚quia
766 3736 899 3782 tenutam
916 3732 1037 3797 malitia,
1064 3750 1099 3786 ex
1117 3737 1289 3792 coniectura

7 3824 26 3886 t*
126 3801 295 3866 Bouhierii;
324 3821 402 3872 quae.
413 3804 543 3872 placebat
568 3802 655 3854 etiam
672 3801 813 3853 Nissenio.
850 3801 970 3854 Bothius
992 3802 1014 3854 l.
1035 3819 1060 3855 c.
1081 3805 1203 3876 scripsit
1223 3808 1289 3878 quia

127 3873 239 3926 mulitia
265 3878 358 3925 autern
383 3875 431 3926 te?
461 3874 495 3926 ln
512 3872 584 3925 Edd.
603 3872 634 3925 0.
664 3872 763 3946 [marg.
783 3879 817 3923 ut
833 3870 895 3936 nos]
919 3871 984 3925 Asc.
1004 3873 1028 3925 1.
1047 3876 1073 3930 2
1102 3877 1174 3933 Ven.
1194 3887 1288 3935 nostr.

127 3943 208 3994 dunt.
229 3951 271 3995 est
290 3949 338 3996 aut
356 3960 409 4013 pro
427 3951 526 3997 autem.
564 3941 644 4008 Quod
666 3950 762 4009 autem
785 3941 810 3994 A
846 3943 1008 3997 memnonis
1031 3952 1061 3997 et
1085 3947 1213 4002 Menelai
1237 3966 1289 4004 no·

126 4029 195 4136 inpii
212 4022 440 4137 piraeposuerpnt
456 4015 511 4140 hill
520 4013 650 4066 versibus
666 4013 765 4072 Wolf.
784 4013 822 4068 Sc
845 4032 870 4065 a.
891 4014 939 4095 Or.
958 4013 1048 4079 Nohb.
1067 4015 1141 4071 Thu.
1171 4016 1203 4071 id
1224 4021 1288 4074 sine

140 4101 210 4136 sris
243 4102 325 4138 acere
346 4101 435 4138 nour.
510 4103 535 4139 r.
676 4106 680 4109 ·

195 4154 288 4220 Nosti,
307 4170 377 4224 quae
395 4156 561 4226 sequuntur]
579 4155 665 4209 Godd.
684 4157 760 4221 Mon.
778 4159 804 4211 2.
823 4155 897 4210 Gud.
913 4149 1031 4231 reug.
1050 4161 1193 4224 cocuntur,
1213 4178 1288 4215 unus
1300 4176 1324 4214 ,·

126 4224 176 4278 Ox.
195 4230 354 4296 aequentur.
390 4229 489 4302 Pergit
506 4227 573 4282 (lod.
592 4227 676 4280 Vind.
696 4232 721 4281 l.
745 4243 814 4280 cum
840 4235 965 4296 mutuor
987 4226 1056 4280 Oxx.
1082 4228 1208 4283 alterius
1232 4249 1288 4304 pro

125 4294 259 4362 auerun·
276 4306 409 4367 quatuor
434 4299 506 4351 item
527 4315 581 4368 pro
607 4299 681 4352 enim
703 4296 811 4350 habent
833 4295 931 4363 etiam,
961 4315 1036 4351 unus
1059 4303 1127 4364 tum,
1154 4318 1233 4355 unus
1252 4307 1288 4376 at.

125 4368 250 4443 Legitur
265 4371 414 4440 praeterea
431 4368 518 4424 ctiam
539 4369 571 4421 in
587 4368 641 4420 ud.
659 4369 730 4435 Van.
749 4366 811 4421 Alt.
848 4367 886 4421 ln
908 4367 976 4425 (lod.
996 4365 1071 4422 Gud.
1087 4385 1144 4440 pro
1169 4372 1289 4440 granie-
1334 4420 1336 4429 ,

124 4439 214 4511 uma<
229 4447 276 4511 sat
292 4439 426 4510 manime.
461 4441 528 4513 Mox
544 4437 620 4494 Gai.
640 4441 667 4494 i.
692 4437 805 4493 omittit
823 4438 886 4511 aius
903 4446 932 4493 et
946 4452 1092 4519 posaam'
1112 4440 1177 4497 uo.
