2842 5070
479 310 774 394 irruemus.
1005 328 1016 397 ς
1154 310 1291 419 sss¹

68 475 157 562 quod
174 494 213 544 se
233 480 282 545 its
301 488 398 564 putet
417 487 578 563 oportere
596 481 717 557 iecere,
737 496 901 544 maerere.
952 476 1125 550 Nimirum
1150 479 1216 577 igi*

65 569 134 641 tur,
156 572 196 626 ut
215 565 252 624 in
272 564 381 628 causis
400 582 469 625 nou
489 580 621 645 semper
640 563 770 624 utimur
781 559 899 624 eodem
913 568 1020 624 status
1040 558 1105 638 (sic
1122 560 1293 622 emmim·

63 647 269 729 appellemus
297 647 605 714 controversiarum
637 641 798 732 generet)
839 641 899 707 sed
928 641 971 705 sd
996 651 1139 733 tempus,
1171 639 1214 705 od
1239 631 1272 690 ³·-

61 828 154 892 ettim
178 846 246 900 opes
271 839 321 890 est.
356 831 459 908 Pergit
480 831 556 885 lion.
574 832 602 888 2·
632 831 754 901 protare
780 835 1000 886 moerentem.
1036 827 1115 882 Tum
1139 829 1213 906 Aug.
1270 885 1273 890 ,

61 901 143 954 illum
164 901 306 958 iudicio
329 918 394 957 see.
430 902 559 975 Sequens
582 907 610 956 et
626 902 734 957 abiecit
751 901 821 954 Der.
847 900 950 955 inttd
969 902 1003 957 2:
1025 899 1111 959 ‚abest
1135 901 1215 955 idem

60 990 77 1026 a
101 972 210 1026 duobus
237 974 307 1028 Oxx.
332 981 363 1027 et
387 972 486 1027 Duisb.
525 971 580 1028 Sed
604 972 641 1027 ad
668 978 694 1026 et
719 971 945 1047 intelligendum
972 972 1035 1026 ideo
1054 972 1213 1039 (inserere,

62 1041 140 1113 quod
158 1045 220 1105 -·-).
255 1046 311 1099 Pro
329 1045 403 1114 prod
419 1062 494 1099 nnus
512 1044 562 1097 01.
587 1044 662 1112 qnid,
690 1059 728 1097 ex
750 1059 904 1114 perperam
930 1042 1007 1100 laeto
1024 1042 1214 1113 compendioe

61 1114 138 1166 alius
162 1115 227 1184 prio
254 1132 290 1169 ex
337 1114 420 1185 lesen
458 1114 524 1170 Post
550 1113 709 1170 haee-Ood.
729 1116 805 1167 ltloo.
825 1115 852 1170 ²·
876 1120 1003 1182 oportere
1026 1115 1121 1180 facere
1145 1129 1216 1169 eon

61 1184 199 1244 deberes
218 1185 267 1238 ub'i
284 1132 367 1240 ciffos
385 1185 511 1260 glossam
529 1185 649 1239 lectoris
667 1184 791 1238 alicuius
809 1183 1009 1260 diligentioris
1028 1185 1059 1238 iu
1078 1191 1215 1241 contexte

61 1255 224 1326 irrepsisse,
242 1256 295 1324 qui
313 1256 348 1309 od
366 1256 489 1310 verbum
508 1262 638 1326 oportere
656 1255 874 1324 adscripsisset;
896 1255 1086 1310 memorabile
1105 1273 1176 1320 esse,
1196 1273 1216 1309 e

63 1324 202 1380 Cicerone
228 1327 371 1379 scritum
394 1333 531 1395 oportere,
557 1343 613 1380 nec
636 1341 707 1379 vero
738 1326 848 1382 debere.
891 1326 1061 1381 Proximum
1087 1343 1215 1382 moerere

62 1395 264 1520 omittitdilod.
288 1344 396 1519 Pin&
422 1399 475 1467 qui
493 1398 525 1451 iu
543 1396 778 1453 antecedentibus
796 1394 883 1452 habet
906 1413 1014 1467 super
1031 1398 1147 1452 s'ttdict'o
1159 1412 1214 1469 pro

63 1482 125 1526 cuo
143 1485 172 1521 m
193 1484 256 1522 soso.
330 1487 354 1524 r.
616 1516 620 1525 .
1054 1516 1056 1521 .

132 1537 272 1591 Nimirum
295 1537 397 1607 igitur,
423 1545 454 1591 st
480 1537 512 1595 in
535 1539 630 1592 onmis
647 1537 699 1605 -]
734 1535 778 1592 De
801 1539 943 1593 sententia
965 1556 995 1592 r.
1024 1537 1159 1592 nimirem
1179 1569 1212 1580 -

62 1608 210 1662 ridendum
228 1615 269 1662 ert
286 1608 352 1679 (pro
370 1609 431 1662 noli
447 1609 553 1663 mirari
570 1642 602 1652 -
621 1609 769 1663 videndum
786 1609 854 1674 esse)
881 1608 940 1662 rid.
960 1625 1049 1677 supra
1064 1608 1102 1662 ad
1120 1608 1144 1661 l.
1168 1611 1217 1665 tt:

62 1681 109 1734 bt.
147 1679 202 1732 Pro
223 1687 254 1732 ut
275 1681 307 1731 iu
334 1695 393 1732 nno
412 1681 462 1734 Ox.
488 1681 628 1745 scribitur
644 1695 686 1732 ne.
713 1681 788 1732 Mon.
807 1681 834 1736 2
858 1678 945 1735 habet
962 1695 1073 1748 renrper
1087 1678 1215 1749 peristi-2
1248 1716 1250 1721 .

62 1765 128 1804 mur
144 1750 275 1873 speeiem.
295 1751 519 1807 tiernensem
534 1751 669 1808 utimur
685 1755 770 1805 state.
806 1749 949 1811 Ultimam
977 1767 1078 1806 vocem
1101 1749 1217 1805 omittit

65 1836 139 1873 unus
181 1839 208 1874 x.
246 1821 337 1874 Mn·
609 1869 613 1877 ,
707 1828 727 1877 “,
1188 1846 1217 1875 ·,

135 1890 228 1943 eodem
245 1890 329 1958 stote]
366 1892 429 1956 „tt
449 1889 575 1955 Tullius,
600 1888 823 1956 Quinctilianus‚
848 1890 901 1944 olii
925 1889 1044 1944 tradunt
1071 1891 1104 1945 in
1121 1892 1222 1945 causis·
1348 1950 1350 1955 y

62 1960 249 2031 potissimum
268 1979 331 2016 esse
348 1969 454 2016 statum
475 1981 498 2015 s.
518 1961 766 2019 constitutionem,
802 1960 857 2014 Est
875 1968 971 2016 autem
998 1967 1089 2014 stains
1107 1962 1213 2030 prims,
1253 2021 1255 2025 y
1340 2024 1345 2032 q

63 2039 97 2083 ut
115 2032 232 2101 quidam
259 2031 408 2095 dixerunt,
433 2049 585 2086 causarum
604 2031 764 2096 condictio,
788 2030 848 2095 rel,
872 2038 906 2084 ut
928 2031 1018 2085 sentit
1041 2031 1216 2098 Quinctilio·
1294 2047 1297 2050 “

61 2119 128 2166 nus,
155 2103 232 2172 quod
258 2110 304 2156 es·
321 2105 418 2173 prima
442 2103 627 2161 conflictione
646 2102 782 2155 nascitur.
817 2101 958 2173 Exempli
982 2117 1065 2157 causa
1083 2102 1211 2156 intentio
1284 2118 1287 2122 ·

63 2178 107 2226 est
124 2173 225 2237 fecisti
238 2171 432 2238 bonrimdinme
456 2174 588 2243 depulsio
614 2181 673 2228 estt
701 2190 755 2226 non
770 2173 839 2237 fecis
867 2174 1013 2244 quaestios
1037 2190 1075 2227 an
1092 2170 1214 2239 fecerit?
1272 2183 1275 2189 ’

61 2241 133 2295 irino
149 2245 323 2301 constitutio
341 2263 362 2297 s.
382 2251 476 2299 status
493 2245 529 2297 iit
545 2242 754 2300 coniecturalis.
774 2270 808 2281 -
826 2243 960 2297 Obtinuit
977 2259 1078 2298 eorum
1097 2251 1219 2298 sentem.

61 2315 115 2373 tia,
137 2313 217 2378 (nem
240 2315 402 2369 dubitatum
429 2323 474 2370 est
491 2316 526 2368 de
549 2315 688 2380 numero)
713 2313 764 2384 qui
788 2321 849 2368 tres
870 2321 965 2369 stotns
988 2332 1047 2369 esse
1063 2315 1213 2381 dixerunt,

61 2383 283 2451 remeetur-olem,
310 2385 512 2448 iuridicialem,
530 2385 680 2451 finitivum.
716 2385 751 2439 ln
768 2383 853 2440 libet.
881 2385 916 2439 ed
936 2385 1005 2440 ller.
1024 2402 1079 2456 pro
1096 2385 1217 2441 finitive·
1270 2434 1272 2438 .

61 2455 181 2519 legalem
202 2456 343 2519 invenies,
368 2457 416 2509 oui
438 2455 534 2515 finitio
561 2455 758 2541 subiungitur,
794 2462 932 2526 tanquam
959 2457 1062 2530 generi
1090 2457 1212 2527 species.

61 2525 102 2578 Ut
128 2525 223 2600 igitur
246 2527 279 2579 in
302 2543 384 2580 cause
408 2543 467 2579 nou
486 2541 610 2597 'semper
633 2534 730 2579 utitur
754 2532 854 2579 orator
880 2526 979 2580 eadem
1003 2527 1219 2583 constitutione¹

61 2595 123 2649 sire
142 2603 233 2649 statue
252 2597 297 2664 sie
315 2598 351 2651 sd
367 2594 583 2672 aegritudinem
600 2594 766 2651 leniendam
783 2613 842 2651 nou
860 2614 976 2667 semper
991 2597 1213 2653 eademnoonso·

60 2666 171 2720 latione
191 2669 234 2719 uti
252 2672 377 2738 oportet,
398 2669 533 2738 quoniam
553 2684 610 2720 non
629 2669 726 2720 eadem
746 2667 878 2724 omnibus
898 2675 965 2722 sunt
984 2665 1216 2723 accommodatae

60 2737 135 2791 elius
162 2738 304 2809 exemplis
326 2747 471 2805 moretur,
497 2738 572 2793 alius
591 2739 767 2792 rationibus:
798 2741 830 2791 in
852 2738 912 2792 elio
935 2737 1041 2792 efficax
1063 2738 1123 2791 erit
1140 2737 1214 2808 Epi-

56 2809 138 2870 curi,
158 2808 190 2860 in
208 2809 266 2863 alio
286 2809 448 2880 Chrysippi
472 2809 663 2863 consolatio.‘⁴
684 2811 850 2864 Beroaldus.
883 2809 949 2875 ·„ln
976 2805 1096 2879 Topicis
1121 2808 1216 2862 inter·

60 2884 196 2948 pretatur
213 2879 316 2932 Cicero
333 2880 442 2945 στάσιν,
461 2885 573 2933 statem:
594 2879 651 2933 llic
668 2887 714 2934 est
731 2880 811 2935 locus
829 2881 861 2933 in
879 2880 965 2934 'causa
982 2887 1012 2933 et
1026 2880 1109 2949 qussi
1118 2885 1215 2949 eaput

60 2947 136 3002 ambi
180 2950 189 3000 i
216 2957 244 3001 et
269 2951 493 3004 coutroversiae.
538 2949 660 3002 Causam
682 2950 811 3026 arnbigui
836 2951 929 3004 etism
950 2950 983 3002 in
1007 2950 1044 3006 ll.
1072 2949 1109 3004 ds
1133 2950 1211 3003 Orat.

59 3019 236 3088 appelavit:
256 3027 286 3072 et
304 3037 412 3093 genera
430 3022 527 3088 posuit
545 3022 612 3083 tria,
633 3021 725 3084 Facti,
745 3022 831 3083 luris,
850 3021 948 3074 Verbi.
966 3019 1009 3074 De
1022 3027 1099 3075 stato
1117 3019 1213 3073 mults

60 3089 284 3154 Quinctilisnus.
326 3087 384 3144 sm·
400 3090 503 3144 Oicero
524 3108 588 3157 rem
607 3090 733 3143 dilucide
752 3093 783 3145 in
795 3092 895 3160 libris,
919 3106 991 3160 quos
1009 3090 1144 3155 diximus,
1164 3107 1215 3143 ex·

58 3159 192 3230 plicavit.
230 3158 306 3213 Satis
324 3167 422 3212 autem
440 3168 560 3230 apparet
579 3177 640 3214 erse
658 3176 764 3214 nomen
781 3161 956 3215 translatum
973 3178 990 3212 a
1008 3161 1213 3235 congressibus

57 3229 269 3317 pugnantium:
290 3230 393 3300 quibus
411 3231 447 3284 de
464 3231 529 3285 loeo
547 3231 678 3299 primum
687 3240 835 3285 certamen
848 3231 1011 3285 essesolere
1027 3232 1145 3296 scimus,
1165 3230 1214 3302 eui

58 3304 224 3359 insistentes
243 3309 273 3355 et
290 3319 319 3355 se
342 3299 498 3361 defendere
525 3309 554 3354 et
572 3301 770 3361 adversarium
796 3301 930 3376 affligere
954 3301 1064 3354 rectius
1089 3301 1213 3370 possint,

58 3389 146 3443 quem
170 3372 259 3424 etiam
287 3372 341 3426 assi
365 3380 465 3425 uatum
490 3380 592 3427 tenere
622 3370 751 3429 debeant.
773 3402 805 3415 -
835 3370 917 3437 Quod
933 3380 1031 3425 autem
1050 3371 1153 3425 (licere
1172 3372 1215 3423 eit

59 3450 317 3496 etstumaccomm
356 3445 400 3497 ari
428 3443 464 3496 ad
481 3450 594 3513 tempus
615 3449 645 3495 et
662 3459 814 3513 personam
833 3459 959 3513 quoqne,
987 3442 1084 3496 miuus
1107 3442 1213 3512 liquet,

58 3527 116 3583 quo
134 3513 289 3567 intellectu
307 3515 431 3568 dixerit:
459 3514 516 3567 nisi
545 3511 622 3582 qnod
643 3515 763 3567 omnino
787 3513 951 3584 plurimum
976 3514 1145 3567 od'omuem
1163 3512 1213 3566 de·

56 3584 221 3637 sensionem
240 3586 381 3638 momenti
403 3586 436 3637 in
454 3585 634 3654 temporibus
659 3591 689 3638 et
710 3585 841 3657 personis
860 3601 976 3654 qnoque
999 3585 1127 3654 positum
1150 3598 1212 3637 esse

57 3661 181 3712 nonunt.
218 3655 315 3708 Status
334 3655 413 3710 enim
431 3665 511 3710 certe
529 3655 566 3708 ad
585 3657 804 3717 controversiae
829 3664 964 3708 naturam
990 3655 1084 3707 omnis
1110 3653 1214 3723 exqui-

57 3724 168 3780 ritur.“
193 3726 382 3779 venerarier.
420 3726 526 3792 „Quae
549 3725 652 3792 (libero
678 3725 760 3796 (Top.
781 3727 838 3792 ib.)
867 3725 902 3779 ad
928 3725 1154 3793 explicationem
1184 3741 1212 3775 r.

56 3800 149 3848 stetur
166 3795 261 3859 affert,
280 3812 313 3850 eo
331 3798 396 3859 fere
416 3798 547 3862 redeunt,
564 3805 598 3850 ut
616 3797 667 3850 sub
687 3806 764 3850 statu
778 3796 1052 3866 comprehendetur,
1072 3793 1213 3864 quicquid

57 3866 126 3934 quis
138 3866 173 3917 ad
183 3865 349 3931 diluendam
367 3869 579 3922 accusationem
597 3867 646 3922 rel
663 3867 882 3942 infringendam
895 3868 1069 3921 sententiam
1087 3867 1212 3919 alicuius

54 3937 156 3988 dicere
180 3937 303 4005 possit.“
330 3935 425 3988 Neide.
464 3936 525 3989 lom
551 3938 611 3993 rid.
637 3935 672 3993 de
694 3946 769 3992 stote
799 3956 821 3992 s.
847 3937 1045 3991 constitutione
1067 3937 1095 3990 J.
1123 3937 1154 3991 0.
1175 3935 1209 3988 T.

56 4007 178 4130 ξςῃοειιί
198 4007 333 4130 {siff
356 4003 573 4082 Technologiae
604 4008 774 4062 Latinorum
802 4007 975 4062 Rhetoricae
1000 4025 1031 4078 p.
1055 4011 1090 4065 86
1112 4034 1146 4047 -
1164 4010 1211 4064 88.

57 4099 67 4131 ι
89 4098 98 4129 ι
122 4118 127 4128 .
161 4096 196 4129 au
316 4094 342 4129 r.
1242 4125 1256 4146 ,

100 4095 171 4201 qsic'
196 4147 267 4201 enim
299 4147 469 4214 appellamur
492 4150 743 4205 controversiarum
766 4149 891 4215 genero]
928 4148 1002 4214 „An
1021 4148 1211 4216 appellemur?

57 4221 133 4271 Nem
153 4220 308 4289 proprium
327 4219 358 4270 in
378 4235 410 4271 ea
430 4234 462 4268 re
481 4233 587 4269 nornen
601 4223 665 4270 non
683 4226 760 4283 eret3
784 4217 904 4288 quodsi
928 4220 1041 4282 fuisset,
1067 4216 1139 4271 baec
1162 4218 1213 4269 ed·

57 4291 126 4344 dere
143 4305 203 4342 nou
221 4305 337 4342 necesse
355 4281 461 4341 fuis'set
483 4303 581 4339 coram
605 4287 786 4341 auditoribus
803 4289 973 4360 quibuscum
997 4287 1122 4340 dictioni
1146 4301 1213 4352 ope-

58 4377 121 4411 ram
138 4357 253 4417 dabat.“
269 4359 377 4418 Nissen.
416 4355 502 4410 Nihil
519 4356 574 4409 hec
592 4357 793 4411 emendatione
811 4360 908 4412 minus
927 4359 1123 4412 necessarium
1152 4372 1214 4407 esse

58 4438 152 4494 nemo·
167 4440 226 4485 uon
250 4420 339 4487 sidet
376 4428 414 4489 In
436 4444 568 4484 sermons
590 4428 628 4484 ad
648 4426 867 4501 pbilosopbism
894 4429 1063 4501 pertinente
1095 4423 1224 4492 adbites,
