2842 5070
416 360 420 367 .
514 317 643 380 unua
664 315 724 395 111,
744 318 794 382 ιε.
817 319 867 381 16.
921 375 955 405 ,¹
1129 278 1131 281 ⁵
1228 320 1288 386 sor

143 481 186 544 ad
206 479 454 564 conspiciendas
475 488 611 561 totaque
633 490 741 541 mente
762 479 1013 542 contrectandas
1034 485 1145 544 varias
1170 484 1288 567 volup-

143 573 239 640 tates,
261 565 378 646 quibus
399 564 469 639 ille,
493 572 526 623 et
547 565 806 644 praeteritarum
838 566 1000 624 memoria
1031 574 1065 624 et
1093 585 1149 645 spe
1178 586 1288 628 conse-

144 649 329 723 quentium,
366 647 523 724 sapientis
555 648 656 707 vitam
693 648 851 705 refertam
887 654 993 725 putat.
1048 646 1141 707 Haec
1174 657 1288 709 nostro

142 748 319 789 morenos
342 727 502 808 diximus:
525 727 679 809 Epicurei
701 726 818 789 dicunt
846 749 916 790 suo.
960 727 1035 805 Sed,
1066 748 1148 811 quae
1169 728 1288 801 dicant,

142 809 334 871 videamus:
358 829 420 891 quo
442 809 550 886 modo,
573 810 788 893 negligamus.

226 893 401 974 Principio
427 894 512 952 male
540 891 790 972 reprehendunt
812 890 1144 974 praemeditationem
1173 912 1288 955 reruni
1311 895 1352 956 16

1312 978 1346 1030 34

141 1054 262 1126 Rursum
281 1083 323 1127 est
339 1076 357 1126 i.
378 1093 404 1146 q.
425 1076 559 1128 contra.“
577 1075 664 1129 Βοιώ.
702 1077 757 1129 Pro
785 1075 999 1143 conspiciendas
1026 1083 1069 1129 est
1093 1045 1374 1143 inspiciendas⁹‘¹⁹⁸'

140 1145 173 1195 in
193 1143 260 1196 Cod.
280 1144 388 1210 Duisb,
408 1150 630 1215 concipiendas
647 1149 679 1200 iu
697 1160 755 1199 uno
775 1148 825 1200 Ox.
846 1149 967 1201 ethud.
986 1147 1012 1199 2.
1038 1145 1118 1200 ldem
1143 1147 1193 1200 Ox.
1222 1165 1288 1200 cum

139 1215 197 1269 alio
217 1222 246 1266 et
265 1213 336 1289 Aug.
356 1220 575 1270 contractandas.
608 1221 669 1272 Mr.

205 1287 429 1354 contrectandas]
451 1289 493 1354 ,‚i.
510 1307 537 1357 q.
553 1289 789 1358 contemplandas
808 1287 873 1354 [hoc
885 1305 944 1341 non
958 1288 1133 1358 simpliciter
1151 1287 1287 1357 dixerim]

138 1357 271 1424 ψηλαφᾷν
290 1354 416 1410 Graecis.
453 1359 629 1411 Artemidor.
649 1359 671 1410 1.
692 1363 735 1414 28.
756 1363 847 1412 Moses
865 1362 899 1411 V.
918 1363 961 1415 28.
981 1362 1023 1414 29.
1046 1358 1128 1413 lliob,
1139 1359 1172 1408 V.
1188 1362 1230 1415 m.
1242 1362 1285 1415 12.

137 1426 179 1480 25.
201 1426 286 1490 Jesaj.
307 1426 377 1479 LlX.
399 1430 440 1483 1⁰.
471 1429 702 1483 Bretschneider.
722 1430 789 1482 Lex.
808 1431 845 1481 N.
866 1429 901 1480 T.
923 1448 943 1481 s.
965 1448 992 1481 v.
1017 1428 1223 1500 Wyttenbach.
1252 1429 1288 1483 ad
1332 1474 1341 1493 ,

136 1496 242 1550 Platon.
274 1497 410 1553 Phaedon.
429 1517 458 1568 p.
480 1503 539 1555 260.
559 1504 624 1556 254.
645 1500 680 1552 ed
699 1500 790 1553 nov.“
827 1497 941 1554 sctuct.

208 1567 305 1636 quibus
324 1572 371 1623 ille
389 1569 425 1634 et]
471 1570 546 1634 ‚,Sic
566 1569 678 1640 Gryph.
706 1572 780 1623 Vict.
808 1572 915 1622 Manat.
959 1569 1020 1621 Alii
1042 1570 1136 1634 quibus
1155 1578 1181 1622 et
1198 1570 1285 1622 ille.“

136 1638 220 1689 Brut:
259 1641 304 1703 ,‚i.
333 1659 356 1694 e.
381 1649 503 1709 propter
525 1643 696 1694 memoriam
721 1649 749 1694 et
774 1660 863 1710 spem.
907 1640 963 1694 Sed
986 1641 1103 1693 facilior
1130 1648 1172 1694 est
1196 1641 1285 1695 lectio

134 1705 246 1759 Davisii
275 1709 426 1772 [nimirum
447 1712 477 1761 in
495 1710 549 1764 Ed.
570 1713 601 1775 23
631 1713 758 1774 tertiam,
786 1711 918 1780 quamvis
944 1712 1001 1763 iam
1029 1715 1105 1766 173⁰.
1129 1711 1283 1780 prodierit,

135 1794 195 1830 non
219 1779 335 1832 videtur
360 1780 519 1848 inspexisse
537 1781 621 1845 Ern]
650 1798 774 1850 quarum,
799 1783 824 1833 si
843 1779 926 1834 modo
945 1801 960 1834 a
979 1780 1063 1833 libris
1083 1781 1189 1835 esset.“
1215 1784 1283 1836 Era.

134 1847 268 1915 „Quodsi
288 1851 322 1901 ad
340 1856 412 1902 octat
429 1850 576 1919 Epicurus
605 1858 679 1904 esset
703 1851 921 1927 intelligendus,
949 1852 1005 1903 hoc
1029 1852 1093 1903 loco
1122 1869 1180 1904 non
1212 1853 1285 1906 scria

134 1920 240 1990 psisset
257 1920 358 1973 Cicero
377 1920 432 1973 illc.
453 1920 545 1973 Habes
564 1930 659 1974 autem
671 1920 722 1974 hic
733 1922 819 1992 plane
831 1921 943 1976 eosdem
959 1921 1096 1974 ablativos
1112 1922 1283 1996 singulares,

134 1990 231 2044 veluti
249 1992 281 2042 in
299 1992 479 2060 appositione
497 1993 614 2059 positos,
635 1992 732 2061 quales
745 2010 831 2061 supra
845 1993 943 2045 notavi
962 1989 1048 2056 §.312
1070 1992 1165 2058 auibus
1185 1991 1285 2054 [nimi-

135 2059 213 2123 rum]
233 2094 264 2104 -
284 2062 419 2114 diuturna
430 2063 751 2131 praemeditatione-fl
769 2064 912 2128 FAWotf.
932 2064 964 2114 in
983 2060 1099 2115 scholis.
1122 2094 1153 2104 -
1172 2062 1286 2116 Habent

134 2137 168 2184 et
187 2131 252 2185 ille
266 2151 322 2200 pr„
342 2134 487 2185 referente
498 2132 615 2197 Orellio,
635 2133 731 2189 Larnb.
745 2141 773 2188 et
782 2135 864 2186 Brut.
886 2133 960 2200 Quid
977 2131 1079 2185 habeat
1097 2132 1193 2185 Lamb.
1205 2133 1284 2188 1566.

133 2203 383 2325 uescinMBrutus
402 2203 577 2257 nonhabet:
598 2205 850 2258 sedrefertalios
870 2204 988 2270 (nescio,
1016 2204 1148 2274 quinam)
1176 2204 1218 2257 ita
1242 2202 1285 2257 le·

156 2290 212 2326 ere.
285 2290 309 2324 r.
927 2324 933 2336 ,
1020 2298 1022 2303 ·

134 2291 154 2348 g
204 2347 229 2394 et
244 2344 474 2412 praeteritarum]
510 2345 584 2419 Aug.
606 2347 716 2401 omittit
742 2351 776 2397 et.
804 2346 878 2400 Mon.
899 2347 925 2400 2.
951 2344 1038 2399 habet
1062 2352 1087 2399 et
1107 2345 1283 2414 priorum.
1349 2373 1352 2385 ι

133 2413 190 2469 Pal.
220 2415 314 2482 quint.
346 2413 432 2468 habet
466 2417 615 2481 reseratam
643 2416 741 2468 Duisb.
773 2417 885 2469 uitam
917 2416 1082 2484 sapienti
1089 2432 1103 2466 s
1140 2417 1281 2480 refertam.

132 2486 212 2539 Unus
239 2484 288 2536 Ox.
312 2492 439 2553 putant.
461 2484 504 2538 Ad
522 2503 548 2538 v.
570 2493 665 2539 nostro
682 2501 759 2538 more
780 2484 889 2552 Gomm
905 2485 996 2541 Aaou.
1024 2503 1068 2555 ap.
1087 2485 1174 2538 Lecd.
1194 2505 1210 2538 a
1230 2485 1281 2552 Qu.

131 2556 221 2621 „Hoc
246 2554 320 2617 ideo,
343 2556 392 2621 ait,
419 2557 502 2620 dicit,
528 2555 603 2625 quod
620 2556 760 2626 Epicurei
788 2572 905 2608 omnem
928 2557 1069 2609 orationis
1098 2555 1282 2631 elegantiam,

130 2626 257 2695 adeoque
273 2626 444 2680 dialecticen
463 2625 716 2680 contemnebant.“
735 2625 803 2679 cod.
825 2627 874 2678 Ox.
896 2645 970 2680 unus
989 2627 1119 2679 duximus
1131 2641 1184 2696 pro
1204 2626 1281 2679 disi-

129 2713 204 2749 mue:
228 2696 283 2750 duo
310 2715 375 2763 cum
394 2701 460 2750 Mon
480 2704 504 2753 l.
525 2700 549 2752 2.
572 2707 600 2749 et
619 2698 696 2751 Gud.
714 2699 739 2751 2.
760 2698 889 2764 Epicuri:
917 2714 989 2765 quae
1008 2698 1130 2766 scriptio
1149 2704 1212 2748 orta
1239 2704 1283 2748 est

131 2785 166 2820 ex
181 2768 321 2835 Epicurii,
341 2768 418 2834 quod
436 2776 480 2821 est
498 2769 529 2819 in
547 2769 743 2821 vetustissimo
764 2765 836 2820 Gud.
850 2772 873 2822 l.
899 2767 965 2820 Post
983 2784 1044 2821 eam
1063 2783 1163 2820 vocem
1171 2763 1280 2822 ouda.

129 2838 209 2891 addit
224 2838 351 2913 glossam
365 2838 488 2892 autem.“
512 2837 576 2890 Duo
596 2840 665 2891 Oxx.
685 2836 793 2891 habent
817 2838 910 2890 dicant
928 2854 983 2908 pro
1001 2834 1121 2890 dicuutt'
1137 2855 1212 2890 unus
1231 2853 1282 2890 auo

129 2926 231 2962 mare.
270 2911 330 2961 Mr.

201 2980 264 3044 Sed,
291 2995 359 3047 qliae
386 2978 491 3044 dicant,
515 2980 675 3032 uideamus:
706 2980 847 3047 quomodo,
873 2979 1075 3048 negligamus]
1117 2980 1281 3045 „vitiosam

127 3050 394 3118 interpunctionem
412 3051 527 3101 correxi
547 3050 599 3113 [sic
619 3051 697 3102 enim
715 3051 966 3121 interpungebant,
984 3051 1092 3120 ‘inepte
1115 3067 1232 3119 prorsus
1251 3059 1281 3102 et

127 3117 322 3173 incommode:
350 3119 400 3170 sed
424 3134 491 3185 quae
515 3117 608 3171 dicant
626 3120 797 3188 (Epicurei),
826 3120 967 3172 videamus
992 3120 1125 3188 accomodo
1150 3120 1281 3187 negliga-

126 3190 227 3256 mus.].
254 3189 311 3241 hac
337 3197 463 3245 tantum.
493 3205 548 3256 quo
577 3191 652 3241 facto
678 3189 728 3255 hic
746 3190 825 3241 locus
842 3191 943 3258 planus
962 3191 1054 3241 factus
1074 3198 1123 3242 est.
1141 3253 1143 3256 Ι
1161 3189 1281 3241 Dicebat

148 3263 226 3314 aullo
244 3269 320 3323 ante,
340 3277 368 3312 sc
387 3260 510 3330 Epicuri
529 3259 701 3312 sententiam
719 3275 769 3310 suo
787 3273 867 3311 more
893 3268 1076 3341 persecutum
1101 3276 1168 3323 esse,
1197 3275 1282 3327 quam

105 3282 267 3403 'Epicurei
292 3349 343 3397 suo¹
367 3325 541 3400 exprimunt.
579 3330 636 3384 Sed
663 3345 730 3398 quae
756 3329 863 3394 dicant,
891 3331 995 3397 inquit,
1024 3330 1180 3382 videamus:
1215 3344 1281 3398 qao·
1339 3385 1344 3399 ,

125 3405 208 3457 modo
225 3403 329 3464 dicant,
350 3418 383 3453 ue
402 3402 590 3453 roboremur
627 3400 787 3456 Lambinus.

199 3473 394 3528 Quae'dr'caat
420 3473 578 3537 videamus‚·
611 3490 663 3542 quo
690 3474 779 3536 modo,
809 3472 1001 3540 neglegamus]
1038 3472 1203 3524 lta‘locum
1229 3487 1279 3524 nos

129 3562 197 3599 cum
216 3546 344 3607 Erasmo,
363 3544 493 3595 lllanucio
513 3545 706 3614 Lalnbinoque
725 3543 916 3594 distinximus.
955 3543 1058 3618 Vulgo,
1084 3559 1154 3610 quae
1173 3543 1278 3607 dicant,

126 3617 270 3669 videamus
290 3623 343 3683 quo
362 3615 442 3666 mado
462 3615 646 3682 negligamus.
685 3615 785 3682 Inepte
804 3629 919 3682 prorsus
940 3621 968 3664 et
992 3613 1180 3666 incommode.
1217 3613 1253 3665 D.

196 3686 247 3738 sed
264 3701 334 3755 quae
353 3685 458 3750 dicant,
479 3686 633 3738 videamus:
655 3686 799 3755 qrioaaado,
819 3684 1020 3751 negligamus]
1056 3685 1172 3736 lllireris
1199 3691 1278 3736 certe

126 3766 191 3810 ante
210 3757 378 3808 Lambinum
396 3757 542 3808 neminem
565 3775 664 3809 veram
682 3756 740 3807 loci
768 3755 983 3806 distinctionem
1006 3756 1160 3825 reperisse:
1187 3755 1278 3828 magis

124 3844 194 3882 vero
214 3827 338 3889 mireris,
357 3828 488 3900 frugibus
507 3828 633 3879 inventis
652 3828 687 3878 ad
705 3826 821 3900 glandes
840 3825 957 3878 rediisse
976 3826 1108 3879 editores.
1130 3825 1278 3877 Exhibeat

125 3899 203 3952 enim
221 3899 292 3950 Ern.
311 3897 400 3948 Nobb.
420 3898 490 3951 Tbn.
511 3899 569 3961 sed,
591 3896 661 3967 aude
679 3895 955 3960 dicaut,'oideamus,
985 3898 1118 3965 quarrada
1146 3896 1277 3964 negliga-

123 3985 194 4022 mus.
232 3969 330 4038 anue
350 3967 496 4019 distinctio
515 3969 681 4019 Nissenium
707 3969 885 4020 defensorem
913 3975 995 4018 nacta
1020 3976 1070 4019 est.
1108 3966 1275 4032 ‚,Davisius‚

124 4043 174 4106 ait,
205 4039 329 4091 incisum
355 4045 418 4105 post
443 4039 575 4106 quomodo
603 4039 652 4104 (sc.
673 4039 779 4100 dicant)
797 4036 901 4107 posuit.
941 4036 1083 4105 Speciosa,
1113 4053 1170 4088 non
1196 4054 1274 4089 vere.

123 4112 198 4164 Nam
216 4110 333 4184 vulgata
351 4108 514 4177 dispunctio
533 4109 714 4176 sequentibus
733 4109 805 4161 bene
824 4105 990 4160 convenit.“
1026 4109 1109 4161 Unde
1128 4107 1206 4159 nihil
1233 4107 1277 4158 di-

123 4183 238 4246 scimus,
263 4180 319 4231 nisi
343 4179 418 4248 quod
444 4177 550 4229 dudum
576 4179 742 4231 sciebamus:
776 4179 853 4231 nihil
877 4177 1001 4229 tamine
1023 4186 1084 4229 tum
1105 4194 1173 4243 esse,
1200 4177 1277 4247 quod

122 4268 181 4305 non
199 4251 358 4304 laudatores
376 4249 477 4302 habeat
496 4265 566 4301 suos.
578 4276 612 4286 -
629 4249 774 4301 Scribitur
792 4258 889 4302 autem
909 4261 978 4316 quae
997 4196 1275 4312 directaneum

108 4328 191 4392 'quae
210 4318 379 4393 dicuntia
399 4320 483 4373 Codd.
503 4321 578 4375 uon.
597 4322 624 4376 2.
645 4328 673 4371 et
691 4320 786 4372 Duisb.
824 4323 884 4375 Mr.

193 4444 218 4482 c.
232 4432 280 4485 16.
308 4426 456 4497 Principia
478 4427 549 4480 male
570 4422 786 4496 reprehendunt]
829 4428 922 4482 Nulla
946 4428 1058 4482 ratione
1089 4425 1193 4489 addita,
1226 4421 1276 4475 sed
