2842 5070
419 361 421 365 Α
499 284 791 369 *nunnoni
1159 288 1225 356 sos

73 464 209 521 vetares·
230 452 451 538 philosophos·
478 461 648 526 scematis,
675 451 752 535 ‘qul
770 451 1054 523 mundavissent
1078 450 1225 535 pbiloso-

55 541 187 624 'pbiam
206 542 276 602 auis
297 539 442 624 ingeniis
463 555 535 598 esse
560 538 755 619 perfectam,
780 536 830 596 ait
849 554 908 598 oos
927 543 988 598 out
1011 534 1225 600 stultissimos

75 632 135 684 aut
155 623 412 720 gloriosissimos
431 621 559 681 fidiae:-
583 615 642 680 sed
661 634 698 716 se
722 615 853 704 videre,
872 615 962 716 quod
990 618 1105 716 paneis
1131 621 1226 679 anuis

74 699 873 864 ffitttttttttlttntttzto‘tttt
887 698 1227 843 tittttttttitz
1243 777 1271 831 ι..

76 877 231 930 naturam
252 866 389 945 dicitur,
408 863 498 947 quod
518 866 627 928 cervis
642 871 676 926 et
689 865 880 964 cornicibus
901 865 1006 926 vitam
1023 861 1229 942 diuturnam,

76 1047 178 1105 habuit
195 1051 360 1106 Lactantius
377 1050 442 1104 Div.
461 1049 531 1103 lnst.
551 1049 609 1102 liba
621 1051 674 1106 111.
695 1067 727 1104 ca
750 1091 756 1105 .
777 1051 821 1106 78.
841 1048 917 1119 quod
935 1047 1162 1104 animadvertere
1181 1043 1230 1105 de-

76 1124 201 1177 buerunt
219 1123 298 1175 illius
318 1120 527 1195 elegantissimi
544 1121 695 1191 scriptoris
750 1120 847 1175 ‘tores
882 1120 918 1173 D.
976 1130 979 1137 “

143 1194 246 1263 itaque
264 1192 437 1246 'Aristoteles
462 1198 571 1245 veterat
591 1188 771 1260 philosophos
795 1187 959 1257 accusata]
997 1189 1077 1258 Quod
1099 1190 1141 1244 ait
1158 1189 1228 1244 Dar.

77 1265 221 1316 Lactantii
238 1265 363 1317 editores
385 1279 443 1326 non
467 1262 701 1316 animadvertisse
719 1261 799 1314 hunc
821 1270 951 1315 nostrum
969 1261 1066 1315 locum
1083 1261 1116 1312 in
1134 1260 1229 1314 annuo
1257 1274 1260 1279 ’

76 1333 208 1388 habuisse
232 1335 414 1387 Lactantium
436 1333 502 1398 Div.
530 1335 602 1388 lust.
613 1334 678 1398 ‚111.
698 1335 742 1388 78.
770 1331 799 1384 id
825 1341 888 1386 turn
907 1331 1023 1401 quidem
1040 1330 1228 1395 verumiuit.
1295 1348 1301 1357 ·

77 1403 196 1457 Dixerat
214 1406 293 1457 enim
309 1404 456 1458 Bentleius
473 1405 571 1456 locum
587 1403 666 1456 bunc
684 1403 831 1456 Ciceronis
848 1402 944 1456 hodie
952 1419 1009 1455 non
1028 1411 1147 1455 exstare.
1175 1400 1232 1455 Sed

77 1475 136 1544 iam
163 1475 271 1528 dudum
298 1476 359 1528 eius
385 1476 481 1529 sedem
504 1481 702 1527 monstrarunt
724 1473 924 1526 Biinemannua
949 1482 978 1527 et
995 1472 1050 1525 Ed.
1070 1472 1172 1548 Lengl.
1192 1473 1231 1524 du

77 1545 177 1601 Fresn.
196 1548 284 1603 Paris.
304 1548 382 1602 1748.
401 1547 427 1600 4.
466 1545 521 1599 Sed
543 1545 618 1615 apud
639 1545 719 1596 Lact.
744 1544 830 1597 verba
857 1543 901 1596 ait
918 1558 967 1597 eos
984 1569 1019 1580 -
1035 1543 1126 1609 [uim
1149 1559 1233 1612 pras·
1261 1587 1266 1604 ,

77 1626 226 1687 ponuntur
243 1617 303 1670 his:
323 1619 374 1686 qui
391 1646 424 1659 ·-
439 1618 603 1685 perfectam.
640 1614 731 1667 Habet
747 1613 826 1669 hunc
843 1614 940 1668 locum
959 1614 1046 1667 etiam
1063 1616 1108 1668 Jo.
1128 1614 1233 1665 Valen-

78 1687 116 1739 sis
135 1687 167 1738 in
185 1687 441 1758 Compendiloquio
460 1688 484 1740 1.
509 1686 587 1760 plag.
609 1689 669 1741 177.
693 1685 780 1739 aubi
800 1685 857 1743 ‚bae
876 1691 943 1738 suut
960 1684 1102 1740 lectiones
1118 1684 1233 1737 varian-

77 1765 136 1810 tes:
155 1758 377 1824 gloriosissimos
394 1758 416 1811 i.
436 1773 459 1809 e.
487 1772 598 1810 vanae
620 1753 765 1822 gloriae
787 1754 935 1823 cupidos
958 1755 1047 1822 {ieri
1072 1787 1105 1800 -
1127 1753 1232 1822 piane
1270 1794 1273 1799 >

78 1828 233 1881 absolutam
252 1856 286 1867 -
312 1826 498 1881 accuravit
519 1833 653 1879 neuram
672 1841 868 1893 -quorum
890 1826 924 1879 id
942 1853 976 1865 -
994 1825 1056 1879 aed
1075 1823 1232 1878 bominibus

81 1925 115 1937 -
133 1901 257 1964 ficturum
276 1900 406 1965 fuisset
424 1928 457 1941 ·-
473 1898 536 1950 'stra
563 1894 703 1950 bominum
729 1895 924 1950 ditaretur.
945 1923 978 1938 -
1014 1895 1167 1949 Thaletem
1186 1896 1232 1946 in-

78 1969 187 2044 telligi,
206 1972 325 2022 fortasse
345 1970 431 2021 etiarn
447 1968 596 2020 Platonem
613 1966 654 2018 ait
671 1967 723 2024 W.
743 1966 778 2020 Τ.
796 1968 888 2040 K'rug.
912 1967 945 2018 in
962 1963 1033 2022 Diss.
1052 1966 1087 2018 de
1104 1965 1233 2025 Philoso-

77 2039 147 2110 phia
166 2057 202 2091 ex
220 2038 543 2093 sententia·Aristotelis
568 2038 654 2107 plane
679 2037 816 2104 absoluta,
845 2054 899 2090 nec
926 2044 1022 2091 tannen
1040 2053 1167 2106 unquam
1185 2036 1233 2087 ab·
1338 2031 1345 2047 ¹

78 2110 213 2162 solvenda
236 2111 275 2173 (4.
301 2109 378 2179 lips.
406 2109 523 2165 Staritz.
550 2110 627 2164 1877.
654 2110 696 2165 18.
723 2108 794 2191 pp.).
815 2135 861 2167 ···.
893 2109 929 2161 In
951 2107 1019 2160 Cod.
1045 2109 1120 2160 Mon.
1139 2109 1164 2161 7.
1189 2114 1232 2159 est

79 2180 144 2247 qnia
161 2196 214 2250 pro
233 2179 291 2250 qui,
311 2179 387 2232 idein
405 2197 473 2232 eum
491 2178 565 2232 Gud,
584 2177 670 2232 habet
689 2179 930 2245 existimarent,
949 2181 1029 2238 Mos,
1046 2181 1071 2232 l.
1091 2177 1233 2231 extimu-

79 2250 193 2315 oissent‚
211 2269 285 2302 unns
303 2251 354 2304 Ox.
370 2251 596 2306 existimarent.
632 2251 732 2326 Pergit
748 2250 834 2304 Vind.
854 2255 879 2306 l.
904 2250 965 2302 auia
987 2248 1115 2316 ingeniis
1137 2247 1233 2315 pbilo-

79 2320 215 2388 ropbium.
253 2321 351 2394 Pergit
369 2322 442 2396 Aug.
471 2336 530 2373 esse
554 2314 694 2387 factam.
729 2322 812 2375 Unus
830 2323 881 2378 Ox·
908 2318 994 2373 habet
1017 2334 1065 2372 eoa
1081 2326 1131 2373 ute
1155 2319 1233 2372 idem

80 2391 190 2445 omittit
208 2398 257 2443 aut
275 2391 506 2458 gloriosissimos
540 2390 576 2443 ln
595 2408 674 2461 seqq.
694 2391 781 2446 Godd.
799 2390 884 2444 vind.
900 2393 926 2447 7.
947 2390 1022 2443 Mon.
1043 2393 1067 2444 l.
1088 2390 1161 2443 Gud.
1182 2389 1231 2455 (ἱ.)

81 2469 205 2530 quatuor
224 2462 294 2518 Oxx.
314 2458 385 2514 Edd.
405 2463 437 2513 P:
454 2461 488 2516 A.
506 2462 538 2514 B.
558 2461 586 2515 S.
606 2460 641 2513 Ε.
661 2461 694 2514 O.
708 2463 745 2524 Y.
772 2462 844 2514 Van.
865 2469 954 2513 nostr.
972 2459 1037 2512 Asc.
1060 2464 1083 2516 1.
1102 2464 1129 2517 7.
1148 2463 1205 2514 Jun

79 2531 151 2586 1101).ι
165 2530 267 2601 steph.
284 2533 366 2596 facia
383 2538 441 2585 eat.
461 2531 550 2586 Rehd.
570 2534 648 2598 facta
664 2531 784 2585 etiam.
818 2530 881 2587 Mr.
1175 2567 1181 2575 -

153 2617 359 2688 Theophrastus
376 2627 468 2673 nutem
486 2649 520 2660 -
538 2618 674 2686 diction]
701 2618 780 2685 Quod
803 2619 845 2672 ait
869 2617 937 2672 sch.
966 2619 997 2672 in
1014 2636 1091 2684 anu,
1119 2617 1182 2693 legi
1199 2616 1233 2681 iu

78 2691 226 2742 nonnullis
245 2691 331 2761 Godd.
353 2690 558 2757 Themistocleo,
592 2691 623 2743 id
647 2691 680 2742 iu
708 2689 831 2742 infinitis
849 2689 994 2747 erroribus
1010 2690 1095 2759 pono,
1129 2688 1233 2759 quibus

79 2761 140 2813 eius
158 2762 365 2828 annotationes,
381 2763 544 2833 saepissima
569 2777 722 2831 operarum
748 2768 778 2821 et
796 2761 969 2814 comestoris
987 2759 1036 2813 cul
1106 2760 1232 2812 retortae

79 2839 154 2884 sunt.
190 2833 243 2886 Fet
260 2842 356 2885 autem
380 2832 430 2886 hic
450 2848 533 2886 error
559 2831 647 2901 ipsius
670 2831 798 2883 editoris.
836 2830 891 2895 Qui
917 2849 1008 2900 quum
1026 2846 1043 2883 o
1061 2831 1121 2883 iter
1137 2830 1234 2899 inspa-

78 2903 166 2956 xisset
184 2903 397 2955 annotationem
405 2901 517 2954 Davisii
535 2901 569 2954 ad
579 2902 666 2955 verba
675 2902 848 2958 Querebatur
861 2899 957 2968 igitur
966 2901 1077 2971 (paullo
1087 2899 1232 2966 inferius),

79 2972 128 3024 ubi
152 2973 246 3024 refert
271 2972 324 3024 ille
349 2973 424 3040 apud
447 2973 660 3041 Hieronymum
693 2972 726 3023 in
748 2971 878 3042 Epistola
905 2972 940 3023 ad
961 2972 1155 3042 Nepotianum
1178 2986 1233 3040 pro

82 3039 267 3109 Theophrasti
292 3042 409 3095 nornine
431 3041 493 3116 legi
513 3041 547 3092 in
568 3040 647 3094 MSS.
670 3057 776 3094 noman
802 3039 1007 3108 Themistoclis,
1038 3041 1072 3094 de
1094 3041 1234 3095 Cicerone

79 3112 162 3180 loqui
182 3111 347 3163 existimans
364 3110 521 3175 Durnium,
540 3110 788 3174 Ciceronislibris
807 3127 874 3165 eum
892 3112 1021 3164 errorem
1037 3111 1151 3176 tribuit,
1171 3111 1233 3179 ipse

81 3182 115 3234 ab
128 3180 314 3251 inspiciendis
326 3180 410 3233 libris
419 3180 557 3267 religiosa
569 3180 624 3231 sibi
634 3197 745 3232 cavens.
768 3180 861 3244 Quare
872 3182 958 3233 aliter
967 3181 1034 3234 lieri
1052 3197 1109 3232 non
1126 3181 1233 3250 potuit,

80 3269 167 3322 quam
185 3251 260 3321 quod
278 3252 371 3304 refert
388 3252 447 3315 On,
479 3250 616 3321 inspeetis
638 3250 723 3303 libris
741 3251 936 3304 Ciceronianis
962 3269 991 3304 se
1013 3268 1154 3320 nusquam
1176 3249 1234 3303 hoc

80 3323 215 3376 mendum
233 3322 347 3375 vidisse.
377 3321 465 3376 Goth.
482 3314 558 3374 hinc
583 3337 647 3372 ann.
667 3320 766 3375 habet:
802 3320 887 3387 „Vid.
915 3321 1064 3374 La'e'rtium
1089 3321 1121 3372 in
1138 3319 1234 3373 Theos

99 3393 197 3446 hrasto
215 3391 259 3457 [V.
279 3396 305 3449 7.
323 3391 379 3459 tt]
405 3394 444 3446 Et
470 3401 567 3445 tamen
586 3391 738 3445 Sallustius
763 3392 794 3442 in
824 3391 998 3465 Iugurthino
1017 3391 1119 3443 scribit
1145 3392 1235 3458 genos

116 3479 224 3517 manum
241 3464 316 3531 fuleo
333 3462 415 3533 queri
433 3465 467 3518 de
484 3469 596 3527 mura,
615 3463 689 3532 quod
705 3460 847 3526 imbecilla
861 3468 943 3530 atque
961 3460 1025 3515 aeni
1041 3460 1141 3516 brevis.
1160 3462 1234 3516 Vide

79 3535 164 3604 plura
182 3536 257 3604 apud
273 3535 437 3588 victorium
456 3535 488 3586 in
505 3534 615 3586 Variar.
634 3530 689 3588 X.“
724 3531 967 3601 Locus-Salltutii
991 3540 1034 3585 est
1051 3534 1115 3607 lug.
1137 3536 1161 3587 1.
1184 3532 1234 3585 ubi

78 3605 137 3657 vid.
157 3604 296 3674 interprr.
317 3607 349 3657 in
366 3606 419 3659 Ed.
438 3606 596 3658 littoream
619 3603 626 3616 ‘
644 3621 675 3673 p.
694 3606 720 3658 7.
739 3622 783 3673 sq.
817 3604 909 3657 Locus
932 3610 1030 3655 autem
1047 3603 1172 3656 Victorii
1191 3609 1234 3654 est

79 3677 161 3727 Varr-
187 3677 280 3727 beett.
308 3677 356 3728 xl.
379 3693 406 3729 c.
426 3679 470 3731 10.
495 3675 545 3727 ubi
570 3675 596 3728 T
619 3674 803 3746 euphrastum
827 3681 856 3726 et
882 3672 1053 3728 Sallustium
1079 3671 1234 3727 concordes

54 3788 57 3792 .
81 3762 140 3798 esso
158 3745 384 3798 demonstratum
402 3745 459 3798 ivit
477 3763 504 3816 p.
523 3747 587 3801 765.
603 3762 647 3814 sq.
682 3744 755 3798 Add.
776 3743 958 3798 Ochsnerum
976 3743 1012 3796 ad
1030 3743 1090 3799 Cio.
1109 3744 1232 3818 Eologg.

79 3833 109 3886 p·
127 3816 190 3870 411.
208 3832 254 3882 sq.
281 3814 324 3871 ed.
343 3819 370 3871 3.
405 3814 467 3869 Mr.

153 3902 226 3970 quod
243 3902 407 3955 cureio-et
425 3891 604 3970 vomitione]
640 3905 750 3970 „Recte
767 3903 986 3978 coniunguntur
1002 3902 1117 3956 vivaces
1134 3903 1232 3959 alitest

79 3973 180 4096 {ioque
200 3971 314 4094 [egroto]
330 3971 419 4095 gabet
437 3975 605 4095 optgdcodeai
623 3975 691 4062 Fab.
709 3974 888 4094 Vidi-setiam
912 3973 1047 4096 invbllSS.
1067 3974 1159 4056 Fabii,
1184 3974 1235 4027 ubi

82 4059 258 4182 sorr
271 4045 990 4189 euterun„enutriret:
1023 4046 1237 4172 trotio

84 4183 167 4238 dett.
203 4182 326 4248 „Cernis
344 4199 402 4235 nou
421 4189 463 4235 est
481 4191 577 4236 temen
601 4184 666 4236 loco
689 4183 892 4236 movendum.“
914 4185 994 4240 Vero.
1031 4186 1112 4239 Unus
1131 4186 1181 4238 Ox.
1206 4191 1236 4237 et

82 4255 153 4309 (lod
176 4255 249 4308 ouo.
279 4255 383 4319 moia,
415 4252 489 4306 elius
513 4253 565 4306 010
595 4268 702 4306 eoroos.
745 4253 808 4306 Neo
834 4270 904 4306 vero
933 4263 1051 4325 recepta
1077 4264 1119 4308 est
1146 4255 1235 4307 lectio

82 4322 175 4392 corot'a
203 4325 234 4376 in
257 4325 329 4378 Edd.
353 4339 426 4395 quaa
447 4322 571 4391 Gruteri¹
596 4325 644 4376 vel
719 4322 726 4337 ⁸
748 4341 761 4374 s
784 4323 931 4376 Gebhardi
954 4325 1094 4378 lectiones
1119 4324 1235 4388 habent,
1343 4367 1344 4370 ,

83 4393 258 4450 Gruteriaui
275 4412 304 4448 ι.
318 4398 400 4485 ltili.
418 4393 529 4477 Hamb,
554 4395 631 4451 tott-
657 4430 662 4439 .
742 4429 762 4461 ·,
781 4401 820 4461 et,
848 4412 935 4498 quam
958 4391 1124 4450 habuit'Or.
1145 4395 1235 4458 1692,
