2842 5070
558 296 771 378 nlannw,
793 300 844 364 aa.
1217 298 1281 366 aas

110 466 173 530 -At
204 465 240 529 id
270 474 345 529 erat
377 465 447 530 deis
480 465 633 528 omnibus
665 461 864 543 curandum,
897 459 1196 547 quaemadmodum
1223 462 1281 525 hic

126 553 301 612 frueretur
320 550 494 632 voluptate
514 549 688 627 amatoria.

251 630 328 693 Heu
348 651 394 693 nne
414 631 590 712 infelicem!
613 664 655 676 -·

126 703 221 777 Nihil
242 715 368 778 verius.
412 714 521 777 Probe
543 722 576 774 et
596 713 665 791 ille,

194 821 205 842 ⁴
249 825 291 842 *-
311 794 435 860 Sinan’
457 816 499 869 es,
522 798 578 877 qni
600 794 713 857 timere
726 784 928 855 dementire!

126 981 171 1034 rei
205 982 336 1052 exempla
362 976 556 1054 suppeditabit
579 977 710 1038 Wassius
742 981 782 1036 De
807 978 940 1032 Licentia
964 977 1102 1030 Veterum
1133 973 1285 1033 Po‘e‘tardm

126 1065 155 1121 p.
176 1054 218 1108 18.
255 1053 409 1106 Faciebant
425 1052 481 1106 hoc
498 1055 600 1123 poetae
619 1053 716 1106 Latini
734 1053 768 1104 ad
787 1051 954 1120 exemplum
972 1049 1157 1114 Graecorum,
1184 1057 1217 1102 ut
1236 1050 1286 1103 oba

127 1123 253 1174 servavit
273 1123 449 1176 casaubonus
467 1124 502 1176 ad
520 1123 701 1177 Athenaeum
718 1123 784 1175 Vll.
805 1121 849 1176 13.
887 1120 1023 1173 Ceterum
1040 1136 1070 1172 se
1088 1137 1154 1173 eum
1168 1119 1285 1174 Divisio

127 1192 217 1256 efficit
233 1195 381 1262 praeferre
399 1195 578 1264 pronuntiat.
615 1195 678 1268 Ego
694 1210 767 1247 vero
786 1194 826 1244 ita
845 1190 971 1260 disposui
993 1189 1065 1242 haec
1092 1191 1187 1255 verba,
1212 1209 1286 1260 quae

126 1262 208 1332 prius
255 1265 316 1316 nasi
341 1283 432 1316 unum
456 1266 666 1317 constituerent
693 1272 824 1318 versum'
839 1271 921 1315 erant
947 1261 1065 1331 scripta,
1088 1270 1122 1314 ut
1139 1262 1284 1327 fecerunta

126 1342 192 1402 post
253 1334 364 1400 olfium,
384 1335 468 1390 seha.
488 1337 535 1390 Or.
555 1335 646 1387 Nobb.
665 1334 737 1388 Thn.
775 1335 810 1386 ln
828 1332 934 1386 duobus
953 1332 1038 1386 Oodd.
1059 1332 1129 1385 0xx.
1148 1331 1236 1385 Merb.
1255 1339 1287 1387 et

127 1403 201 1458 Gud.
221 1406 246 1458 2.
268 1413 310 1457 est
329 1407 357 1459 si
374 1422 426 1475 pro
444 1405 492 1471 eit,
511 1407 543 1457 in
561 1405 636 1460 Gud.
656 1415 685 1459 et
702 1407 787 1459 Vind.
808 1408 833 1459 1.
853 1403 999 1474 qnisquam
1017 1402 1064 1464 sit.
1101 1404 1162 1457 Me.

198 1492 232 1543 In
251 1490 405 1563 Leucadia]
441 1493 571 1563 Turpilii
590 1494 697 1557 fabula,
717 1484 804 1566 quam
823 1510 859 1545 ex
876 1491 1007 1545 Alexidis
1025 1491 1166 1544 Leucadia
1182 1492 1286 1546 vertit.

130 1561 203 1614 Vide
222 1562 415 1616 Casaubonum
434 1564 466 1615 in
485 1564 634 1618 Athenaei.
654 1563 710 1619 lll.
738 1568 779 1621 15.
816 1564 853 1617 D.

199 1647 371 1704 natuerat
392 1683 424 1696 -
449 1652 617 1720 curandam]
654 1654 768 1707 ironice
793 1652 849 1706 hoe
873 1659 931 1706 esse
957 1649 1069 1703 dictum
1091 1622 1190 1703 inonet
1213 1651 1310 1704 1100.Ι

127 1720 238 1773 Laudat
256 1722 401 1777 FAWoli.
420 1724 542 1795 Virgilii
559 1742 675 1777 versum
695 1718 807 1778 Scilicet
831 1721 878 1776 lic
900 1721 1009 1788 superis
1027 1715 1109 1774 labor
1126 1722 1184 1775 eat!
1220 1720 1289 1789 [Loa-

128 1805 179 1842 cus
204 1799 246 1844 est
272 1791 339 1844 Aen.
368 1794 417 1846 lv.
441 1794 523 1861 3794
560 1792 684 1871 Legitur
705 1804 800 1848 autem
827 1793 865 1853 def
879 1786 930 1846 nie
952 1800 1006 1862 pro
1036 1792 1096 1845 deis
1124 1791 1157 1843 in
1180 1791 1288 1847 duobus
1346 1840 1350 1847 .

129 1861 216 1915 Oodd.
236 1864 306 1916 Oxx.
330 1864 404 1917 Gud.
426 1868 496 1920 1.2.
525 1867 612 1919 Marb.
631 1866 731 1931 Rehd.‚
756 1883 791 1918 ex
816 1865 919 1934 quibus
938 1862 1008 1933 ipsis
1031 1863 1230 1915 videtur-veri
1248 1862 1288 1916 sii·
1391 1860 1396 1884 '

128 1933 210 1998 mile,
228 1934 367 2002 placuisse
385 1935 442 1988 hoc
460 1937 525 1989 loco
544 1927 678 1990 Ciceroni
696 1936 845 2006 antiquam
863 1936 987 1987 formam
1011 1932 1073 1985 deis
1111 1942 1143 1986 ro
1163 1929 1231 1999 diis,
1251 1932 1287 1987 ds

130 2020 186 2072 qua
203 2005 262 2056 vid.
283 2003 458 2059 Schneider:
484 2009 559 2060 Lat.
579 2008 757 2061 Formenl.
777 2007 800 2059 l.
825 2023 855 2076 p.
874 2009 917 2061 68.
945 2001 1014 2073 ibiq.
1035 1950 1129 2056 laudpd.
1157 2002 1228 2056 Add.
1249 1998 1286 2058 G'.

129 2074 159 2125 J.
179 2075 269 2127 Vossii
288 2075 448 2128 Aristarch.
472 2077 525 2144 (De
542 2073 663 2154 Analog.
683 2073 735 2143 ll.)
759 2095 788 2148 p.
808 2076 870 2132 685.
908 2073 943 2128 ln
967 2068 1033 2128 cod.
1063 2066 1160 2126 Duish.
1187 2082 1230 2128 est
1253 2074 1290 2128 de

129 2141 253 2279 iginfin
272 2146 345 2199 Gud.
358 2142 467 2273 1510010.
503 2146 584 2202 Idem
607 2143 638 2201 in
662 2166 742 2220 seqq.
769 2143 855 2201 habet
882 2141 910 2200 ie
934 2162 988 2218 pro
1007 2139 1060 2199 tie.
1096 2143 1197 2219 Pergit
1214 2152 1289 2221 unu's

155 2235 183 2269 x.
217 2217 319 2269 ruitur.
394 2234 418 2270 r.

201 2283 274 2337 lieu
292 2304 335 2340 nse
353 2283 506 2355 infelicem]
542 2285 665 2362 Scripsit
688 2281 835 2346 FAWoli.
863 2281 928 2352 Hei,
959 2284 1092 2357 eumque*
1109 2285 1222 2339 sedulus
1244 2283 1290 2340 est

130 2352 224 2408 Schz.
237 2356 291 2409 Sed
310 2358 357 2409 Or.
377 2360 436 2410 dici
454 2361 545 2413 solere
564 2357 605 2412 ait
623 2357 685 2414 lien
704 2378 746 2414 me
766 2370 794 2414 et
812 2358 869 2411 Hei
886 2352 966 2411 miii.
1002 2357 1145 2427 Exempla
1170 2357 1236 2410 vide
1256 2357 1288 2409 in

130 2442 205 2478 nova
223 2427 385 2480 Forcellini
402 2429 455 2485 Ed.
476 2432 573 2485 Germ.
594 2448 614 2482 s.
635 2451 662 2487 v.
682 2428 728 2484 nei·
747 2440 775 2484 et
793 2429 854 2483 nen.
891 2429 935 2481 Ad
952 2446 980 2480 v.
999 2425 1084 2481 Nihil
1107 2429 1202 2481 verius
1219 2427 1290 2482 Nis-
1347 2441 1355 2449 ³

129 2513 190 2550 sen.
208 2497 262 2550 aits
281 2493 412 2562 „Sensus
432 2508 488 2553 esti
508 2502 640 2555 Profecto
659 2503 763 2554 infelix
783 2510 838 2554 est:
857 2515 925 2564 non,
944 2507 976 2550 ut
995 2500 1055 2570 ipse
1071 2499 1146 2563 vult,
1165 2506 1289 2568 propter

130 2581 259 2619 amorem
278 2569 328 2621 sed
351 2579 473 2640 propter
496 2580 605 2625 tantam
632 2572 803 2626 insaniam.“
831 2564 898 2625 cod.
919 2573 993 2625 Mon.
1013 2567 1039 2624 1.
1066 2562 1119 2623 Nil
1135 2586 1189 2640 pro
1207 2561 1313 2622 niiit'

129 2637 220 2691 Marb.
237 2636 336 2706 protei
353 2657 407 2710 pro
423 2643 509 2708 prode
527 2648 561 2709 et,
582 2644 657 2696 Gud.
677 2646 704 2698 2.
722 2644 844 2712 probet
862 2647 893 2694 et
911 2640 971 2706 ille,
998 2639 1029 2691 in
1049 2638 1121 2714 Aug.
1145 2631 1227 2694 Nati!
1242 2653 1289 2692 ne·
1397 2668 1402 2683 ι

130 2707 204 2761 rina.
221 2709 341 2776 probo.
366 2717 392 2762 et
410 2712 472 2765 ille:
499 2709 653 2767 ubi'habes
680 2714 909 2767 emendationem
933 2727 991 2764 non
1015 2708 1206 2764 neeessariam
1223 2724 1289 2763 cora

135 2780 273 2844 rectoris3
292 2781 348 2834 duo
367 2782 437 2835 Oxx.
456 2781 530 2837 niiii
544 2787 639 2839 neriae
654 2784 748 2854 probe.
767 2790 794 2837 et
812 2785 869 2837 ille.
908 2783 967 2836 Mr.
1004 2784 1007 2788 ’

116 2879 132 2889 ·
203 2868 293 2922 Probe
316 2877 343 2923 et
366 2870 433 2937 ille]
470 2872 628 2926 Attendere
655 2890 706 2943 nos
731 2874 811 2926 iubet
837 2873 883 2925 Or.
913 2870 959 2937 (ad
975 2861 1083 2926 Wolfii
1106 2867 1228 2933 scholas)
1252 2864 1289 2931 ad

131 2938 321 3008 scriptionem
339 2946 372 2992 et
391 2941 450 2994 iile.
487 2943 636 2995 Nimirum
654 2944 724 2998 haec
741 2943 858 3008 locutio,
878 2941 911 2995 ab
938 2941 997 3008 iis,
1011 2941 1062 3012 qui
1081 2944 1107 2993 el
1126 2956 1179 3010 pro
1199 2939 1288 2993 eiiam

130 3026 149 3061 0
167 3008 306 3063 Cicerone
330 3027 444 3081 quoque
469 3013 527 3065 dici
550 3015 736 3079 contendunt,
763 3023 797 3066 ut
822 3014 882 3067 eius
904 3028 971 3065 usus
996 3011 1159 3080 exemplum
1185 3003 1287 3062 afferri

129 3077 236 3150 possit;
257 3081 289 3132 ab
309 3081 344 3132 iia
362 3098 440 3148 vero,
461 3083 513 3152 qui
530 3085 600 3138 talia
618 3086 650 3136 in
668 3082 848 3138 anacoluthis
865 3090 986 3154 ponunt,
1013 3087 1055 3147 ut,
1079 3092 1144 3133 cmn
1162 3096 1287 3154 pergere

101 3212 105 3218 ι
129 3150 260 3204 voluerit
279 3150 381 3205 Cicero
400 3153 431 3204 in
449 3171 528 3229 seqq.
547 3155 617 3209 item
636 3161 661 3208 et
680 3155 727 3209 ille
744 3174 773 3208 v.
793 3154 839 3207 laic
856 3154 905 3206 vel
918 3152 1067 3217 similiter,
1086 3150 1288 3203 immutaverit

131 3228 318 3287 structuram,
338 3223 442 3289 abhis,
462 3224 590 3293 inquam,
607 3225 664 3278 hoc
683 3243 797 3296 quoque
814 3227 878 3279 loco
901 3225 959 3278 tale
984 3221 1175 3289 anacoluthon
1199 3235 1288 3292 agno-

131 3299 238 3346 scetur.
276 3292 311 3345 ln
330 3292 376 3347 his
395 3302 438 3345 est
457 3294 523 3347 Otto
541 3296 575 3349 ad
594 3294 655 3350 Cic.
674 3296 709 3350 de
727 3298 812 3352 Finn.
832 3314 860 3365 p.
880 3297 942 3351 381.
960 3293 992 3346 in
1010 3288 1142 3346 Excursu
1159 3292 1194 3346 da
1211 3288 1288 3345 Anas
1380 3345 1384 3351 .

132 3361 259 3487 qplqthis
285 3359 361 3486 aqud
383 3359 560 3423 Ciceronem.
598 3364 653 3420 Ille
675 3364 943 3433 verm-„videtum
968 3365 1018 3430 ait,
1043 3363 1208 3487 lsqendum-
1226 3377 1287 3416 0³⁵⁹

158 3450 188 3485 ro
207 3449 221 3484 e
239 3433 298 3486 cti

133 3504 209 3556 Nam
227 3504 276 3557 ille
293 3505 373 3558 nihil
390 3505 485 3571 hahet,
505 3525 554 3560 cm
572 3525 617 3561 res
639 3509 750 3573 endem,
771 3510 874 3562 Omnes
892 3525 990 3560 versus
1008 3507 1042 3558 de
1061 3522 1118 3559 uno
1137 3512 1236 3580 agunt,
1257 3504 1288 3557 et

132 3574 238 3626 similis
256 3583 298 3627 est
316 3577 407 3630 oratio
426 3587 459 3629 ut
476 3579 578 3631 Tusce.
598 3527 649 3636 lil.
663 3584 714 3637 13.
734 3583 783 3637 28:
806 3580 861 3639 ,Εο
879 3576 930 3632 loc
953 3584 986 3631 et
1004 3577 1017 3631 i
1023 3573 1070 3630 llo
1088 3574 1149 3629 iure
1167 3575 1289 3645 lauden·

134 3651 199 3697 ture
223 3643 272 3695 ubi
291 3648 482 3711 anacoluthon
508 3659 606 3704 ortum
633 3660 675 3704 est
694 3670 729 3705 ex
746 3653 795 3717 iis,
824 3667 895 3721 quae
914 3649 1087 3720 interposuit
1105 3647 1140 3699 ad
1162 3646 1216 3699 dili
1239 3663 1290 3699 en·-
1311 3706 1314 3713 Ι

133 3714 241 3766 tiorem
260 3714 496 3784 explicationem:
529 3738 601 3792 quae
628 3722 653 3774 si
674 3722 870 3785 omitteretur,
894 3721 1014 3774 dixisset
1032 3724 1067 3772 et
1092 3713 1175 3772 illas
1241 3733 1289 3769 am

134 3784 183 3854 qai
206 3777 274 3837 laec
299 3787 375 3838 etc.“
411 3789 553 3842 Videntur
574 3800 671 3845 autem
695 3796 722 3847 et
746 3793 800 3847 illa
821 3794 850 3845 le
872 3792 937 3858 isse,
967 3791 1018 3860 qui
1042 3789 1209 3861 nuperrime
1235 3788 1318 3852 ¹10³..

135 3855 225 3924 libros
244 3857 416 3910 Germanice
435 3870 651 3930 converterunt,
670 3866 793 3919 Kornius
812 3870 841 3917 et
851 3811 1079 3927 {alsemannum
1098 3872 1222 3930 quorum
1235 3860 1289 3913 illo

321 3435 373 3499 le,
393 3435 473 3506 quasi
490 3454 613 3521 pergere
625 3437 762 3494 voluisset
781 3445 813 3491 et
830 3426 918 3502 illei
939 3436 986 3503 Te,
1005 3434 1078 3503 Apol
1088 3452 1104 3485 0
1121 3429 1220 3488 cancie
1230 3441 1286 3495 etc.

133 3926 240 3978 vertiti
260 3926 331 3978 Gut
350 3929 439 3980 auch
458 3929 619 3997 das,hici
647 3934 747 3989 Aueh
772 3937 836 3988 das
855 3936 905 3988 ist
932 3932 1157 4055 verst'indiq.
1194 3929 1290 3983 Biicha

136 3996 380 4079 lingiusbcontra:
401 3996 610 4055 Sehrwahr
628 4007 786 4088 geredet.
805 4004 899 4058 Aber
917 3996 1002 4057 eben
1019 4021 1054 4056 so
1072 4016 1124 4058 wa
1154 4019 1170 4054 r
1187 4002 1295 4076 frigt-
1317 4062 1320 4069 ¹

135 4066 349 4132 auch1ener
373 4068 488 4140 [Amwt-
517 4068 686 4140 Nemlieh
712 4077 793 4130 eine
811 4079 943 4129 Person
968 4075 1006 4126 in
1028 4068 1161 4144 diesem
1179 4074 1291 4124 hust-

136 4138 271 4207 spiele‚
307 4133 449 4194 welche
467 4142 532 4195 den
557 4145 782 4200 thiiriehten
806 4146 992 4222 diingling
1010 4143 1214 4211 ausiilnte.]
1251 4144 1292 4195 Et

136 4217 216 4261 recte
241 4203 300 4262 hic.
337 4211 464 4286 Egone
488 4213 538 4266 lon
560 4235 592 4268 us
619 4217 673 4269 sim
697 4219 729 4279 in
756 4234 788 4272 re
813 4219 981 4288 nuperrime
1007 4207 1132 4277 multum
1158 4221 1291 4279 tractata,

136 4278 255 4334 laudabo
283 4282 366 4334 modo
392 4283 497 4339 Handii
522 4233 721 4341 thrsellinum
743 4290 781 4345 11.
810 4306 838 4358 p.
859 4290 1027 4353 att-54⁰,
1061 4288 1143 4348 cuins
1175 4302 1243 4359 egre
1265 4285 1294 4336 ia
1319 4285 1321 4289 ’

135 4349 221 4419 plane
241 4361 282 4404 est
301 4352 335 4404 de
354 4354 498 4421 particula
520 4362 547 4408 et
570 4357 733 4428 disputatio.
769 4356 909 4412 Nostrum
931 4346 1030 4411 ldcum
1053 4357 1171 4432 attingit
1214 4393 1220 4406 .
1241 4303 1294 4411 gn

136 4436 179 4489 tq·
199 4438 227 4472 ¹1·
249 4426 289 4478 10.
325 4424 396 4493 ¹Adel
426 4442 498 4496 quae
526 4426 561 4480 ad
586 4429 705 4482 initium
732 4446 793 4500 cap.
813 4447 871 4500 seq.
898 4438 996 4483 monet
1015 4430 1064 4482 Or.
1092 4437 1122 4482 et
1146 4373 1241 4482 latin.
1260 4424 1296 4491 ad

166 4549 246 4595 cicero
261 4552 325 4598 Tuae.
339 4555 408 4613 Dian.
426 4558 460 4601 cd.
475 4557 560 4604 Moser.
576 4557 602 4605 Τ.
619 4555 655 4603 11.
1004 4534 1048 4600 29
