2842 5070
556 295 728 361 alane·
741 242 804 372 ut,
823 296 875 365 at.
934 255 966 277 ”
1116 370 1123 389 ,
1249 299 1311 368 ser

157 464 296 547 bissimo
313 464 572 546 'miserrimoque
593 464 781 546 spectaculo
804 464 869 526 sibi
881 464 1050 541 timerent,
1062 462 1198 546 quodse
1210 463 1312 528 classe

159 549 306 613 hostium
334 549 553 610 circumfusos
579 547 744 619 viderent,
774 546 858 607 nihil
884 545 973 608 aliud
989 555 1072 613 ‚tum
1099 549 1216 632 egisse,
1245 549 1312 610 nisi

159 640 200 692 ut
219 632 362 716 remiges
382 630 611 698 hortarentur,
640 637 675 690 et
704 638 743 690 ut
762 629 903 690 salutem
928 627 1196 710 adipiscerentur
1218 632 1312 713 mgax
1366 656 1370 664 ·

159 722 374 796 posteaquam
403 711 535 792 Tyrum
567 710 747 787 venissent,
772 711 776 733 ‘¹
785 714 858 772 tum
889 712 1045 772 afflictari
1073 710 1395 820 lamentariquel’ffffi·

121 917 124 920 -
159 881 237 934 unde
253 889 426 956 propagatus
450 888 492 934 est
516 896 600 934 error
624 880 679 934 iste
698 881 730 934 in
747 877 1317 949 Edd.Em.A1t.Verb.Bip.Mannh.·
1392 894 1394 899 ·

160 953 268 1006 Vocem
285 951 496 1020 miserrimoque
514 952 655 1004 ornittunt
674 952 760 1006 Codd.
778 952 875 1008 Duisb·
896 950 969 1003 Gne.
990 953 1015 1004 2
1042 949 1108 1004 cod.
1128 949 1201 1024 Aug.
1227 951 1314 1005 habet

161 1021 308 1091 ipsoque
331 1022 503 1074 miserrimo.
533 1023 615 1074 tunt.
642 1021 812 1087 miserrimo,
843 1022 944 1074 omisso
972 1037 1032 1089 qne.
1064 1021 1139 1077 Mon.
1159 1023 1185 1077 2.
1213 1022 1313 1075 timere

161 1109 216 1163 pro
234 1096 371 1147 timerent.
410 1093 535 1146 Classem
554 1091 676 1146 bostium
703 1093 838 1167 intellige
857 1090 1071 1159 Aegyptiarum.
1109 1092 1171 1147 Mr.

232 1164 303 1231 quod
328 1168 359 1216 'ee
383 1163 472 1216 classe
490 1161 614 1216 hostiurn
632 1163 814 1229 circumfusos
833 1160 987 1227 nidenan]
1024 1161 1127 1227 „Febr
1147 1161 1314 1216 circumclu-

123 1271 126 1277 -
160 1231 239 1286 soa.“
258 1231 340 1290 (teet.
378 1235 421 1287 lta
444 1235 533 1286 etiam
556 1234 622 1287 Cod.
650 1233 746 1285 Duisb.
784 1234 819 1284 ln
842 1235 921 1284 Mon,
936 1234 963 1286 2.
989 1241 1031 1285 est
1049 1235 1222 1297 nrcnmfnso.
1259 1235 1313 1286 Pro

160 1309 220 1356 amn
243 1311 285 1356 est
308 1320 369 1356 com
393 1305 426 1355 in
448 1320 507 1356 uno
526 1306 575 1358 Ox.
610 1303 723 1374 ¹Scripsi
737 1321 814 1356 *eum
836 1303 905 1354 Dav.
933 1302 1014 1356 aliod
1038 1309 1104 1368 tom,
1133 1320 1199 1355 cum
1223 1303 1314 1377 vulgo
1335 1325 1342 1338 ⁸

160 1373 263 1426 'edatur
281 1382 339 1427 tam
358 1375 448 1439 aliod,
479 1374 548 1444 quia
571 1376 612 1426 ita
628 1375 745 1427 videtur
768 1391 826 1427 esse
848 1373 879 1424 in
897 1372 964 1426 God.
984 1373 1024 1425 Re
1047 1409 1065 1438 .,
1089 1390 1165 1425 ,cum
1193 1373 1315 1426 eundem

160 1442 262 1498 lrabeat
282 1445 413 1498 ordinem
424 1445 505 1510 Gud.
528 1448 552 1499 l.
588 1445 669 1502 Idem
688 1455 731 1497 est
749 1445 780 1496 in
799 1444 873 1496 Gud.
893 1446 919 1499 2.
940 1390 1108 1516 abundium
1127 1443 1224 1495 Duisb.
1245 1443 1314 1506 (nisi

160 1515 239 1584 qood
255 1514 306 1568 hic
324 1515 409 1568 babet
428 1521 518 1568 tantan
536 1531 589 1585 pro
608 1515 678 1579 tum)
696 1515 783 1570 Marb.
802 1512 861 1565 Ed..
876 1515 905 1565 Ρ.
943 1513 1019 1564 Tum
1039 1529 1113 1564 unus
1132 1514 1182 1567 Ox.
1203 1515 1315 1566 omittit

121 1639 123 1642 ,
160 1585 228 1638 nist.
248 1586 336 1638 Marb.
355 1584 441 1638 babet
458 1585 518 1638 niet
534 1584 594 1642 nti.
614 1585 687 1638 Gud.
713 1584 836 1650 remiget
863 1583 1040 1636 citarentur
1063 1588 1089 1635 et
1114 1584 1225 1636 solum
1251 1584 1314 1637 adi-

156 1655 332 1723 piscerentur
357 1657 437 1723 fogo⁸¹
483 1657 518 1708 ln
541 1671 599 1708 uno
621 1655 671 1710 Ox
697 1663 740 1709 ast
763 1661 831 1708 tum
859 1650 930 1706 bort.
959 1652 992 1704 in
1015 1651 1071 1706 alio
1099 1670 1166 1706 cum
1192 1653 1267 1706 Gud.
1286 1656 1313 1709 2.

160 1726 360 1786 crnittituret.
398 1727 459 1780 Mr.
998 1728 1001 1733 '
1334 1736 1336 1741 ·

205 1796 413 1864 senosanam
431 1796 545 1864 Tyrum
561 1794 713 1860 tenorent]
750 1796 794 1849 lta
819 1795 936 1864 quidem
953 1793 1079 1847 Codices.
1116 1792 1155 1846 At
1173 1793 1225 1846 alii
1243 1794 1314 1847 scri·

159 1873 258 1936 pterea
277 1864 408 1935 Cyprum
425 1864 541 1929 dicunt,
574 1873 607 1916 ut
632 1867 728 1918 forsan
752 1866 805 1917 illa
819 1881 883 1917 xvox
906 1872 936 1917 et
958 1863 1014 1916 boc
1037 1865 1069 1916 in
1085 1863 1151 1920 loco
1174 1865 1212 1917 sit
1229 1880 1314 1936 repo·

160 1937 263 1997 nenda,
300 1936 373 2057 vige
395 1935 494 1988 virum
517 1934 716 1987 doctissimum
738 1936 816 1988 Patr.
839 1934 1060 2008 Wesselingum
1084 1934 1199 1987 Observ.
1225 1937 1311 2000 t,13.
1363 1965 1366 1972 ·

160 2023 217 2081 pag
230 2084 409 2145 posteaquam
438 2076 542 2146 Tyrum
564 2074 717 2142 ventarent]
743 2073 931 2161 wesseling.
959 2075 1024 2129 loco
1055 2093 1072 2128 a
1100 2061 1170 2131 Dav.
1195 2074 1314 2128 laudato

159 2147 256 2213 „Non‚
275 2147 325 2213 ait,
345 2147 458 2215 Tyrum
476 2148 594 2200 atcaede
612 2145 741 2218 Pompeii
761 2145 821 2199 eius
840 2155 959 2201 cornites
976 2148 1158 2220 refugerunt.
1187 2145 1314 2198 Profecti

159 2217 277 2270 suerent
295 2235 331 2270 ex
349 2217 443 2270 insula
525 2234 566 2283 ro,
586 2234 724 2288 quorsum
741 2216 776 2269 de
793 2216 955 2270 Pharsalica
977 2216 1056 2269 clade
1075 2216 1227 2285 Pompeius
1244 2217 1314 2338 ἔαξε

161 2303 191 2339 se
209 2295 367 2358 receperat.
387 2288 446 2341 Cic.
466 2290 485 2340 P
509 2288 541 2339 il.
560 2287 599 2344 11.
621 2290 663 2343 te.
689 2295 718 2340 et
736 2288 765 2338 Ρ.
786 2287 899 2339 Orosius
922 2285 954 2339 L.
973 2288 1022 2339 v1.
1041 2288 1083 2341 15.
1121 2286 1232 2340 Eodem
1248 2305 1315 2338 vu·

160 2358 277 2409 neribus
295 2358 409 2410 conciso
427 2361 540 2432 Magno,
559 2375 589 2410 se
609 2358 805 2426 contulerunt,
829 2357 892 2409 biv.
911 2357 1038 2428 Epitom.
1059 2357 1151 2412 CXII:
1181 2358 1315 2412 Cornelia

161 2442 235 2478 uror
253 2432 280 2479 et
299 2427 362 2480 See.
383 2426 528 2494 Pompeios
554 2428 697 2496 Cypron
713 2427 887 2494 refugerunt.
923 2428 1008 2480 Dices
1032 2437 1187 2497 utrumque
1211 2445 1315 2480 verum

162 2514 221 2550 esse
246 2497 383 2566 potuisse:
414 2498 509 2567 primo
533 2498 655 2567 Tyrum,
683 2497 750 2550 dein
775 2497 904 2566 Cyprum
927 2496 1113 2553 contendisse.
1149 2498 1215 2550 Non
1232 2514 1315 2568 prae·

161 2568 255 2619 fracte
274 2583 310 2620 ne
333 2567 453 2620 averim:
473 2570 731 2637 profectostamen
749 2583 808 2620 esse
826 2566 967 2619 addubito.
997 2568 1100 2637 Neque
1118 2568 1196 2619 enim
1213 2569 1315 2621 viden·

162 2645 214 2689 tur
231 2637 262 2688 in
280 2656 315 2690 ur
351 2656 379 2689 m
399 2639 574 2690 maritimam
592 2648 622 2692 et
638 2639 739 2692 dubiae
757 2637 835 2702 fidei,
854 2638 885 2688 in
904 2654 960 2706 qua
976 2637 1062 2690 facile
1081 2637 1209 2707 opprimi
1234 2647 1315 2706 pote-

163 2715 240 2773 rant,
257 2709 382 2761 voluisse
400 2717 561 2778 penetrare.
600 2709 685 2762 Certe
702 2708 801 2762 vereri
823 2708 968 2773 debebant,
994 2724 1031 2760 ne
1049 2707 1159 2772 Caesar,
1184 2705 1264 2759 c'uius
1283 2708 1315 2759 in

161 2778 245 2830 rebus
261 2778 388 2853 ,agendis
419 2779 597 2850 exploratam
622 2779 767 2832 habebant
779 2778 968 2845 celeritatem,
993 2777 1048 2828 sibi
1065 2778 1200 2830 terrestri
1217 2793 1316 2847 super-

161 2849 279 2912 ueniret
303 2849 442 2903 exercitu.
478 2851 552 2902 Nam
578 2850 720 2920 suspicari
744 2849 797 2916 six
818 2855 952 2918 poterant
978 2847 1061 2900 nullo
1083 2865 1119 2899 ne
1157 2847 1199 2900 tio
1223 2847 1314 2900 classe

161 2920 194 2970 L.
215 2917 304 2972 Cassii
331 2936 397 2971 euin
423 2937 482 2972 esse
505 2920 641 2988 potitum.
677 2919 826 2971 Dissuadet
850 2926 973 2988 quoque,
1002 2935 1038 2970 ne
1062 2933 1111 2970 cre
1132 2935 1177 2969 arn
1202 2918 1315 2987 Tyrum
1362 2919 1364 2922 ’

162 2989 327 3041 Corneliam
345 2989 530 3057 reliquosque
549 2990 668 3041 comites
685 3005 718 3041 re
772 2989 834 3052 isse,
858 2990 988 3040 Lucanus
1012 2989 1044 3040 L.
1064 2989 1114 3042 tx.
1132 2987 1208 3041 Belli
1227 2989 1313 3042 ciem

160 3077 190 3114 v.
211 3063 271 3112 tlt.
290 3057 340 3109 ubi
357 3057 486 3121 denari,
505 3076 561 3126 qua
577 3067 661 3110 vecta
680 3055 726 3110 est¹
764 3058 874 3112 ornelia
891 3059 1032 3127 Pompeii,

210 3148 216 3154 ¹
256 3159 260 3175 .
303 3125 537 3194 :Primpratem
555 3127 694 3196 Cypros
717 3127 910 3196 spumantibus
930 3127 1035 3194 accipit
1053 3126 1148 3180 undis.

160 3195 344 3267 Quapropter
374 3198 398 3248 si
429 3198 481 3266 qui
499 3197 639 3251 Codices·
655 3198 829 3263 addicerent,
859 3196 952 3248 libens
978 3198 1099 3264 cyprum
1132 3212 1315 3266 reponerem,

161 3283 259 3335 eaque⁴
280 3267 393 3321 ratione
417 3268 587 3320 Ciceronem
613 3283 679 3320 cum
702 3268 826 3335 reliquis
849 3267 881 3318 in
909 3267 1090 3318 concordiam
1118 3267 1182 3319 redi
1205 3266 1316 3319 erem.“

159 3336 339 3395 Assentiebat
365 3337 467 3403 Βοιὼ,
495 3339 536 3392 ita
557 3347 665 3404 tamen,
692 3346 726 3390 ut
753 3337 831 3389 nihil
855 3344 967 3388 mutare
995 3335 1122 3389 auderet.
1168 3284 1317 3391 riissenius
1392 3338 1393 3345 ’

161 3409 300 3476 ,‚Tyrnm,
319 3408 369 3471 ait,
389 3409 543 3461 molestum
561 3409 736 3477 quibusdam,
756 3409 832 3477 quod
850 3407 974 3475 Cyprum
988 3407 1098 3460 venisse
1117 3406 1231 3458 aliunde
1249 3423 1317 3459 con-

161 3486 228 3531 stet.
266 3477 297 3531 Si
322 3479 392 3532 falsa
415 3480 462 3541 sit,
490 3480 688 3549 rescripserim
713 3478 745 3532 t'n
768 3477 887 3530 totum.“
923 3479 1079 3530 Hoc-vero
1105 3485 1147 3529 est
1163 3477 1314 3530 hariolari.

160 3547 210 3600 Cr.
229 3564 298 3601 vero
317 3550 352 3600 ad
370 3549 477 3606 Wolfii
495 3550 605 3602 scholas
630 3558 660 3602 et
684 3550 744 3618 ipse
762 3546 918 3605 Wolfius?
938 3560 1017 3613 „snon
1040 3555 1120 3599 certa
1138 3555 1180 3602 est
1197 3547 1317 3602 Wesse·

161 3616 251 3691 bingii
270 3620 439 3684 assentatio,
462 3629 495 3670 ut
521 3621 630 3672 multae
650 3619 788 3673 eiusmodi
814 3617 1024 3671 emendationes
1041 3617 1205 3669 historicae.
1243 3617 1317 3681 Quid
1352 3610 1360 3633 χ

162 3688 239 3756 quod
257 3684 323 3756 ipse‘
335 3689 548 3760 Wesselingius
566 3685 601 3749 id
619 3689 798 3756 Herodotum
818 3707 846 3758 p.
868 3691 927 3743 223.
948 3705 1010 3740 eam
1027 3687 1215 3740 retractavit?
1250 3688 1317 3739 Non

161 3757 230 3809 satis
249 3766 316 3808 nota
335 3765 376 3809 est
393 3758 442 3809 via
460 3760 544 3832 fugae
553 3777 663 3825 eorum,
682 3777 776 3829 neque
789 3775 845 3827 quo
857 3768 972 3812 auctore
983 3759 1085 3811 Cicero
1102 3756 1158 3809 hoc
1176 3756 1317 3810 referat.“

162 3827 252 3880 Possit
269 3825 364 3877 videri
391 3828 525 3881 accedere
550 3833 707 3884 aucteritas
725 3828 918 3883 emendationi
936 3826 1187 3902 Wesselingianae
1210 3828 1317 3881 codicis

161 3895 394 3948 Marb.'lectione
418 3897 451 3947 in
468 3907 586 3965 quaest
605 3900 738 3968 Tynetem.
774 3901 862 3965 Quam
880 3899 967 3952 facile
987 3900 1094 3952 Coum
1115 3898 1145 3949 Τ.
1167 3906 1196 3950 et
1211 3915 1232 3966 p
1250 3917 1317 3952 curn

162 3981 182 4019 n
200 3973 414 4033 permutentur,
433 3982 517 4019 nemo
534 3970 636 4034 nescit,
664 3973 715 4038 qui
738 3979 851 4024 veteres
877 3969 965 4023 libros
983 3969 1112 4023 manibus
1131 3968 1224 4021 trivit.
1262 3969 1318 4023 Sed

162 4035 241 4088 salva
259 4051 304 4087 res
322 4042 373 4087 est.
410 4034 584 4089 Defenditur
609 4039 752 4092 librorum
773 4039 954 4093 lectio'loeo
977 4040 1079 4093 Dionis
1104 4038 1201 4103 Cassii,
1229 4057 1317 4108 quem
1368 4075 1370 4078 -

160 4105 313 4177 nobiscum
335 4107 559 4158 communicavit
584 4107 754 4173 Schucbius,
781 4110 814 4162 L.
832 4109 920 4163 XLII.
946 4127 975 4177 p.
996 4112 1058 4165 234.
1082 4109 1116 4161 D.
1136 4107 1244 4174 [estin
1261 4111 1315 4163 Ed.

163 4174 332 4230 Leunclavii
357 4174 551 4230 Wecbeliana
576 4195 604 4246 p.
624 4181 687 4234 228.
712 4178 759 4243 Α.]
785 4177 836 4229 ubi
858 4178 894 4230 de
921 4179 998 4232 Iulio
1023 4180 1141 4232 Caesare
1167 4180 1315 4233 scribitur:

160 4249 196 4299 nai
213 4262 241 4299 aa
260 4243 428 4315 inadipatis
451 4250 503 4300 τοῦ
527 4244 558 4300 in
575 4252 608 4318 τῇ
629 4242 708 4317 Τύρῳ
726 4244 888 4316 Ἡρακλέους
912 4246 1003 4303 πάντα
1026 4245 1154 4316 ἀνείλετο,
1181 4251 1235 4304 ὅτι
1257 4243 1318 4316 τήν

162 4332 198 4442 pe
221 4312 540 4441 ravaiapaaatsdr
561 4317 676 4371 naida
699 4319 761 4372 sci
785 4317 971 4385 flopnp'tav'
993 4316 1230 4383 ὑπεδέξαντο,
1257 4319 1316 4375 dae

167 4403 307 4458 ‚pvyotn
382 4402 416 4439 rs
