2842 5070
190 318 235 384 84
395 312 627 395 CICERONIS·
642 312 889 378 TUSCULAN.
907 312 1142 376 ntorum.
1173 389 1175 393 y

314 478 449 543 Iatinon
471 479 616 556 infuscat
636 477 750 559 pectus
772 477 883 541 illuvie
904 478 1057 565 scabrum.

190 563 285 626 Haeo
306 563 401 641 mala,
424 584 444 624 o
467 563 660 625 stultissime
680 562 795 638 Aeeta,
824 564 895 642 ipse
916 562 979 621 tibi
993 557 1175 621 addidisti:
1205 577 1272 620 non
1294 561 1347 622 in·
1377 620 1378 623 ,

191 654 287 707 erant
309 646 344 705 in
368 647 421 722 iis,
445 663 527 725 quae
547 645 611 705 tibi
633 663 727 706 casus
749 646 933 715 invexerat,
957 651 990 705 et
1007 641 1138 724 quidem
1158 644 1346 704 inveterato

133 823 136 833 '
191 834 324 892 ventes,
344 834 377 878 ut
396 826 431 878 ad
448 841 536 900 genus
555 827 707 879 referatur.
727 858 760 870 .-
788 825 860 877 Eam
885 826 980 899 igitur
1002 823 1160 876 lectionem
1187 807 1279 872 malui
1302 828 1346 874 te-

191 906 297 953 statam
323 896 503 969 relinquere,
532 915 617 966 quam
643 898 761 956 tacitam
794 897 965 967 praeterire.
1008 896 1098 962 Atque
1123 900 1236 955 autem,
1270 892 1347 960 quod

189 986 260 1022 mox
280 968 399 1036 exeipit,
420 968 519 1037 priore
539 968 585 1019 sui
604 968 715 1036 syllaba
733 968 902 1020 absorbetur
920 986 935 1018 a
955 966 1013 1017 fine
1032 963 1194 1037 antegressi
1213 961 1346 1016 versus.“

87 1017 89 1021 Ι
125 1050 131 1055 “
193 1039 333 1092 Turnebus
351 1038 521 1090 Adversarr.
541 1041 585 1103 27,
606 1041 632 1093 6.
653 1071 683 1080 —
704 1037 774 1091 Dav.
795 1040 827 1090 in
846 1037 900 1089 Ed.
920 1041 946 1092 2.
973 1031 1053 1088 dedit
1076 1041 1140 1103 post
1166 1050 1266 1101 genua,
1290 1049 1346 1102 pro
1372 1073 1375 1075 .

190 1112 247 1164 situ
265 1107 388 1173 nidoris,
407 1109 534 1161 Bentleii
554 1109 750 1163 coniecturam
772 1110 889 1162 Titinnit
909 1109 1001 1161 uarie:
1032 1123 1111 1158 suam
1130 1112 1225 1157 tamen
1245 1105 1276 1155 in
1295 1122 1346 1156 an-

134 1204 138 1215 s
190 1181 340 1234 notatione
359 1179 445 1234 addit.
457 1178 518 1232 situ
538 1179 574 1231 'at
592 1181 621 1232 in
641 1193 703 1235 ore.-
723 1197 796 1250 quae
814 1180 910 1248 placet
929 1177 1094 1230 Bouhierio.
1132 1176 1187 1226 llic
1206 1190 1277 1228 vero
1295 1192 1348 1227 ne·

191 1268 248 1320 que
270 1249 400 1303 Tu'rnebi
427 1250 520 1301 codici
544 1250 696 1302 admodum
725 1250 855 1315 confidit,
892 1258 920 1302 et
942 1265 1044 1300 vocem
1072 1261 1228 1311 exsangues
1259 1262 1347 1298 versu

190 1320 380 1391 praecedente
400 1321 457 1371 iam
477 1318 562 1385 idem,
584 1321 658 1389 quod
678 1321 735 1373 situ
755 1321 880 1384 liventes,
901 1320 1066 1395 significare
1085 1325 1190 1370 monet.
1230 1318 1291 1371 Mr.
1340 1374 1341 1379 ,

262 1391 324 1444 situ
342 1390 468 1456 nidoris]
507 1390 578 1456 Quid
599 1392 653 1444 sibi
672 1392 766 1445 velint
786 1409 817 1443 ea
834 1391 931 1454 verba,
952 1391 1056 1442 nescio.
1094 1386 1239 1441 Nonnulli
1259 1386 1347 1452 Codi-

175 1477 239 1515 oes
258 1461 317 1513 situ
337 1464 460 1523 liventes,
488 1470 522 1513 ut
540 1461 575 1514 ad
593 1479 681 1536 genas
700 1465 884 1528 referentum
910 1466 997 1531 prout
1021 1459 1106 1512 testis
1133 1465 1177 1510 est
1194 1456 1345 1510 Turnebus

191 1532 312 1585 Advers.
332 1532 429 1593 XXVI,
453 1533 478 1585 6.
506 1532 575 1607 Reg.
606 1531 753 1586 Pithoean.
781 1533 853 1600 Med.
883 1541 913 1585 et
937 1530 1005 1584 Bak.
1030 1530 1084 1582 situ
1114 1530 1224 1591 aitaris.
1261 1528 1346 1580 Unde

191 1603 383 1672 reposuerim,
403 1602 459 1654 situ
477 1602 511 1654 'at
529 1605 559 1657 in
579 1619 636 1662 ore,
656 1619 712 1672 quo
733 1604 863 1671 squallor
885 1601 1011 1654 foetidus
1031 1600 1193 1653 denotetur.
1232 1598 1276 1651 cl.
1296 1617 1347 1650 au·

185 1681 250 1728 tem
268 1673 419 1726 Bentleius
439 1671 523 1747 legit,
555 1672 676 1726 Titianis
700 1676 794 1740 aurie3
822 1691 894 1744 quae
918 1673 1083 1725 coniectura
1106 1671 1225 1725 videtur
1248 1669 1346 1729 adm07

191 1745 260 1798 dum
278 1742 443 1812 probabilis.
481 1744 517 1796 Ι).
819 1793 822 1798 A

262 1812 324 1866 Situ
351 1813 472 1880 nidoris]
509 1815 684 1879 „Bentleius
708 1817 851 1892 corrigit:
893 1814 1012 1868 Titinnit
1035 1813 1133 1880 ouria,
1164 1811 1216 1864 alii
1247 1810 1343 1864 aliter.

190 1884 258 1938 Non
277 1891 320 1936 est
339 1884 423 1947 tanti,
443 1884 474 1937 in
493 1884 599 1939 talibus
619 1904 648 1940 se
668 1889 839 1956 torquereff
857 1887 924 1938 Era.
944 1886 1051 1938 lllirum
1071 1893 1150 1937 certe
1170 1882 1228 1936 viri
1247 1882 1346 1935 critici
1405 1890 1407 1894 “

190 1954 342 2008 iudicium.
389 1954 592 2019 ballemaunus
620 1958 732 2026 recepit
760 1957 816 2010 situ
840 1958 971 2010 liventes:
1002 1954 1059 2017 (se.
1080 1953 1197 2029 genast)
1222 1951 1344 2005 addens:

190 2025 263 2092 „Ita
290 2042 356 2078 oum
375 2024 503 2079 Turnebi
530 2025 607 2079 MSS.
634 2029 730 2103 regius
762 2029 923 2098 optimus.“
959 2023 1015 2082 Sed
1039 2043 1133 2093 neque
1160 2024 1194 2077 de
1217 2021 1345 2093 Turnebi

190 2095 269 2152 MSS.
288 2114 334 2150 res
354 2096 506 2148 admodum
526 2105 605 2150 certa
624 2107 676 2163 est,
696 2116 789 2168 neque
809 2100 936 2168 optimus
965 2098 1063 2171 regius
1084 2099 1124 2148 ita
1151 2093 1279 2148 exhibet.
1315 2093 1344 2145 ls

191 2168 355 2230 enimcum
375 2167 578 2236 antiquissimo
598 2169 670 2223 Gud.
692 2174 716 2223 l.
738 2172 865 2238 itemque
891 2168 965 2220 Gud.
985 2172 1011 2223 2.
1036 2165 1109 2241 Aug.
1138 2166 1227 2220 Marb.
1252 2160 1343 2216 Rehd.

190 2237 276 2294 Bern.
298 2236 353 2289 duo
373 2237 444 2289 Oxx.
464 2237 549 2291 babet
567 2239 684 2292 nitoris:
706 2247 737 2291 ut
755 2239 828 2291 mihi
847 2239 923 2290 illud
948 2238 1071 2302 liventes,
1094 2237 1177 2307 ¹quod
1200 2234 1345 2304 reperisse

192 2326 222 2362 se
241 2308 283 2359 ait
302 2309 389 2360 etiam
407 2306 542 2373 Ursinus,
568 2317 632 2362 oum
652 2309 771 2375 Orellio‚
791 2310 946 2372 correctio,
976 2325 1064 2376 eaque
1090 2306 1250 2380 ingeniosa,
1276 2304 1345 2357 Itali

192 2377 342 2431 cuiusdam
362 2377 453 2430 seculi
471 2379 528 2431 XV.
549 2396 610 2433 esse
630 2380 771 2434 videatur.
793 2380 868 2431 Gud.
888 2378 975 2433 habet
993 2378 1103 2442 niteris,
1131 2396 1205 2429 unus
1224 2376 1274 2428 Ox.
1300 2375 1345 2426 in-

192 2447 315 2512 decoris,
333 2467 407 2500 unus
426 2450 557 2515 mucoris,
576 2467 650 2502 unus
669 2455 795 2514 uictoris,
824 2453 898 2502 lllon.
919 2454 944 2505 2.
964 2449 1093 2512 interis,
1113 2447 1222 2517 reliqui
1246 2461 1344 2499 omnes

192 2518 315 2572 nidoris.
337 2517 459 2571 Bothius
478 2519 498 2570 1.
519 2538 543 2573 c.
562 2535 589 2589 ps
609 2524 669 2576 278.
691 2523 818 2574 coniecit
835 2521 919 2573 situm
937 2520 1001 2573 vide
1020 2524 1095 2574 oris.-
1115 2521 1192 2571 idem
1212 2517 1243 2568 in
1264 2534 1343 2586 seqq.

192 2589 304 2643 delevit
323 2596 411 2658 utque.
449 2588 523 2642 Rece
546 2598 632 2643 erunt
651 2590 767 2661 quidem
787 2592 862 2644 illud
887 2591 943 2643 situ
969 2591 1082 2643 liu-entes
1100 2587 1280 2643 FAWelfius
1306 2595 1344 2653 et,

192 2661 244 2730 qui
262 2668 328 2728 post
347 2678 411 2712 eum
430 2659 484 2712 hoa
503 2609 593 2714 libres
612 2663 774 2726 ediderunt,
794 2679 900 2716 omnes.
935 2661 1008 2715 lllihi
1026 2678 1096 2714 vero
1116 2662 1146 2712 in
1167 2659 1347 2729 optimorum

191 2730 334 2783 librorum
353 2731 488 2794 lectione,
509 2733 641 2800 quamvis
660 2735 813 2786 manifesto
832 2733 947 2796 vitiosa,
967 2732 1046 2784 aliud
1065 2729 1133 2801 quid
1152 2746 1218 2783 cum
1237 2728 1285 2780 Or.
1304 2728 1346 2781 la-

192 2809 255 2854 tere
280 2802 405 2853 videtur.
449 2800 540 2864 Quare
572 2818 631 2854 non
657 2805 741 2873 potui
763 2821 779 2855 a
803 2821 850 2855 me
872 2803 1040 2872 impetrare,
1075 2810 1117 2867 ut,
1149 2807 1266 2869 recepta
1293 2798 1346 2852 illa

191 2870 318 2923 lectione
336 2871 403 2939 plus
423 2888 508 2939 quam
528 2871 622 2936 dubia,
648 2874 754 2925 vulnus
773 2875 940 2946 obtegerem
963 2874 1072 2942 potius,
1099 2889 1186 2941 quam
1205 2886 1344 2923 sanarem.

190 2941 294 3010 Neque
314 2958 349 2993 ex
368 2940 434 2992 aliis
453 2942 630 2993 coniecturis
649 2943 747 3012 aliqua
766 2943 907 2996 eiusmodi
927 2951 978 3007 est,
1006 2951 1039 2994 ut
1063 2941 1347 3012 recipiendaqv‘idea-

192 3018 251 3066 tur.
282 3010 382 3076 'Quare
408 3027 462 3062 neo
486 3027 585 3064 moror
610 3011 740 3065 Nissenii
771 3016 980 3066 coniecturam.
1021 3015 1048 3065 ls
1075 3014 1152 3066 enim
1172 3011 1212 3064 ‘ad
1231 3027 1260 3060 v.
1288 3012 1346 3063 situ

192 3080 305 3136 nidoris
322 3080 406 3142 haec:
427 3080 529 3144 „Ordo
549 3090 604 3135 est:
633 3083 722 3135 Barba
741 3084 868 3152 paedore
882 3083 1003 3136 horrida
1022 3084 1147 3144 infuscat
1164 3088 1265 3151 peetus
1286 3097 1346 3134 sca·

190 3151 276 3204 hrum
300 3152 358 3203 situ
379 3151 494 3203 'nidoris
522 3160 609 3222 atque
628 3154 743 3206 intonsa
761 3155 876 3207 illuvie.
899 3153 956 3206 Sed
973 3158 1083 3208 intonso
1107 3152 1277 3206 ad'barbam
1294 3167 1347 3220 po·
1400 3163 1406 3177 ‘

101 3255 102 3258 =
191 3223 250 3275 tius
270 3221 456 3275 referendum
478 3222 603 3287 videtur.
641 3223 685 3276 Ita
709 3241 777 3277 vero
797 3226 854 3277 situ
873 3224 984 3276 nidoris
1008 3224 1082 3278 ferri
1105 3223 1226 3297 nequit:
1251 3221 1347 3291 placet

192 3301 288 3346 autem
307 3295 432 3344 maxime
450 3296 493 3347 sio
510 3291 621 3345 humido
640 3293 708 3346 oris.
740 3294 895 3364 ¹ln'pectuo
919 3295 1025 3346 ultima
1053 3295 1139 3347 litera
1163 3288 1346 3346 resecanda.“

191 3364 293 3432 Neque
312 3378 389 3414 nuno
408 3363 561 3432 quidquam
581 3363 678 3416 tribuo
698 3382 778 3418 meae
797 3366 989 3426 coniecturae,
1016 3383 1100 3434 quam
1120 3364 1191 3417 olim
1215 3363 1283 3425 feci,
1309 3361 1347 3414 Ei

148 3468 150 3475 κ
193 3431 224 3497 [i.
245 3449 269 3485 e.
288 3431 349 3496 hei]
369 3433 471 3484 tunaidi
488 3433 549 3486 oris
567 3435 655 3486 tarta
674 3443 727 3488 etc.
757 3435 808 3488 Ad.
829 3454 856 3491 r.
877 3435 935 3488 situ
953 3433 1013 3487 vid,
1034 3434 1061 3488 J.
1081 3436 1117 3486 H.
1138 3436 1218 3488 Voss.
1238 3432 1274 3486 ad
1291 3431 1347 3497 Tiss

190 3502 263 3556 bull.
284 3520 312 3572 p.
333 3505 394 3557 27⁰.
431 3504 491 3554 Mr.

262 3573 377 3626 intonsa
395 3573 514 3638 infuscat
533 3573 601 3640 ete]
619 3575 701 3629 Unus
720 3576 768 3629 Ox.
790 3577 913 3640 intenso,
934 3576 1008 3629 alius
1027 3575 1139 3631 vitiosa.
1160 3574 1226 3629 cod.
1242 3574 1343 3627 Duisb.

191 3643 311 3710 infusae.
332 3646 407 3696 lllon.
429 3644 454 3696 2.
475 3647 602 3711 offuscat.
624 3646 691 3699 Cod.
711 3665 785 3700 unus
805 3646 856 3698 Ox.
876 3647 907 3700 in
925 3647 1026 3701 lumine
1044 3663 1099 3716 pro
1121 3646 1225 3701 illuvie.
1254 3643 1345 3701 Rehd.

192 3723 222 3770 et
239 3714 311 3790 Aug.
332 3715 460 3767 scabrum
479 3733 523 3769 ua.
561 3718 701 3786 Sequitur
728 3719 760 3770 in
784 3717 875 3770 Rehd.
906 3725 957 3770 set
978 3716 1046 3769 boec
1067 3718 1153 3780 mola,
1178 3717 1210 3769 in
1236 3715 1345 3769 duobus

192 3784 352 3838 Oxused
377 3783 444 3838 baec
468 3791 554 3851 mola,
584 3806 659 3840 unus
675 3787 733 3842 ·0x.
763 3805 829 3840 cum
858 3790 932 3840 lllon.
955 3794 978 3844 l.
1010 3789 1166 3851 amittito,
1191 3785 1267 3839 alius
1294 3787 1344 3839 Ox.

191 3856 260 3909 duas
277 3871 361 3908 voces
380 3859 584 3913 astuitissime.
622 3860 751 3928 Pereunt
769 3860 842 3933 Aug.
862 3859 932 3911 Van.
954 3863 978 3912 1.
999 3862 1023 3913 2.
1050 3860 1125 3914 Mon.
1147 3863 1171 3914 l.
1192 3860 1219 3912 2.
1245 3857 1345 3909 Duisb.

189 3944 265 3978 unus
285 3926 334 3977 Ox.
355 3924 427 3978 Edd.
449 3927 528 3981 Junt.
549 3929 612 3980 Asc.
634 3928 658 3982 1.
678 3903 761 3992 bela,
782 3934 810 3982 et
830 3929 872 3980 sic
892 3931 979 3982 etiam
997 3929 1054 3984 lllS.
1074 3930 1106 3980 in
1124 3945 1217 4002 marg.
1236 3927 1301 3980 Ase‘.
1314 3930 1345 3992 23

189 4014 265 4048 unus
284 3996 334 4049 Ox.
354 3998 441 4049 Marb.
463 3998 583 4062 Gud.,u.
603 4002 668 4063 tota,
688 3999 762 4050 Gud.
783 3999 909 4053 ridicule
926 4007 1020 4067 poetu3
1033 4000 1115 4075 .Reg.
1136 4005 1207 4063 eota,
1226 3996 1300 4051 Gud.
1322 4003 1346 4054 l.

191 4074 280 4120 aeota.
319 4067 426 4121 Brutus
455 4086 520 4120 cum
547 4071 577 4119 in
604 4066 670 4122 cod.
698 4067 812 4137 Gryph.
838 4069 910 4121 item
930 4072 1086 4140 reperisset
1104 4077 1170 4133 tota,
1199 4068 1345 4121 coniecit:

189 4143 256 4190 tute:
276 4136 354 4189 haud
372 4139 494 4191 absone:
515 4139 564 4191 sed
583 4137 642 4191 alio
661 4139 770 4190 ducunt
789 4140 961 4210 scriptiones
980 4142 1051 4215 Reg.
1071 4148 1101 4194 et
1119 4139 1195 4194 Gud.
1215 4145 1241 4196 l.
1265 4139 1347 4205 Unus

144 4240 145 4243 =
190 4207 240 4264 Ox.
261 4225 315 4279 pro
335 4207 394 4276 ipse
411 4207 497 4260 habet
515 4211 616 4275 specie.
656 4209 715 4261 Mr.

259 4312 314 4348 non
332 4295 445 4416 inerqqn
464 4295 495 4347 in
515 4295 583 4362 iis]
624 4296 754 4367 Necpro
776 4298 939 4383 nonhabet
958 4299 1025 4352 Cod.
1051 4298 1150 4352 Duisb.
1179 4297 1246 4352 God.
1271 4297 1316 4351 Au

187 4365 275 4496 tlt
289 4372 564 4493 i‘?”s.²'i.‘i.⁶“vii
579 4367 674 4492 litt
691 4385 765 4493 'tt
782 4369 1243 4506 tutatttttfftttti:
1261 4367 1347 4494 dt:
