<?xml version="1.0" encoding="UTF-8"?>
<!DOCTYPE html PUBLIC "-//W3C//DTD XHTML 1.0 Transitional//EN"
    "http://www.w3.org/TR/xhtml1/DTD/xhtml1-transitional.dtd">
<html xmlns="http://www.w3.org/1999/xhtml" xml:lang="en" lang="en">
 <head>
  <title>
</title>
<meta http-equiv="Content-Type" content="text/html;charset=utf-8" />
  <meta name='ocr-system' content='tesseract 3.04.00' />
  <meta name='ocr-capabilities' content='ocr_page ocr_carea ocr_par ocr_line ocrx_word'/>
</head>
<body>
  <div class='ocr_page' id='page_1' title='image "./mtulliiciceroni00davigoog_0081.png"; bbox 0 0 2842 5070; ppageno 0'>
   <div class='ocr_carea' id='block_1_1' title="bbox 98 230 1049 355">
    <p class='ocr_par' dir='ltr' id='par_1_1' title="bbox 98 230 1049 355">
     <span class='ocr_line' id='line_1_1' title="bbox 98 230 1049 355; baseline -0.006 -8"><span class='ocrx_word' id='word_1_1' title='bbox 98 279 138 355; x_wconf 75' lang='lat' dir='ltr'><strong>a</strong></span> <span class='ocrx_word' id='word_1_2' title='bbox 177 300 179 303; x_wconf 89' lang='grc'><em>·</em></span> <span class='ocrx_word' id='word_1_3' title='bbox 253 299 257 306; x_wconf 96' lang='lat'>·</span> <span class='ocrx_word' id='word_1_4' title='bbox 292 230 529 344; x_wconf 35' lang='lat' dir='ltr'><strong>&#39;e1auu0nrs</strong></span> <span class='ocrx_word' id='word_1_5' title='bbox 551 274 1049 347; x_wconf 67' lang='lat' dir='ltr'><strong>TUSCULAMISPUTAT.</strong></span> 
     </span>
    </p>
   </div>
   <div class='ocr_carea' id='block_1_2' title="bbox 36 440 1253 937">
    <p class='ocr_par' dir='ltr' id='par_1_2' title="bbox 36 440 1253 937">
     <span class='ocr_line' id='line_1_2' title="bbox 97 440 1253 531; baseline 0.002 -26"><span class='ocrx_word' id='word_1_6' title='bbox 97 442 246 531; x_wconf 83' lang='lat' dir='ltr'><strong>gritudo:</strong></span> <span class='ocrx_word' id='word_1_7' title='bbox 271 452 306 504; x_wconf 89' lang='lat' dir='ltr'><strong>at</strong></span> <span class='ocrx_word' id='word_1_8' title='bbox 326 462 392 504; x_wconf 89' lang='lat' dir='ltr'><strong>non</strong></span> <span class='ocrx_word' id='word_1_9' title='bbox 414 443 533 510; x_wconf 81' lang='lat' dir='ltr'><strong>similis</strong></span> <span class='ocrx_word' id='word_1_10' title='bbox 553 443 790 528; x_wconf 77' lang='lat' dir='ltr'><strong>aegrotationis</strong></span> <span class='ocrx_word' id='word_1_11' title='bbox 813 449 863 503; x_wconf 87' lang='lat' dir='ltr'><strong>est</strong></span> <span class='ocrx_word' id='word_1_12' title='bbox 889 440 1007 523; x_wconf 81' lang='lat' dir='ltr'><strong>libido,</strong></span> <span class='ocrx_word' id='word_1_13' title='bbox 1030 461 1097 504; x_wconf 90' lang='lat' dir='ltr'><strong>nou</strong></span> <span class='ocrx_word' id='word_1_14' title='bbox 1131 445 1253 507; x_wconf 87' lang='lat' dir='ltr'><strong>immo-</strong></span> 
     </span>
     <span class='ocr_line' id='line_1_3' title="bbox 98 524 1250 609; baseline 0.002 -22"><span class='ocrx_word' id='word_1_15' title='bbox 98 530 214 595; x_wconf 84' lang='lat' dir='ltr'><strong>derata</strong></span> <span class='ocrx_word' id='word_1_16' title='bbox 246 526 385 602; x_wconf 83' lang='lat' dir='ltr'><strong>laetitia,</strong></span> <span class='ocrx_word' id='word_1_17' title='bbox 404 544 496 607; x_wconf 71' lang='lat' dir='ltr'><strong>‚quae</strong></span> <span class='ocrx_word' id='word_1_18' title='bbox 524 532 573 586; x_wconf 88' lang='lat' dir='ltr'><strong>est</strong></span> <span class='ocrx_word' id='word_1_19' title='bbox 605 524 757 604; x_wconf 87' lang='lat' dir='ltr'><strong>voluptas</strong></span> <span class='ocrx_word' id='word_1_20' title='bbox 783 525 889 585; x_wconf 87' lang='lat' dir='ltr'><strong>animi</strong></span> <span class='ocrx_word' id='word_1_21' title='bbox 911 524 1004 593; x_wconf 75' lang='lat' dir='ltr'><strong>‚elata</strong></span> <span class='ocrx_word' id='word_1_22' title='bbox 1033 532 1067 584; x_wconf 90' lang='lat' dir='ltr'><strong>et</strong></span> <span class='ocrx_word' id='word_1_23' title='bbox 1092 528 1250 609; x_wconf 79' lang='lat' dir='ltr'><strong>gestiens.</strong></span> 
     </span>
     <span class='ocr_line' id='line_1_4' title="bbox 36 604 1251 691; baseline -0.004 -17"><span class='ocrx_word' id='word_1_24' title='bbox 36 666 49 677; x_wconf 86' lang='grc'><strong>.,</strong></span> <span class='ocrx_word' id='word_1_25' title='bbox 97 608 172 691; x_wconf 76' lang='lat' dir='ltr'><strong>ipse</strong></span> <span class='ocrx_word' id='word_1_26' title='bbox 194 610 293 671; x_wconf 86' lang='lat' dir='ltr'><strong>etiam</strong></span> <span class='ocrx_word' id='word_1_27' title='bbox 324 615 432 669; x_wconf 86' lang='lat' dir='ltr'><strong>metus</strong></span> <span class='ocrx_word' id='word_1_28' title='bbox 461 626 529 667; x_wconf 89' lang='lat' dir='ltr'><strong>non</strong></span> <span class='ocrx_word' id='word_1_29' title='bbox 561 616 611 669; x_wconf 89' lang='lat' dir='ltr'><strong>est</strong></span> <span class='ocrx_word' id='word_1_30' title='bbox 632 606 755 672; x_wconf 70' lang='lat' dir='ltr'><strong>morbi,</strong></span> <span class='ocrx_word' id='word_1_31' title='bbox 771 604 949 666; x_wconf 86' lang='lat' dir='ltr'>admodum</span> <span class='ocrx_word' id='word_1_32' title='bbox 968 606 1108 683; x_wconf 80' lang='lat' dir='ltr'><strong>similis,</strong></span> <span class='ocrx_word' id='word_1_33' title='bbox 1137 628 1251 688; x_wconf 87' lang='lat' dir='ltr'><strong>quam-</strong></span> 
     </span>
     <span class='ocr_line' id='line_1_5' title="bbox 93 687 1251 774; baseline 0.001 -23"><span class='ocrx_word' id='word_1_34' title='bbox 93 695 192 773; x_wconf 80' lang='lat' dir='ltr'><strong>&#39;quatu</strong></span> <span class='ocrx_word' id='word_1_35' title='bbox 220 688 428 774; x_wconf 81' lang='lat' dir='ltr'><strong>aegritudini</strong></span> <span class='ocrx_word' id='word_1_36' title='bbox 456 697 507 751; x_wconf 88' lang='lat' dir='ltr'><strong>est</strong></span> <span class='ocrx_word' id='word_1_37' title='bbox 536 688 715 757; x_wconf 77' lang='lat' dir='ltr'><strong>finitimuss</strong></span> <span class='ocrx_word' id='word_1_38' title='bbox 746 687 803 748; x_wconf 89' lang='lat' dir='ltr'><strong>sed</strong></span> <span class='ocrx_word' id='word_1_39' title='bbox 825 689 974 768; x_wconf 79' lang='lat' dir='ltr'><strong>proprie,</strong></span> <span class='ocrx_word' id='word_1_40' title='bbox 1000 696 1039 748; x_wconf 88' lang='lat' dir='ltr'><strong>ut</strong></span> <span class='ocrx_word' id='word_1_41' title='bbox 1061 693 1251 772; x_wconf 80' lang='lat' dir='ltr'><strong>aegrotatio</strong></span> 
     </span>
     <span class='ocr_line' id='line_1_6' title="bbox 95 769 1252 856; baseline 0 -24"><span class='ocrx_word' id='word_1_42' title='bbox 95 773 132 839; x_wconf 85' lang='lat' dir='ltr'><strong>in</strong></span> <span class='ocrx_word' id='word_1_43' title='bbox 154 790 309 855; x_wconf 87' lang='lat' dir='ltr'><strong>corpore,</strong></span> <span class='ocrx_word' id='word_1_44' title='bbox 331 774 380 834; x_wconf 83' lang='lat' dir='ltr'><strong>sie</strong></span> <span class='ocrx_word' id='word_1_45' title='bbox 401 769 577 856; x_wconf 75' lang='lat' dir='ltr'><strong>aegritudo</strong></span> <span class='ocrx_word' id='word_1_46' title='bbox 605 772 645 835; x_wconf 39' lang='lat' dir='ltr'><strong>in.</strong></span> <span class='ocrx_word' id='word_1_47' title='bbox 672 772 793 847; x_wconf 82' lang='lat' dir='ltr'><strong>animo,</strong></span> <span class='ocrx_word' id='word_1_48' title='bbox 825 789 945 831; x_wconf 87' lang='lat' dir='ltr'><strong>nomen</strong></span> <span class='ocrx_word' id='word_1_49' title='bbox 974 769 1074 832; x_wconf 87' lang='lat' dir='ltr'><strong>habet</strong></span> <span class='ocrx_word' id='word_1_50' title='bbox 1101 792 1169 836; x_wconf 88' lang='lat' dir='ltr'><strong>nou</strong></span> <span class='ocrx_word' id='word_1_51' title='bbox 1199 793 1252 834; x_wconf 88' lang='lat' dir='ltr'><strong>se-</strong></span> 
     </span>
     <span class='ocr_line' id='line_1_7' title="bbox 96 850 1253 937; baseline -0.001 -21"><span class='ocrx_word' id='word_1_52' title='bbox 96 857 248 931; x_wconf 83' lang='lat' dir='ltr'><strong>iupaturn</strong></span> <span class='ocrx_word' id='word_1_53' title='bbox 269 852 436 917; x_wconf 87' lang='lat' dir='ltr'><strong>adolere.</strong></span> <span class='ocrx_word' id='word_1_54' title='bbox 479 853 613 914; x_wconf 86' lang='lat' dir='ltr'><strong>Doloris</strong></span> <span class='ocrx_word' id='word_1_55' title='bbox 641 852 740 913; x_wconf 84' lang='lat' dir='ltr'><strong>huius</strong></span> <span class='ocrx_word' id='word_1_56' title='bbox 761 850 868 936; x_wconf 87' lang='lat' dir='ltr'><strong>igitur</strong></span> <span class='ocrx_word' id='word_1_57' title='bbox 889 853 986 937; x_wconf 89' lang='lat' dir='ltr'><strong>origo</strong></span> <span class='ocrx_word' id='word_1_58' title='bbox 1017 853 1114 915; x_wconf 83' lang='lat' dir='ltr'><strong>nobis</strong></span> <span class='ocrx_word' id='word_1_59' title='bbox 1147 855 1253 936; x_wconf 85' lang='lat' dir='ltr'><strong>expli-</strong></span> 
     </span>
    </p>
   </div>
   <div class='ocr_carea' id='block_1_3' title="bbox 97 1037 1256 1943">
    <p class='ocr_par' dir='ltr' id='par_1_3' title="bbox 97 1037 1256 1943">
     <span class='ocr_line' id='line_1_8' title="bbox 169 1037 1255 1107; baseline 0.002 -15"><span class='ocrx_word' id='word_1_60' title='bbox 169 1048 197 1093; x_wconf 93' lang='lat' dir='ltr'><strong>at</strong></span> <span class='ocrx_word' id='word_1_61' title='bbox 223 1057 277 1094; x_wconf 89' lang='lat' dir='ltr'><strong>non</strong></span> <span class='ocrx_word' id='word_1_62' title='bbox 300 1039 408 1093; x_wconf 83' lang='lat' dir='ltr'><strong>similis</strong></span> <span class='ocrx_word' id='word_1_63' title='bbox 435 1037 658 1107; x_wconf 74' lang='lat' dir='ltr'><strong>aegrotationis]</strong></span> <span class='ocrx_word' id='word_1_64' title='bbox 696 1039 790 1105; x_wconf 70' lang='lat' dir='ltr'><strong>„titire</strong></span> <span class='ocrx_word' id='word_1_65' title='bbox 814 1039 927 1090; x_wconf 85' lang='lat' dir='ltr'><strong>variant</strong></span> <span class='ocrx_word' id='word_1_66' title='bbox 952 1039 983 1089; x_wconf 89' lang='lat' dir='ltr'><strong>in</strong></span> <span class='ocrx_word' id='word_1_67' title='bbox 1000 1037 1057 1093; x_wconf 85' lang='lat' dir='ltr'><strong>hoe</strong></span> <span class='ocrx_word' id='word_1_68' title='bbox 1076 1038 1143 1093; x_wconf 88' lang='lat' dir='ltr'><strong>loco</strong></span> <span class='ocrx_word' id='word_1_69' title='bbox 1162 1044 1255 1094; x_wconf 89' lang='lat' dir='ltr'><strong>nostri</strong></span> 
     </span>
     <span class='ocr_line' id='line_1_9' title="bbox 98 1109 1256 1179; baseline 0 -13"><span class='ocrx_word' id='word_1_70' title='bbox 98 1112 182 1169; x_wconf 80' lang='lat' dir='ltr'><strong>codd.</strong></span> <span class='ocrx_word' id='word_1_71' title='bbox 204 1110 324 1165; x_wconf 86' lang='lat' dir='ltr'>Secund.</span> <span class='ocrx_word' id='word_1_72' title='bbox 345 1109 496 1178; x_wconf 78' lang='lat' dir='ltr'><strong>aegritudo</strong></span> <span class='ocrx_word' id='word_1_73' title='bbox 515 1125 621 1162; x_wconf 81' lang='lat' dir='ltr'><strong>aenon</strong></span> <span class='ocrx_word' id='word_1_74' title='bbox 639 1109 744 1162; x_wconf 84' lang='lat' dir='ltr'><strong>simitis</strong></span> <span class='ocrx_word' id='word_1_75' title='bbox 763 1111 928 1175; x_wconf 81' lang='lat' dir='ltr'><strong>aegrotatio.</strong></span> <span class='ocrx_word' id='word_1_76' title='bbox 948 1117 1016 1161; x_wconf 87' lang='lat' dir='ltr'><strong>tert.</strong></span> <span class='ocrx_word' id='word_1_77' title='bbox 1035 1119 1129 1179; x_wconf 81' lang='lat' dir='ltr'><strong>quart.</strong></span> <span class='ocrx_word' id='word_1_78' title='bbox 1150 1118 1180 1164; x_wconf 88' lang='lat' dir='ltr'><strong>at</strong></span> <span class='ocrx_word' id='word_1_79' title='bbox 1200 1128 1256 1166; x_wconf 88' lang='lat' dir='ltr'><strong>non</strong></span> 
     </span>
     <span class='ocr_line' id='line_1_10' title="bbox 98 1179 1255 1249; baseline 0 -13"><span class='ocrx_word' id='word_1_80' title='bbox 98 1182 206 1236; x_wconf 84' lang='lat' dir='ltr'><strong>similes</strong></span> <span class='ocrx_word' id='word_1_81' title='bbox 227 1182 445 1249; x_wconf 87' lang='lat' dir='ltr'><strong>aegrotationes.</strong></span> <span class='ocrx_word' id='word_1_82' title='bbox 482 1182 540 1233; x_wconf 85' lang='lat' dir='ltr'><strong>Est·</strong></span> <span class='ocrx_word' id='word_1_83' title='bbox 555 1180 642 1233; x_wconf 81' lang='lat' dir='ltr'><strong>libido</strong></span> <span class='ocrx_word' id='word_1_84' title='bbox 671 1179 864 1239; x_wconf 84' lang='lat' dir='ltr'><strong>immoderata.</strong></span> <span class='ocrx_word' id='word_1_85' title='bbox 898 1180 990 1247; x_wconf 83' lang='lat' dir='ltr'><strong>quint.</strong></span> <span class='ocrx_word' id='word_1_86' title='bbox 1017 1188 1048 1231; x_wconf 85' lang='lat' dir='ltr'><strong>at</strong></span> <span class='ocrx_word' id='word_1_87' title='bbox 1072 1197 1126 1234; x_wconf 88' lang='lat' dir='ltr'><strong>nou</strong></span> <span class='ocrx_word' id='word_1_88' title='bbox 1145 1182 1255 1236; x_wconf 84' lang='lat' dir='ltr'><strong>similes</strong></span> 
     </span>
     <span class='ocr_line' id='line_1_11' title="bbox 99 1248 1255 1316; baseline -0.001 -9"><span class='ocrx_word' id='word_1_89' title='bbox 99 1254 259 1316; x_wconf 75' lang='lat' dir='ltr'><strong>aegrotatio</strong></span> <span class='ocrx_word' id='word_1_90' title='bbox 278 1259 328 1305; x_wconf 88' lang='lat' dir='ltr'><strong>est.</strong></span> <span class='ocrx_word' id='word_1_91' title='bbox 348 1252 436 1305; x_wconf 82' lang='lat' dir='ltr'><strong>iibido</strong></span> <span class='ocrx_word' id='word_1_92' title='bbox 455 1251 529 1304; x_wconf 86' lang='lat' dir='ltr'><strong>enim</strong></span> <span class='ocrx_word' id='word_1_93' title='bbox 546 1249 730 1305; x_wconf 83' lang='lat' dir='ltr'><strong>immoderata</strong></span> <span class='ocrx_word' id='word_1_94' title='bbox 750 1252 827 1307; x_wconf 80' lang='lat' dir='ltr'><strong>eto&#39;.“</strong></span> <span class='ocrx_word' id='word_1_95' title='bbox 855 1248 937 1303; x_wconf 77' lang='lat' dir='ltr'><strong>Geta.</strong></span> <span class='ocrx_word' id='word_1_96' title='bbox 975 1251 1038 1303; x_wconf 90' lang='lat' dir='ltr'><strong>Duo</strong></span> <span class='ocrx_word' id='word_1_97' title='bbox 1058 1253 1127 1304; x_wconf 82' lang='lat' dir='ltr'><strong>Oxx.</strong></span> <span class='ocrx_word' id='word_1_98' title='bbox 1148 1253 1255 1306; x_wconf 86' lang='lat' dir='ltr'><strong>habent</strong></span> 
     </span>
     <span class='ocr_line' id='line_1_12' title="bbox 99 1317 1255 1394; baseline 0.001 -18"><span class='ocrx_word' id='word_1_99' title='bbox 99 1340 141 1376; x_wconf 87' lang='lat' dir='ltr'><strong>aa</strong></span> <span class='ocrx_word' id='word_1_100' title='bbox 159 1341 221 1376; x_wconf 87' lang='lat' dir='ltr'><strong>aon.</strong></span> <span class='ocrx_word' id='word_1_101' title='bbox 241 1324 326 1375; x_wconf 86' lang='lat' dir='ltr'><strong>Vin&#39;d.</strong></span> <span class='ocrx_word' id='word_1_102' title='bbox 349 1328 372 1379; x_wconf 87' lang='lat' dir='ltr'><strong>l.</strong></span> <span class='ocrx_word' id='word_1_103' title='bbox 401 1324 524 1377; x_wconf 81' lang='lat' dir='ltr'><strong>similes</strong></span> <span class='ocrx_word' id='word_1_104' title='bbox 550 1321 777 1391; x_wconf 73' lang='lat' dir='ltr'><strong>aegrotationes</strong></span> <span class='ocrx_word' id='word_1_105' title='bbox 800 1317 877 1374; x_wconf 77' lang='lat' dir='ltr'><strong>sunt.</strong></span> <span class='ocrx_word' id='word_1_106' title='bbox 900 1323 969 1394; x_wconf 86' lang='lat' dir='ltr'><strong>Reg.</strong></span> <span class='ocrx_word' id='word_1_107' title='bbox 995 1321 1069 1374; x_wconf 82' lang='lat' dir='ltr'><strong>Gud.</strong></span> <span class='ocrx_word' id='word_1_108' title='bbox 1091 1327 1115 1378; x_wconf 93' lang='lat'><strong>1.</strong></span> <span class='ocrx_word' id='word_1_109' title='bbox 1151 1329 1182 1376; x_wconf 89' lang='lat' dir='ltr'><strong>at</strong></span> <span class='ocrx_word' id='word_1_110' title='bbox 1201 1341 1255 1377; x_wconf 88' lang='lat' dir='ltr'><strong>non</strong></span> 
     </span>
     <span class='ocr_line' id='line_1_13' title="bbox 99 1391 1256 1470; baseline 0.001 -23"><span class='ocrx_word' id='word_1_111' title='bbox 99 1395 205 1448; x_wconf 83' lang='lat' dir='ltr'><strong>sinriiis</strong></span> <span class='ocrx_word' id='word_1_112' title='bbox 224 1394 460 1465; x_wconf 74' lang='lat' dir='ltr'><strong>aegrotatipues.</strong></span> <span class='ocrx_word' id='word_1_113' title='bbox 488 1392 577 1445; x_wconf 86' lang='lat' dir='ltr'><strong>Rehd.</strong></span> <span class='ocrx_word' id='word_1_114' title='bbox 604 1399 636 1445; x_wconf 88' lang='lat' dir='ltr'><strong>at</strong></span> <span class='ocrx_word' id='word_1_115' title='bbox 660 1391 714 1445; x_wconf 85' lang='lat' dir='ltr'><strong>nori</strong></span> <span class='ocrx_word' id='word_1_116' title='bbox 732 1393 857 1445; x_wconf 82' lang='lat' dir='ltr'><strong>similes</strong></span> <span class='ocrx_word' id='word_1_117' title='bbox 881 1391 1117 1458; x_wconf 79' lang='lat' dir='ltr'><strong>aegrotationae.</strong></span> <span class='ocrx_word' id='word_1_118' title='bbox 1155 1397 1256 1470; x_wconf 86' lang='lat' dir='ltr'><strong>Pergit</strong></span> 
     </span>
     <span class='ocr_line' id='line_1_14' title="bbox 97 1462 1256 1540; baseline 0 -22"><span class='ocrx_word' id='word_1_119' title='bbox 97 1467 167 1540; x_wconf 85' lang='lat' dir='ltr'><strong>Reg.</strong></span> <span class='ocrx_word' id='word_1_120' title='bbox 187 1467 240 1517; x_wconf 86' lang='lat' dir='ltr'><strong>Est</strong></span> <span class='ocrx_word' id='word_1_121' title='bbox 259 1464 348 1518; x_wconf 84' lang='lat' dir='ltr'><strong>iibido</strong></span> <span class='ocrx_word' id='word_1_122' title='bbox 366 1480 419 1517; x_wconf 85' lang='lat' dir='ltr'><strong>non</strong></span> <span class='ocrx_word' id='word_1_123' title='bbox 437 1465 511 1517; x_wconf 90' lang='lat' dir='ltr'><strong>imm.</strong></span> <span class='ocrx_word' id='word_1_124' title='bbox 532 1463 597 1516; x_wconf 87' lang='lat' dir='ltr'><strong>laet.</strong></span> <span class='ocrx_word' id='word_1_125' title='bbox 615 1463 703 1516; x_wconf 88' lang='lat' dir='ltr'><strong>Rehd.</strong></span> <span class='ocrx_word' id='word_1_126' title='bbox 726 1471 766 1517; x_wconf 82' lang='lat' dir='ltr'><strong>est</strong></span> <span class='ocrx_word' id='word_1_127' title='bbox 785 1463 873 1516; x_wconf 83' lang='lat' dir='ltr'><strong>iibido</strong></span> <span class='ocrx_word' id='word_1_128' title='bbox 892 1462 967 1514; x_wconf 87' lang='lat' dir='ltr'><strong>imm.</strong></span> <span class='ocrx_word' id='word_1_129' title='bbox 989 1463 1055 1515; x_wconf 88' lang='lat' dir='ltr'><strong>laet.</strong></span> <span class='ocrx_word' id='word_1_130' title='bbox 1077 1465 1164 1517; x_wconf 85' lang='lat' dir='ltr'><strong>etsie</strong></span> <span class='ocrx_word' id='word_1_131' title='bbox 1184 1465 1256 1518; x_wconf 87' lang='lat' dir='ltr'><strong>item</strong></span> 
     </span>
     <span class='ocr_line' id='line_1_15' title="bbox 97 1532 1255 1606; baseline 0.002 -20"><span class='ocrx_word' id='word_1_132' title='bbox 97 1537 181 1588; x_wconf 83' lang='lat' dir='ltr'><strong>Vind.</strong></span> <span class='ocrx_word' id='word_1_133' title='bbox 204 1541 227 1590; x_wconf 92' lang='lat' dir='ltr'><strong>l.</strong></span> <span class='ocrx_word' id='word_1_134' title='bbox 265 1539 300 1589; x_wconf 89' lang='lat' dir='ltr'><strong>ln</strong></span> <span class='ocrx_word' id='word_1_135' title='bbox 318 1536 424 1599; x_wconf 79' lang='lat' dir='ltr'><strong>duobus</strong></span> <span class='ocrx_word' id='word_1_136' title='bbox 443 1536 512 1587; x_wconf 81' lang='lat' dir='ltr'><strong>Oxx.</strong></span> <span class='ocrx_word' id='word_1_137' title='bbox 534 1542 593 1586; x_wconf 88' lang='lat' dir='ltr'><strong>est:</strong></span> <span class='ocrx_word' id='word_1_138' title='bbox 622 1534 783 1602; x_wconf 79' lang='lat' dir='ltr'><strong>aegrotatio</strong></span> <span class='ocrx_word' id='word_1_139' title='bbox 808 1541 850 1586; x_wconf 86' lang='lat' dir='ltr'><strong>est</strong></span> <span class='ocrx_word' id='word_1_140' title='bbox 875 1533 952 1586; x_wconf 87' lang='lat' dir='ltr'><strong>enim</strong></span> <span class='ocrx_word' id='word_1_141' title='bbox 979 1532 1067 1588; x_wconf 78' lang='lat' dir='ltr'><strong>iibido</strong></span> <span class='ocrx_word' id='word_1_142' title='bbox 1085 1546 1144 1589; x_wconf 83' lang='lat' dir='ltr'><strong>non</strong></span> <span class='ocrx_word' id='word_1_143' title='bbox 1163 1533 1255 1606; x_wconf 81' lang='lat' dir='ltr'><strong>(uuus</strong></span> 
     </span>
     <span class='ocr_line' id='line_1_16' title="bbox 98 1604 1253 1673; baseline -0.002 -15"><span class='ocrx_word' id='word_1_144' title='bbox 98 1607 209 1659; x_wconf 77' lang='lat' dir='ltr'><strong>ornittit</strong></span> <span class='ocrx_word' id='word_1_145' title='bbox 227 1605 291 1671; x_wconf 88' lang='lat' dir='ltr'><strong>non)</strong></span> <span class='ocrx_word' id='word_1_146' title='bbox 309 1606 384 1658; x_wconf 88' lang='lat' dir='ltr'><strong>imm.</strong></span> <span class='ocrx_word' id='word_1_147' title='bbox 405 1606 452 1658; x_wconf 82' lang='lat' dir='ltr'><strong>lib.</strong></span> <span class='ocrx_word' id='word_1_148' title='bbox 472 1605 559 1656; x_wconf 82' lang='lat' dir='ltr'><strong>Marb.</strong></span> <span class='ocrx_word' id='word_1_149' title='bbox 581 1606 690 1657; x_wconf 84' lang='lat' dir='ltr'><strong>omittit</strong></span> <span class='ocrx_word' id='word_1_150' title='bbox 709 1611 750 1658; x_wconf 87' lang='lat' dir='ltr'><strong>est</strong></span> <span class='ocrx_word' id='word_1_151' title='bbox 770 1614 836 1657; x_wconf 85' lang='lat' dir='ltr'><strong>ante</strong></span> <span class='ocrx_word' id='word_1_152' title='bbox 855 1604 901 1657; x_wconf 82' lang='lat' dir='ltr'><strong>lid.</strong></span> <span class='ocrx_word' id='word_1_153' title='bbox 922 1604 994 1655; x_wconf 88' lang='lat' dir='ltr'><strong>Edd.</strong></span> <span class='ocrx_word' id='word_1_154' title='bbox 1018 1606 1047 1655; x_wconf 92' lang='lat' dir='ltr'><strong>P.</strong></span> <span class='ocrx_word' id='word_1_155' title='bbox 1067 1606 1099 1656; x_wconf 84' lang='lat' dir='ltr'><strong>A.</strong></span> <span class='ocrx_word' id='word_1_156' title='bbox 1120 1605 1253 1673; x_wconf 26' lang='lat' dir='ltr'><strong>B.·S.,E.</strong></span> 
     </span>
     <span class='ocr_line' id='line_1_17' title="bbox 98 1673 1255 1742; baseline 0.001 -11"><span class='ocrx_word' id='word_1_157' title='bbox 98 1678 228 1731; x_wconf 63' lang='lat' dir='ltr'><strong>dsunt.</strong></span> <span class='ocrx_word' id='word_1_158' title='bbox 257 1679 327 1730; x_wconf 80' lang='lat' dir='ltr'><strong>Van.</strong></span> <span class='ocrx_word' id='word_1_159' title='bbox 354 1685 443 1728; x_wconf 87' lang='lat' dir='ltr'><strong>nostr.</strong></span> <span class='ocrx_word' id='word_1_160' title='bbox 475 1675 537 1728; x_wconf 88' lang='lat' dir='ltr'><strong>Asc.</strong></span> <span class='ocrx_word' id='word_1_161' title='bbox 560 1681 583 1728; x_wconf 93' lang='lat'><strong>1.</strong></span> <span class='ocrx_word' id='word_1_162' title='bbox 621 1675 673 1728; x_wconf 82' lang='lat' dir='ltr'><strong>Est</strong></span> <span class='ocrx_word' id='word_1_163' title='bbox 696 1675 783 1730; x_wconf 79' lang='lat' dir='ltr'><strong>libido</strong></span> <span class='ocrx_word' id='word_1_164' title='bbox 811 1673 979 1728; x_wconf 85' lang='lat' dir='ltr'><strong>nonmod.</strong></span> <span class='ocrx_word' id='word_1_165' title='bbox 999 1676 1071 1731; x_wconf 74' lang='lat' dir='ltr'><strong>laet.</strong></span> <span class='ocrx_word' id='word_1_166' title='bbox 1089 1675 1153 1742; x_wconf 76' lang='lat' dir='ltr'><strong>Asa,</strong></span> <span class='ocrx_word' id='word_1_167' title='bbox 1173 1678 1200 1732; x_wconf 73' lang='lat'><strong>2.</strong></span> <span class='ocrx_word' id='word_1_168' title='bbox 1224 1711 1255 1720; x_wconf 94' lang='lat'><em>-</em></span> 
     </span>
     <span class='ocr_line' id='line_1_18' title="bbox 99 1744 1255 1814; baseline 0.001 -13"><span class='ocrx_word' id='word_1_169' title='bbox 99 1755 140 1801; x_wconf 87' lang='lat' dir='ltr'><strong>est</strong></span> <span class='ocrx_word' id='word_1_170' title='bbox 158 1749 256 1814; x_wconf 85' lang='lat' dir='ltr'><strong>libido,</strong></span> <span class='ocrx_word' id='word_1_171' title='bbox 275 1764 329 1800; x_wconf 90' lang='lat' dir='ltr'><strong>nou</strong></span> <span class='ocrx_word' id='word_1_172' title='bbox 348 1746 421 1799; x_wconf 85' lang='lat' dir='ltr'><strong>mod.</strong></span> <span class='ocrx_word' id='word_1_173' title='bbox 439 1747 507 1806; x_wconf 62' lang='lat' dir='ltr'><strong>,laet</strong></span> <span class='ocrx_word' id='word_1_174' title='bbox 545 1744 648 1798; x_wconf 77' lang='lat' dir='ltr'><strong>Ornnes</strong></span> <span class='ocrx_word' id='word_1_175' title='bbox 670 1745 725 1798; x_wconf 83' lang='lat' dir='ltr'><strong>hae</strong></span> <span class='ocrx_word' id='word_1_176' title='bbox 750 1747 851 1798; x_wconf 75' lang='lat' dir='ltr'><strong>turbae</strong></span> <span class='ocrx_word' id='word_1_177' title='bbox 875 1746 958 1798; x_wconf 71' lang='lat' dir='ltr'><strong>‘ortae</strong></span> <span class='ocrx_word' id='word_1_178' title='bbox 983 1754 1050 1805; x_wconf 84' lang='lat' dir='ltr'><strong>sunt</strong></span> <span class='ocrx_word' id='word_1_179' title='bbox 1081 1764 1116 1798; x_wconf 87' lang='lat' dir='ltr'><strong>ex</strong></span> <span class='ocrx_word' id='word_1_180' title='bbox 1140 1748 1255 1802; x_wconf 86' lang='lat' dir='ltr'><strong>defectu</strong></span> 
     </span>
     <span class='ocr_line' id='line_1_19' title="bbox 99 1808 1256 1892; baseline 0 -21"><span class='ocrx_word' id='word_1_181' title='bbox 99 1819 302 1883; x_wconf 54' lang='lat' dir='ltr'><strong>distinctionis.</strong></span> <span class='ocrx_word' id='word_1_182' title='bbox 335 1808 391 1888; x_wconf 65' lang='lat' dir='ltr'><strong>guo</strong></span> <span class='ocrx_word' id='word_1_183' title='bbox 418 1833 486 1869; x_wconf 86' lang='lat' dir='ltr'><strong>vera</strong></span> <span class='ocrx_word' id='word_1_184' title='bbox 522 1817 665 1869; x_wconf 86' lang='lat' dir='ltr'><strong>sententia</strong></span> <span class='ocrx_word' id='word_1_185' title='bbox 690 1817 798 1870; x_wconf 87' lang='lat' dir='ltr'><strong>latebat</strong></span> <span class='ocrx_word' id='word_1_186' title='bbox 822 1816 1068 1892; x_wconf 83' lang='lat' dir='ltr'><strong>corrigendaeque</strong></span> <span class='ocrx_word' id='word_1_187' title='bbox 1094 1819 1256 1889; x_wconf 73' lang='lat' dir='ltr'><strong>,scriptioni</strong></span> 
     </span>
     <span class='ocr_line' id='line_1_20' title="bbox 100 1886 1115 1943; baseline -0.002 -1"><span class='ocrx_word' id='word_1_188' title='bbox 100 1906 166 1942; x_wconf 85' lang='lat' dir='ltr'><strong>ansa</strong></span> <span class='ocrx_word' id='word_1_189' title='bbox 190 1890 252 1942; x_wconf 85' lang='lat' dir='ltr'><strong>data</strong></span> <span class='ocrx_word' id='word_1_190' title='bbox 278 1897 327 1943; x_wconf 85' lang='lat' dir='ltr'><strong>est.</strong></span> <span class='ocrx_word' id='word_1_191' title='bbox 366 1888 424 1940; x_wconf 85' lang='lat' dir='ltr'><strong>Mr.</strong></span> <span class='ocrx_word' id='word_1_192' title='bbox 479 1888 483 1893; x_wconf 79' lang='grc'>’</span> <span class='ocrx_word' id='word_1_193' title='bbox 951 1903 953 1907; x_wconf 74' lang='grc'>’</span> <span class='ocrx_word' id='word_1_194' title='bbox 1060 1886 1062 1891; x_wconf 77' lang='grc'><strong><em>’</em></strong></span> <span class='ocrx_word' id='word_1_195' title='bbox 1097 1891 1115 1907; x_wconf 87' lang='lat'><strong><em>“</em></strong></span> 
     </span>
    </p>
   </div>
   <div class='ocr_carea' id='block_1_4' title="bbox 102 1962 1258 2476">
    <p class='ocr_par' dir='ltr' id='par_1_4' title="bbox 102 1962 1258 2476">
     <span class='ocr_line' id='line_1_21' title="bbox 172 1962 1255 2047; baseline 0.001 -17"><span class='ocrx_word' id='word_1_196' title='bbox 172 1978 247 2032; x_wconf 90' lang='lat' dir='ltr'><strong>elata</strong></span> <span class='ocrx_word' id='word_1_197' title='bbox 266 1962 446 2047; x_wconf 74' lang='lat' dir='ltr'><strong>et&#39;g&#39;e&#39;stiens]</strong></span> <span class='ocrx_word' id='word_1_198' title='bbox 481 1976 547 2029; x_wconf 81' lang='lat' dir='ltr'><strong>God.</strong></span> <span class='ocrx_word' id='word_1_199' title='bbox 568 1976 642 2030; x_wconf 86' lang='lat' dir='ltr'><strong>Gud.</strong></span> <span class='ocrx_word' id='word_1_200' title='bbox 669 1981 702 2028; x_wconf 89' lang='lat' dir='ltr'><strong>et</strong></span> <span class='ocrx_word' id='word_1_201' title='bbox 722 1976 797 2027; x_wconf 88' lang='lat' dir='ltr'><strong>elata</strong></span> <span class='ocrx_word' id='word_1_202' title='bbox 816 1982 844 2028; x_wconf 83' lang='lat' dir='ltr'><strong>et</strong></span> <span class='ocrx_word' id='word_1_203' title='bbox 863 1982 935 2044; x_wconf 83' lang='lat' dir='ltr'><strong>gest.</strong></span> <span class='ocrx_word' id='word_1_204' title='bbox 962 1968 1076 2035; x_wconf 52' lang='lat' dir='ltr'><strong>alayde</strong></span> <span class='ocrx_word' id='word_1_205' title='bbox 1095 1972 1181 2030; x_wconf 75' lang='lat' dir='ltr'><strong>Finn.</strong></span> <span class='ocrx_word' id='word_1_206' title='bbox 1196 1980 1255 2033; x_wconf 69' lang='lat'><strong>111.</strong></span> 
     </span>
     <span class='ocr_line' id='line_1_22' title="bbox 102 2044 1258 2116; baseline -0.003 -11"><span class='ocrx_word' id='word_1_207' title='bbox 102 2052 144 2106; x_wconf 84' lang='lat'><strong>10.</strong></span> <span class='ocrx_word' id='word_1_208' title='bbox 164 2052 219 2107; x_wconf 58' lang='lat'><strong>352</strong></span> <span class='ocrx_word' id='word_1_209' title='bbox 236 2052 286 2116; x_wconf 86' lang='lat' dir='ltr'><strong>eg&#39;o</strong></span> <span class='ocrx_word' id='word_1_210' title='bbox 306 2048 380 2100; x_wconf 89' lang='lat' dir='ltr'><strong>malo</strong></span> <span class='ocrx_word' id='word_1_211' title='bbox 400 2046 540 2100; x_wconf 86' lang='lat' dir='ltr'><strong>laetitiam</strong></span> <span class='ocrx_word' id='word_1_212' title='bbox 558 2047 701 2116; x_wconf 67' lang='lat' dir='ltr'><strong>appellare</strong></span> <span class='ocrx_word' id='word_1_213' title='bbox 720 2044 856 2114; x_wconf 66' lang='lat' dir='ltr'><strong>[idorrtvL</strong></span> <span class='ocrx_word' id='word_1_214' title='bbox 886 2047 968 2116; x_wconf 82' lang='lat' dir='ltr'><strong>quasi</strong></span> <span class='ocrx_word' id='word_1_215' title='bbox 988 2048 1143 2116; x_wconf 81' lang='lat' dir='ltr'><strong>gestientis</strong></span> <span class='ocrx_word' id='word_1_216' title='bbox 1167 2049 1258 2103; x_wconf 87' lang='lat' dir='ltr'><strong>animi</strong></span> 
     </span>
     <span class='ocr_line' id='line_1_23' title="bbox 102 2114 1257 2187; baseline -0.001 -14"><span class='ocrx_word' id='word_1_217' title='bbox 102 2114 248 2185; x_wconf 81' lang='lat' dir='ltr'><strong>elationem</strong></span> <span class='ocrx_word' id='word_1_218' title='bbox 265 2118 470 2186; x_wconf 77' lang='lat' dir='ltr'><strong>voluptariam..</strong></span> <span class='ocrx_word' id='word_1_219' title='bbox 501 2119 582 2172; x_wconf 85' lang='lat' dir='ltr'><strong>Infra</strong></span> <span class='ocrx_word' id='word_1_220' title='bbox 601 2118 649 2170; x_wconf 87' lang='lat' dir='ltr'><strong>IV.</strong></span> <span class='ocrx_word' id='word_1_221' title='bbox 669 2121 694 2173; x_wconf 87' lang='grc'><strong>6.</strong></span> <span class='ocrx_word' id='word_1_222' title='bbox 716 2120 763 2172; x_wconf 81' lang='lat'><strong>13:</strong></span> <span class='ocrx_word' id='word_1_223' title='bbox 799 2134 857 2170; x_wconf 87' lang='lat' dir='ltr'><strong>cum</strong></span> <span class='ocrx_word' id='word_1_224' title='bbox 876 2123 965 2170; x_wconf 87' lang='lat' dir='ltr'><strong>autem</strong></span> <span class='ocrx_word' id='word_1_225' title='bbox 985 2117 1110 2172; x_wconf 88' lang='lat' dir='ltr'><strong>inaniter</strong></span> <span class='ocrx_word' id='word_1_226' title='bbox 1129 2126 1154 2173; x_wconf 92' lang='lat' dir='ltr'><strong>et</strong></span> <span class='ocrx_word' id='word_1_227' title='bbox 1172 2121 1257 2187; x_wconf 75' lang='lat' dir='ltr'><strong>effuse</strong></span> 
     </span>
     <span class='ocr_line' id='line_1_24' title="bbox 102 2186 1256 2263; baseline 0.003 -20"><span class='ocrx_word' id='word_1_228' title='bbox 102 2191 212 2257; x_wconf 84' lang='lat' dir='ltr'><strong>animus</strong></span> <span class='ocrx_word' id='word_1_229' title='bbox 231 2188 363 2254; x_wconf 77' lang='lat' dir='ltr'><strong>exsultat,</strong></span> <span class='ocrx_word' id='word_1_230' title='bbox 383 2186 511 2248; x_wconf 84' lang='lat' dir='ltr'><strong>tamilla</strong></span> <span class='ocrx_word' id='word_1_231' title='bbox 531 2188 647 2242; x_wconf 82' lang='lat' dir='ltr'><strong>laetitia</strong></span> <span class='ocrx_word' id='word_1_232' title='bbox 666 2188 792 2256; x_wconf 77' lang='lat' dir='ltr'><strong>gestiens</strong></span> <span class='ocrx_word' id='word_1_233' title='bbox 810 2187 854 2240; x_wconf 87' lang='lat' dir='ltr'><strong>oei</strong></span> <span class='ocrx_word' id='word_1_234' title='bbox 871 2187 960 2241; x_wconf 87' lang='lat' dir='ltr'><strong>nimia</strong></span> <span class='ocrx_word' id='word_1_235' title='bbox 980 2188 1039 2242; x_wconf 84' lang='lat' dir='ltr'><strong>dici</strong></span> <span class='ocrx_word' id='word_1_236' title='bbox 1053 2196 1155 2258; x_wconf 87' lang='lat' dir='ltr'><strong>potest.</strong></span> <span class='ocrx_word' id='word_1_237' title='bbox 1176 2193 1209 2263; x_wconf 73' lang='lat' dir='ltr'><strong>Y.</strong></span> <span class='ocrx_word' id='word_1_238' title='bbox 1230 2193 1256 2255; x_wconf 90' lang='grc'><strong>6,</strong></span> 
     </span>
     <span class='ocr_line' id='line_1_25' title="bbox 104 2258 1258 2330; baseline -0.002 -13"><span class='ocrx_word' id='word_1_239' title='bbox 104 2265 151 2319; x_wconf 90' lang='lat'><strong>16:</strong></span> <span class='ocrx_word' id='word_1_240' title='bbox 181 2263 250 2330; x_wconf 84' lang='lat' dir='ltr'><strong>quid</strong></span> <span class='ocrx_word' id='word_1_241' title='bbox 268 2261 360 2312; x_wconf 80' lang='lat' dir='ltr'><strong>elatus</strong></span> <span class='ocrx_word' id='word_1_242' title='bbox 380 2259 429 2311; x_wconf 88' lang='lat' dir='ltr'><strong>ilie</strong></span> <span class='ocrx_word' id='word_1_243' title='bbox 448 2259 559 2312; x_wconf 86' lang='lat' dir='ltr'><strong>levitate</strong></span> <span class='ocrx_word' id='word_1_244' title='bbox 577 2259 711 2328; x_wconf 78' lang='lat' dir='ltr'><strong>inanique</strong></span> <span class='ocrx_word' id='word_1_245' title='bbox 730 2258 847 2311; x_wconf 84' lang='lat' dir='ltr'><strong>laetitia</strong></span> <span class='ocrx_word' id='word_1_246' title='bbox 871 2258 1014 2312; x_wconf 79' lang='lat' dir='ltr'><strong>exsultans</strong></span> <span class='ocrx_word' id='word_1_247' title='bbox 1042 2267 1067 2314; x_wconf 88' lang='lat' dir='ltr'><strong>et</strong></span> <span class='ocrx_word' id='word_1_248' title='bbox 1090 2268 1258 2329; x_wconf 84' lang='lat' dir='ltr'><strong>temere-ge-</strong></span> 
     </span>
     <span class='ocr_line' id='line_1_26' title="bbox 102 2329 1256 2400; baseline -0.002 -15"><span class='ocrx_word' id='word_1_249' title='bbox 102 2332 196 2385; x_wconf 82' lang='lat' dir='ltr'><strong>stiens.</strong></span> <span class='ocrx_word' id='word_1_250' title='bbox 217 2364 249 2373; x_wconf 87' lang='lat'><em>-</em></span> <span class='ocrx_word' id='word_1_251' title='bbox 288 2331 355 2400; x_wconf 87' lang='lat' dir='ltr'><strong>Cap.</strong></span> <span class='ocrx_word' id='word_1_252' title='bbox 376 2347 433 2399; x_wconf 84' lang='lat' dir='ltr'><strong>seq.</strong></span> <span class='ocrx_word' id='word_1_253' title='bbox 459 2329 481 2394; x_wconf 63' lang='lat' dir='ltr'><strong>i.</strong></span> <span class='ocrx_word' id='word_1_254' title='bbox 503 2333 545 2385; x_wconf 76' lang='lat'><strong>24.</strong></span> <span class='ocrx_word' id='word_1_255' title='bbox 574 2333 701 2399; x_wconf 86' lang='lat' dir='ltr'><strong>uoluptas</strong></span> <span class='ocrx_word' id='word_1_256' title='bbox 725 2329 859 2396; x_wconf 83' lang='lat' dir='ltr'><strong>gestiens,</strong></span> <span class='ocrx_word' id='word_1_257' title='bbox 888 2329 921 2381; x_wconf 88' lang='lat' dir='ltr'><strong>id</strong></span> <span class='ocrx_word' id='word_1_258' title='bbox 947 2336 987 2382; x_wconf 87' lang='lat' dir='ltr'><strong>est</strong></span> <span class='ocrx_word' id='word_1_259' title='bbox 1008 2338 1123 2398; x_wconf 86' lang='lat' dir='ltr'><strong>praeter</strong></span> <span class='ocrx_word' id='word_1_260' title='bbox 1146 2333 1256 2386; x_wconf 87' lang='lat' dir='ltr'><strong>modum</strong></span> 
     </span>
     <span class='ocr_line' id='line_1_27' title="bbox 104 2396 1081 2476; baseline -0.003 -20"><span class='ocrx_word' id='word_1_261' title='bbox 104 2400 315 2456; x_wconf 83' lang='lat' dir='ltr'><strong>elatu-laetitia.</strong></span> <span class='ocrx_word' id='word_1_262' title='bbox 354 2400 392 2452; x_wconf 88' lang='lat' dir='ltr'><strong>Et</strong></span> <span class='ocrx_word' id='word_1_263' title='bbox 412 2401 453 2451; x_wconf 88' lang='lat' dir='ltr'><strong>sic</strong></span> <span class='ocrx_word' id='word_1_264' title='bbox 472 2401 582 2471; x_wconf 82' lang='lat' dir='ltr'><strong>saepius</strong></span> <span class='ocrx_word' id='word_1_265' title='bbox 601 2398 699 2476; x_wconf 81' lang='lat' dir='ltr'><strong>iungit</strong></span> <span class='ocrx_word' id='word_1_266' title='bbox 718 2396 930 2471; x_wconf 77' lang='lat' dir='ltr'><strong>ea&#39;partiaipia.</strong></span> <span class='ocrx_word' id='word_1_267' title='bbox 957 2402 1028 2461; x_wconf 85' lang='lat' dir='ltr'><strong>Mr.</strong></span> <span class='ocrx_word' id='word_1_268' title='bbox 1078 2400 1081 2405; x_wconf 81' lang='grc'><strong>’</strong></span> 
     </span>
    </p>
   </div>
   <div class='ocr_carea' id='block_1_5' title="bbox 42 2488 1340 4471">
    <p class='ocr_par' dir='ltr' id='par_1_5' title="bbox 42 2488 1340 4471">
     <span class='ocr_line' id='line_1_28' title="bbox 175 2488 1259 2559; baseline 0.002 -17"><span class='ocrx_word' id='word_1_269' title='bbox 175 2491 239 2559; x_wconf 85' lang='lat' dir='ltr'><strong>lpse</strong></span> <span class='ocrx_word' id='word_1_270' title='bbox 257 2488 342 2542; x_wconf 88' lang='lat' dir='ltr'><strong>etiam</strong></span> <span class='ocrx_word' id='word_1_271' title='bbox 360 2496 450 2541; x_wconf 85' lang='lat' dir='ltr'><strong>metus</strong></span> <span class='ocrx_word' id='word_1_272' title='bbox 468 2505 522 2542; x_wconf 90' lang='lat' dir='ltr'><strong>non</strong></span> <span class='ocrx_word' id='word_1_273' title='bbox 541 2497 582 2542; x_wconf 85' lang='lat' dir='ltr'><strong>est</strong></span> <span class='ocrx_word' id='word_1_274' title='bbox 600 2490 690 2544; x_wconf 83' lang='lat' dir='ltr'><strong>marii</strong></span> <span class='ocrx_word' id='word_1_275' title='bbox 708 2490 857 2543; x_wconf 80' lang='lat' dir='ltr'><strong>admodum</strong></span> <span class='ocrx_word' id='word_1_276' title='bbox 882 2488 1001 2556; x_wconf 82' lang='lat' dir='ltr'><strong>similis]</strong></span> <span class='ocrx_word' id='word_1_277' title='bbox 1039 2493 1093 2543; x_wconf 90' lang='lat' dir='ltr'><strong>Pro</strong></span> <span class='ocrx_word' id='word_1_278' title='bbox 1111 2491 1198 2546; x_wconf 87' lang='lat' dir='ltr'><strong>etiam</strong></span> <span class='ocrx_word' id='word_1_279' title='bbox 1216 2502 1259 2545; x_wconf 88' lang='lat' dir='ltr'><strong>est</strong></span> 
     </span>
     <span class='ocr_line' id='line_1_29' title="bbox 105 2559 1256 2647; baseline -0.002 -31"><span class='ocrx_word' id='word_1_280' title='bbox 105 2561 178 2616; x_wconf 87' lang='lat' dir='ltr'><strong>enim</strong></span> <span class='ocrx_word' id='word_1_281' title='bbox 198 2561 229 2613; x_wconf 86' lang='lat' dir='ltr'><strong>in</strong></span> <span class='ocrx_word' id='word_1_282' title='bbox 248 2561 318 2622; x_wconf 80' lang='lat' dir='ltr'><strong>Edd.</strong></span> <span class='ocrx_word' id='word_1_283' title='bbox 338 2562 418 2613; x_wconf 88' lang='lat' dir='ltr'><strong>Junt.</strong></span> <span class='ocrx_word' id='word_1_284' title='bbox 440 2569 468 2613; x_wconf 90' lang='lat' dir='ltr'><strong>et</strong></span> <span class='ocrx_word' id='word_1_285' title='bbox 486 2562 622 2626; x_wconf 68' lang='lat' dir='ltr'><strong>HWolr.</strong></span> <span class='ocrx_word' id='word_1_286' title='bbox 641 2563 683 2613; x_wconf 84' lang='lat' dir='ltr'><strong>in</strong></span> <span class='ocrx_word' id='word_1_287' title='bbox 701 2560 765 2613; x_wconf 87' lang='lat' dir='ltr'><strong>Asc.</strong></span> <span class='ocrx_word' id='word_1_288' title='bbox 788 2565 812 2620; x_wconf 79' lang='lat' dir='ltr'><strong>l.</strong></span> <span class='ocrx_word' id='word_1_289' title='bbox 832 2564 857 2616; x_wconf 64' lang='grc' dir='ltr'><strong>Ἰ.</strong></span> <span class='ocrx_word' id='word_1_290' title='bbox 878 2559 930 2627; x_wconf 66' lang='lat' dir='ltr'><strong>em,</strong></span> <span class='ocrx_word' id='word_1_291' title='bbox 954 2563 1098 2629; x_wconf 83' lang='lat' dir='ltr'><strong>posterior</strong></span> <span class='ocrx_word' id='word_1_292' title='bbox 1117 2563 1148 2619; x_wconf 84' lang='lat' dir='ltr'><strong>in</strong></span> <span class='ocrx_word' id='word_1_293' title='bbox 1166 2580 1256 2647; x_wconf 82' lang='lat' dir='ltr'><strong>marg.</strong></span> 
     </span>
     <span class='ocr_line' id='line_1_30' title="bbox 103 2631 1257 2701; baseline -0.001 -15"><span class='ocrx_word' id='word_1_294' title='bbox 103 2633 162 2690; x_wconf 78' lang='lat' dir='ltr'><strong>MS.</strong></span> <span class='ocrx_word' id='word_1_295' title='bbox 181 2631 379 2701; x_wconf 71' lang='lat' dir='ltr'><strong>habet-etiam,</strong></span> <span class='ocrx_word' id='word_1_296' title='bbox 412 2632 498 2701; x_wconf 82' lang='lat' dir='ltr'><strong>idque</strong></span> <span class='ocrx_word' id='word_1_297' title='bbox 524 2632 611 2684; x_wconf 83' lang='lat' dir='ltr'><strong>etiam</strong></span> <span class='ocrx_word' id='word_1_298' title='bbox 635 2632 750 2684; x_wconf 87' lang='lat' dir='ltr'><strong>uncinis</strong></span> <span class='ocrx_word' id='word_1_299' title='bbox 774 2631 1257 2691; x_wconf 71' lang='lat' dir='ltr'><strong>inclusum&#39;habetud.,-11Wolfi1.</strong></span> 
     </span>
     <span class='ocr_line' id='line_1_31' title="bbox 105 2703 1260 2776; baseline 0.001 -19"><span class='ocrx_word' id='word_1_300' title='bbox 105 2708 267 2761; x_wconf 76' lang='lat' dir='ltr'><strong>Promotus</strong></span> <span class='ocrx_word' id='word_1_301' title='bbox 285 2705 317 2764; x_wconf 81' lang='lat' dir='ltr'><strong>in</strong></span> <span class='ocrx_word' id='word_1_302' title='bbox 335 2704 414 2776; x_wconf 70' lang='lat' dir='ltr'><strong>Aug.</strong></span> <span class='ocrx_word' id='word_1_303' title='bbox 430 2713 459 2763; x_wconf 82' lang='lat' dir='ltr'><strong>at</strong></span> <span class='ocrx_word' id='word_1_304' title='bbox 476 2704 603 2776; x_wconf 57' lang='lat' dir='ltr'><strong>epotis.</strong></span> <span class='ocrx_word' id='word_1_305' title='bbox 630 2712 672 2755; x_wconf 89' lang='lat' dir='ltr'><strong>est</strong></span> <span class='ocrx_word' id='word_1_306' title='bbox 689 2710 785 2755; x_wconf 86' lang='lat' dir='ltr'><strong>motus.</strong></span> <span class='ocrx_word' id='word_1_307' title='bbox 814 2703 903 2759; x_wconf 83' lang='lat' dir='ltr'><strong>Rehd.</strong></span> <span class='ocrx_word' id='word_1_308' title='bbox 922 2703 1009 2763; x_wconf 80' lang='lat' dir='ltr'><strong>habet</strong></span> <span class='ocrx_word' id='word_1_309' title='bbox 1033 2719 1089 2761; x_wconf 78' lang='lat' dir='ltr'><strong>twa</strong></span> <span class='ocrx_word' id='word_1_310' title='bbox 1112 2703 1260 2758; x_wconf 86' lang='lat' dir='ltr'><strong>admodum</strong></span> 
     </span>
     <span class='ocr_line' id='line_1_32' title="bbox 106 2757 1257 2835; baseline -0.001 -7"><span class='ocrx_word' id='word_1_311' title='bbox 106 2757 211 2829; x_wconf 73' lang='lat' dir='ltr'><strong>similis</strong></span> <span class='ocrx_word' id='word_1_312' title='bbox 229 2780 270 2827; x_wconf 88' lang='lat' dir='ltr'><strong>est</strong></span> <span class='ocrx_word' id='word_1_313' title='bbox 287 2773 384 2827; x_wconf 79' lang='lat' dir='ltr'><strong>morbi.</strong></span> <span class='ocrx_word' id='word_1_314' title='bbox 406 2775 479 2835; x_wconf 88' lang='lat' dir='ltr'><strong>Gud.</strong></span> <span class='ocrx_word' id='word_1_315' title='bbox 500 2777 526 2828; x_wconf 74' lang='lat'><strong>2.</strong></span> <span class='ocrx_word' id='word_1_316' title='bbox 546 2774 638 2834; x_wconf 83' lang='lat' dir='ltr'><strong>morbi</strong></span> <span class='ocrx_word' id='word_1_317' title='bbox 661 2773 767 2833; x_wconf 80' lang='lat' dir='ltr'><strong>similis</strong></span> <span class='ocrx_word' id='word_1_318' title='bbox 785 2773 933 2833; x_wconf 76' lang='lat' dir='ltr'><strong>admodum</strong></span> <span class='ocrx_word' id='word_1_319' title='bbox 951 2772 1069 2831; x_wconf 73' lang='lat' dir='ltr'><strong>sinaitis.</strong></span> <span class='ocrx_word' id='word_1_320' title='bbox 1107 2777 1188 2828; x_wconf 85' lang='lat' dir='ltr'><strong>Unus</strong></span> <span class='ocrx_word' id='word_1_321' title='bbox 1208 2777 1257 2829; x_wconf 83' lang='lat' dir='ltr'><strong>Ox.</strong></span> 
     </span>
     <span class='ocr_line' id='line_1_33' title="bbox 106 2844 1310 2919; baseline -0.001 -20"><span class='ocrx_word' id='word_1_322' title='bbox 106 2847 217 2905; x_wconf 83' lang='lat' dir='ltr'><strong>omittit</strong></span> <span class='ocrx_word' id='word_1_323' title='bbox 234 2863 289 2899; x_wconf 86' lang='lat' dir='ltr'><strong>non</strong></span> <span class='ocrx_word' id='word_1_324' title='bbox 307 2851 357 2899; x_wconf 87' lang='lat' dir='ltr'><strong>est.</strong></span> <span class='ocrx_word' id='word_1_325' title='bbox 394 2847 460 2898; x_wconf 91' lang='lat' dir='ltr'><strong>Post</strong></span> <span class='ocrx_word' id='word_1_326' title='bbox 484 2860 638 2913; x_wconf 76' lang='lat' dir='ltr'><strong>quanquam</strong></span> <span class='ocrx_word' id='word_1_327' title='bbox 664 2847 734 2919; x_wconf 86' lang='lat' dir='ltr'><strong>Reg.</strong></span> <span class='ocrx_word' id='word_1_328' title='bbox 761 2844 834 2896; x_wconf 87' lang='lat' dir='ltr'><strong>Gud.</strong></span> <span class='ocrx_word' id='word_1_329' title='bbox 856 2853 879 2905; x_wconf 87' lang='lat'><strong>1.</strong></span> <span class='ocrx_word' id='word_1_330' title='bbox 910 2855 939 2900; x_wconf 87' lang='lat' dir='ltr'><strong>et</strong></span> <span class='ocrx_word' id='word_1_331' title='bbox 965 2863 1037 2897; x_wconf 85' lang='lat' dir='ltr'><strong>unus</strong></span> <span class='ocrx_word' id='word_1_332' title='bbox 1056 2846 1105 2898; x_wconf 86' lang='lat' dir='ltr'><strong>Ox.</strong></span> <span class='ocrx_word' id='word_1_333' title='bbox 1133 2856 1260 2919; x_wconf 85' lang='lat' dir='ltr'><strong>pergunt</strong></span> <span class='ocrx_word' id='word_1_334' title='bbox 1306 2903 1310 2912; x_wconf 56' lang='grc'><strong>,</strong></span> 
     </span>
     <span class='ocr_line' id='line_1_34' title="bbox 108 2914 1259 2982; baseline -0.001 -12"><span class='ocrx_word' id='word_1_335' title='bbox 108 2916 295 2982; x_wconf 82' lang='lat' dir='ltr'><strong>aegritudine.</strong></span> <span class='ocrx_word' id='word_1_336' title='bbox 337 2915 412 2967; x_wconf 87' lang='lat' dir='ltr'><strong>Tum</strong></span> <span class='ocrx_word' id='word_1_337' title='bbox 440 2919 514 2968; x_wconf 82' lang='lat' dir='ltr'><strong>ition.</strong></span> <span class='ocrx_word' id='word_1_338' title='bbox 535 2919 561 2970; x_wconf 75' lang='lat'><strong>2.</strong></span> <span class='ocrx_word' id='word_1_339' title='bbox 589 2932 655 2968; x_wconf 90' lang='lat' dir='ltr'><strong>non</strong></span> <span class='ocrx_word' id='word_1_340' title='bbox 680 2923 723 2968; x_wconf 85' lang='lat' dir='ltr'><strong>est</strong></span> <span class='ocrx_word' id='word_1_341' title='bbox 750 2914 897 2982; x_wconf 81' lang='lat' dir='ltr'><strong>finitimus.</strong></span> <span class='ocrx_word' id='word_1_342' title='bbox 933 2917 1021 2971; x_wconf 84' lang='lat' dir='ltr'><strong>Idem-</strong></span> <span class='ocrx_word' id='word_1_343' title='bbox 1041 2934 1109 2968; x_wconf 88' lang='lat' dir='ltr'><strong>cum</strong></span> <span class='ocrx_word' id='word_1_344' title='bbox 1130 2919 1205 2975; x_wconf 81' lang='lat' dir='ltr'><strong>Mon.</strong></span> <span class='ocrx_word' id='word_1_345' title='bbox 1229 2922 1259 2972; x_wconf 92' lang='lat' dir='ltr'><strong>·l.</strong></span> 
     </span>
     <span class='ocr_line' id='line_1_35' title="bbox 63 2986 1261 3056; baseline 0 -17"><span class='ocrx_word' id='word_1_346' title='bbox 63 3015 67 3024; x_wconf 94' lang='lat'><em>·</em></span> <span class='ocrx_word' id='word_1_347' title='bbox 107 2989 158 3040; x_wconf 86' lang='lat' dir='ltr'><strong>sed</strong></span> <span class='ocrx_word' id='word_1_348' title='bbox 173 3003 292 3056; x_wconf 82' lang='lat' dir='ltr'><strong>prope.</strong></span> <span class='ocrx_word' id='word_1_349' title='bbox 313 2986 386 3038; x_wconf 88' lang='lat' dir='ltr'><strong>Gud.</strong></span> <span class='ocrx_word' id='word_1_350' title='bbox 409 2992 432 3041; x_wconf 86' lang='lat'><strong>1.</strong></span> <span class='ocrx_word' id='word_1_351' title='bbox 451 2986 573 3055; x_wconf 86' lang='lat' dir='ltr'><strong>propriu</strong></span> <span class='ocrx_word' id='word_1_352' title='bbox 592 2987 665 3052; x_wconf 86' lang='lat' dir='ltr'><strong>(sic).</strong></span> <span class='ocrx_word' id='word_1_353' title='bbox 685 2986 781 3039; x_wconf 89' lang='lat' dir='ltr'><strong>Duisb.</strong></span> <span class='ocrx_word' id='word_1_354' title='bbox 803 2991 913 3046; x_wconf 82' lang='lat' dir='ltr'><strong>omittit</strong></span> <span class='ocrx_word' id='word_1_355' title='bbox 930 2994 984 3047; x_wconf 59' lang='lat' dir='ltr'><strong>ut„</strong></span> <span class='ocrx_word' id='word_1_356' title='bbox 1000 2990 1066 3045; x_wconf 82' lang='lat' dir='ltr'><strong>Mox</strong></span> <span class='ocrx_word' id='word_1_357' title='bbox 1082 2986 1154 3044; x_wconf 76' lang='lat' dir='ltr'><strong>Gud.</strong></span> <span class='ocrx_word' id='word_1_358' title='bbox 1170 2986 1261 3044; x_wconf 75' lang='lat' dir='ltr'><strong>‚habet</strong></span> 
     </span>
     <span class='ocr_line' id='line_1_36' title="bbox 108 3057 1117 3125; baseline -0.004 -13"><span class='ocrx_word' id='word_1_359' title='bbox 108 3059 196 3112; x_wconf 87' lang='lat' dir='ltr'><strong>sicin</strong></span> <span class='ocrx_word' id='word_1_360' title='bbox 220 3058 316 3112; x_wconf 90' lang='lat' dir='ltr'><strong>animo</strong></span> <span class='ocrx_word' id='word_1_361' title='bbox 343 3057 503 3125; x_wconf 82' lang='lat' dir='ltr'><strong>aegritudo.</strong></span> <span class='ocrx_word' id='word_1_362' title='bbox 541 3058 601 3119; x_wconf 86' lang='lat' dir='ltr'><strong>Mr.</strong></span> <span class='ocrx_word' id='word_1_363' title='bbox 787 3113 789 3120; x_wconf 59' lang='grc'>,</span> <span class='ocrx_word' id='word_1_364' title='bbox 867 3113 870 3117; x_wconf 62' lang='grc'><em>,</em></span> <span class='ocrx_word' id='word_1_365' title='bbox 935 3113 967 3120; x_wconf 57' lang='lat'><strong>..</strong></span> <span class='ocrx_word' id='word_1_366' title='bbox 1033 3110 1037 3117; x_wconf 72' lang='grc'>,</span> <span class='ocrx_word' id='word_1_367' title='bbox 1114 3110 1117 3115; x_wconf 77' lang='grc'>,</span> 
     </span>
     <span class='ocr_line' id='line_1_37' title="bbox 129 3121 1260 3200; baseline -0.003 -17"><span class='ocrx_word' id='word_1_368' title='bbox 129 3146 131 3151; x_wconf 95' lang='grc'><strong><em>·</em></strong></span> <span class='ocrx_word' id='word_1_369' title='bbox 179 3129 235 3183; x_wconf 84' lang='lat' dir='ltr'><strong>Sed</strong></span> <span class='ocrx_word' id='word_1_370' title='bbox 251 3128 370 3200; x_wconf 81' lang='lat' dir='ltr'><strong>proprie</strong></span> <span class='ocrx_word' id='word_1_371' title='bbox 381 3161 413 3170; x_wconf 89' lang='lat'>-</span> <span class='ocrx_word' id='word_1_372' title='bbox 424 3145 530 3190; x_wconf 58' lang='lat' dir='ltr'><strong>ttamen,</strong></span> <span class='ocrx_word' id='word_1_373' title='bbox 539 3126 630 3196; x_wconf 77' lang='lat' dir='ltr'><strong>habet]</strong></span> <span class='ocrx_word' id='word_1_374' title='bbox 645 3129 840 3188; x_wconf 79' lang='lat' dir='ltr'><strong>Adducuntur</strong></span> <span class='ocrx_word' id='word_1_375' title='bbox 851 3121 975 3188; x_wconf 81' lang='lat' dir='ltr'><strong>aNanio&#39;</strong></span> <span class='ocrx_word' id='word_1_376' title='bbox 990 3127 1204 3196; x_wconf 81' lang='lat' dir='ltr'><strong>inaegrotais&#39;o.</strong></span> <span class='ocrx_word' id='word_1_377' title='bbox 1224 3129 1260 3181; x_wconf 89' lang='lat' dir='ltr'><strong>D.</strong></span> 
     </span>
     <span class='ocr_line' id='line_1_38' title="bbox 178 3199 1262 3270; baseline -0.002 -16"><span class='ocrx_word' id='word_1_378' title='bbox 178 3217 274 3254; x_wconf 86' lang='lat' dir='ltr'><strong>nomen</strong></span> <span class='ocrx_word' id='word_1_379' title='bbox 285 3200 375 3261; x_wconf 75' lang='lat' dir='ltr'><strong>iudet</strong></span> <span class='ocrx_word' id='word_1_380' title='bbox 394 3216 447 3253; x_wconf 89' lang='lat' dir='ltr'><strong>non</strong></span> <span class='ocrx_word' id='word_1_381' title='bbox 464 3202 652 3262; x_wconf 80' lang='lat' dir='ltr'><strong>seiunctuma</strong></span> <span class='ocrx_word' id='word_1_382' title='bbox 671 3201 784 3267; x_wconf 87' lang='lat' dir='ltr'><strong>dolore]</strong></span> <span class='ocrx_word' id='word_1_383' title='bbox 817 3203 903 3267; x_wconf 75' lang='lat' dir='ltr'><strong>„Hoc</strong></span> <span class='ocrx_word' id='word_1_384' title='bbox 923 3200 993 3270; x_wconf 86' lang='lat' dir='ltr'><strong>quid</strong></span> <span class='ocrx_word' id='word_1_385' title='bbox 1010 3200 1047 3253; x_wconf 86' lang='lat' dir='ltr'><strong>sit</strong></span> <span class='ocrx_word' id='word_1_386' title='bbox 1065 3199 1202 3269; x_wconf 80' lang='lat' dir='ltr'><strong>equidem</strong></span> <span class='ocrx_word' id='word_1_387' title='bbox 1219 3200 1262 3252; x_wconf 88' lang='lat' dir='ltr'><strong>di-</strong></span> 
     </span>
     <span class='ocr_line' id='line_1_39' title="bbox 109 3269 1263 3344; baseline -0.001 -21"><span class='ocrx_word' id='word_1_388' title='bbox 109 3273 211 3332; x_wconf 75' lang='lat' dir='ltr'><strong>vinare</strong></span> <span class='ocrx_word' id='word_1_389' title='bbox 230 3288 349 3343; x_wconf 76' lang='lat' dir='ltr'><strong>nequeo.</strong></span> <span class='ocrx_word' id='word_1_390' title='bbox 382 3272 427 3323; x_wconf 80' lang='lat' dir='ltr'><strong>Ea</strong></span> <span class='ocrx_word' id='word_1_391' title='bbox 447 3271 523 3341; x_wconf 86' lang='lat' dir='ltr'><strong>quod</strong></span> <span class='ocrx_word' id='word_1_392' title='bbox 541 3287 599 3322; x_wconf 88' lang='lat' dir='ltr'><strong>non</strong></span> <span class='ocrx_word' id='word_1_393' title='bbox 616 3273 651 3324; x_wconf 85' lang='lat' dir='ltr'><strong>ad</strong></span> <span class='ocrx_word' id='word_1_394' title='bbox 673 3281 782 3331; x_wconf 83' lang='lat' dir='ltr'><strong>metum</strong></span> <span class='ocrx_word' id='word_1_395' title='bbox 800 3273 959 3341; x_wconf 81' lang='lat' dir='ltr'><strong>pertinent,</strong></span> <span class='ocrx_word' id='word_1_396' title='bbox 987 3271 1035 3324; x_wconf 88' lang='lat' dir='ltr'><strong>sed</strong></span> <span class='ocrx_word' id='word_1_397' title='bbox 1052 3271 1086 3323; x_wconf 84' lang='lat' dir='ltr'><strong>ad</strong></span> <span class='ocrx_word' id='word_1_398' title='bbox 1103 3269 1263 3344; x_wconf 82' lang='lat' dir='ltr'><strong>aegritudi-</strong></span> 
     </span>
     <span class='ocr_line' id='line_1_40' title="bbox 109 3338 1340 3417; baseline 0.002 -23"><span class='ocrx_word' id='word_1_399' title='bbox 109 3359 183 3407; x_wconf 83' lang='lat' dir='ltr'><strong>nem,</strong></span> <span class='ocrx_word' id='word_1_400' title='bbox 202 3354 344 3413; x_wconf 86' lang='lat' dir='ltr'><strong>punctu-m</strong></span> <span class='ocrx_word' id='word_1_401' title='bbox 362 3344 529 3409; x_wconf 82' lang='lat' dir='ltr'><strong>ponendum·</strong></span> <span class='ocrx_word' id='word_1_402' title='bbox 543 3351 608 3394; x_wconf 85' lang='lat' dir='ltr'><strong>aute</strong></span> <span class='ocrx_word' id='word_1_403' title='bbox 626 3343 685 3406; x_wconf 78' lang='lat' dir='ltr'><strong>sed,</strong></span> <span class='ocrx_word' id='word_1_404' title='bbox 703 3351 767 3413; x_wconf 86' lang='lat' dir='ltr'><strong>post</strong></span> <span class='ocrx_word' id='word_1_405' title='bbox 785 3343 826 3394; x_wconf 89' lang='lat' dir='ltr'><strong>sic</strong></span> <span class='ocrx_word' id='word_1_406' title='bbox 840 3343 1012 3417; x_wconf 73' lang='lat' dir='ltr'><strong>tegendum:</strong></span> <span class='ocrx_word' id='word_1_407' title='bbox 1043 3348 1155 3395; x_wconf 84' lang='lat' dir='ltr'><strong>ortum</strong></span> <span class='ocrx_word' id='word_1_408' title='bbox 1180 3338 1261 3397; x_wconf 77' lang='lat' dir='ltr'><strong>natet</strong></span> <span class='ocrx_word' id='word_1_409' title='bbox 1336 3376 1340 3383; x_wconf 92' lang='lat'>·</span> 
     </span>
     <span class='ocr_line' id='line_1_41' title="bbox 110 3412 1263 3482; baseline 0 -18"><span class='ocrx_word' id='word_1_410' title='bbox 110 3430 164 3466; x_wconf 85' lang='lat' dir='ltr'><strong>non</strong></span> <span class='ocrx_word' id='word_1_411' title='bbox 181 3415 335 3467; x_wconf 84' lang='lat' dir='ltr'><strong>seiunctum</strong></span> <span class='ocrx_word' id='word_1_412' title='bbox 352 3427 370 3462; x_wconf 84' lang='lat' dir='ltr'><strong>a</strong></span> <span class='ocrx_word' id='word_1_413' title='bbox 389 3412 495 3476; x_wconf 84' lang='lat' dir='ltr'><strong>dolore,·</strong></span> <span class='ocrx_word' id='word_1_414' title='bbox 513 3413 577 3464; x_wconf 52' lang='lat' dir='ltr'><strong>i.&gt;e.</strong></span> <span class='ocrx_word' id='word_1_415' title='bbox 598 3413 728 3478; x_wconf 66' lang='lat' dir='ltr'><strong>eundem,</strong></span> <span class='ocrx_word' id='word_1_416' title='bbox 748 3430 835 3482; x_wconf 80' lang='lat' dir='ltr'><strong>quem</strong></span> <span class='ocrx_word' id='word_1_417' title='bbox 852 3412 965 3472; x_wconf 84' lang='lat' dir='ltr'><strong>dolor.“</strong></span> <span class='ocrx_word' id='word_1_418' title='bbox 982 3412 1092 3471; x_wconf 78' lang='lat' dir='ltr'><strong>Nissen.</strong></span> <span class='ocrx_word' id='word_1_419' title='bbox 1129 3415 1196 3465; x_wconf 87' lang='lat' dir='ltr'><strong>Nou</strong></span> <span class='ocrx_word' id='word_1_420' title='bbox 1215 3413 1263 3464; x_wconf 89' lang='lat' dir='ltr'><strong>de·</strong></span> 
     </span>
     <span class='ocr_line' id='line_1_42' title="bbox 109 3482 1264 3557; baseline 0 -23"><span class='ocrx_word' id='word_1_421' title='bbox 109 3484 190 3535; x_wconf 88' lang='lat' dir='ltr'><strong>bebat</strong></span> <span class='ocrx_word' id='word_1_422' title='bbox 209 3487 357 3557; x_wconf 84' lang='lat' dir='ltr'><strong>desperare</strong></span> <span class='ocrx_word' id='word_1_423' title='bbox 375 3483 423 3533; x_wconf 74' lang='lat' dir='ltr'><strong>vir</strong></span> <span class='ocrx_word' id='word_1_424' title='bbox 439 3483 538 3535; x_wconf 86' lang='lat' dir='ltr'><strong>doctus</strong></span> <span class='ocrx_word' id='word_1_425' title='bbox 557 3483 590 3534; x_wconf 88' lang='lat' dir='ltr'><strong>de</strong></span> <span class='ocrx_word' id='word_1_426' title='bbox 609 3484 751 3543; x_wconf 81' lang='lat' dir='ltr'><strong>sententia</strong></span> <span class='ocrx_word' id='word_1_427' title='bbox 769 3483 913 3549; x_wconf 79' lang='lat' dir='ltr'><strong>lectionis,</strong></span> <span class='ocrx_word' id='word_1_428' title='bbox 941 3482 1013 3552; x_wconf 76' lang='lat' dir='ltr'><strong>quae</strong></span> <span class='ocrx_word' id='word_1_429' title='bbox 1034 3499 1134 3535; x_wconf 80' lang='lat' dir='ltr'><strong>omnes</strong></span> <span class='ocrx_word' id='word_1_430' title='bbox 1150 3483 1264 3536; x_wconf 85' lang='lat' dir='ltr'><strong>obtinet</strong></span> 
     </span>
     <span class='ocr_line' id='line_1_43' title="bbox 109 3552 1264 3618; baseline 0 -14"><span class='ocrx_word' id='word_1_431' title='bbox 109 3555 218 3616; x_wconf 59' lang='lat' dir='ltr'><strong>libros.</strong></span> <span class='ocrx_word' id='word_1_432' title='bbox 245 3557 286 3609; x_wconf 83' lang='lat' dir='ltr'><strong>Ae</strong></span> <span class='ocrx_word' id='word_1_433' title='bbox 308 3552 445 3613; x_wconf 66' lang='lat' dir='ltr'><strong>titudinis</strong></span> <span class='ocrx_word' id='word_1_434' title='bbox 463 3569 577 3618; x_wconf 81' lang='lat' dir='ltr'><strong>nornen,</strong></span> <span class='ocrx_word' id='word_1_435' title='bbox 597 3553 637 3607; x_wconf 88' lang='lat' dir='ltr'><strong>ait</strong></span> <span class='ocrx_word' id='word_1_436' title='bbox 656 3555 766 3617; x_wconf 87' lang='lat' dir='ltr'><strong>Cicero,</strong></span> <span class='ocrx_word' id='word_1_437' title='bbox 786 3555 925 3610; x_wconf 84' lang='lat' dir='ltr'><strong>eiusmodi</strong></span> <span class='ocrx_word' id='word_1_438' title='bbox 943 3563 995 3618; x_wconf 79' lang='lat' dir='ltr'><strong>est,</strong></span> <span class='ocrx_word' id='word_1_439' title='bbox 1019 3561 1054 3608; x_wconf 87' lang='lat' dir='ltr'><strong>ut</strong></span> <span class='ocrx_word' id='word_1_440' title='bbox 1071 3552 1174 3605; x_wconf 85' lang='lat' dir='ltr'><strong>eius-si</strong></span> <span class='ocrx_word' id='word_1_441' title='bbox 1195 3553 1264 3604; x_wconf 88' lang='lat' dir='ltr'><strong>nifi-</strong></span> 
     </span>
     <span class='ocr_line' id='line_1_44' title="bbox 110 3569 1264 3688; baseline 0.002 -14"><span class='ocrx_word' id='word_1_442' title='bbox 110 3627 229 3679; x_wconf 67' lang='lat' dir='ltr'><strong>cationa</strong></span> <span class='ocrx_word' id='word_1_443' title='bbox 253 3628 288 3688; x_wconf 64' lang='lat'><strong>(10</strong></span> <span class='ocrx_word' id='word_1_444' title='bbox 319 3624 360 3683; x_wconf 78' lang='lat' dir='ltr'><strong>ris</strong></span> <span class='ocrx_word' id='word_1_445' title='bbox 386 3623 411 3674; x_wconf 85' lang='lat' dir='ltr'><strong>si</strong></span> <span class='ocrx_word' id='word_1_446' title='bbox 433 3623 597 3677; x_wconf 83' lang='lat' dir='ltr'><strong>nificatione</strong></span> <span class='ocrx_word' id='word_1_447' title='bbox 616 3625 743 3679; x_wconf 57' lang='lat' dir='ltr'><strong>nonsit&gt;</strong></span> <span class='ocrx_word' id='word_1_448' title='bbox 752 3626 892 3680; x_wconf 76' lang='lat' dir='ltr'><strong>seiuncta.</strong></span> <span class='ocrx_word' id='word_1_449' title='bbox 912 3657 945 3667; x_wconf 93' lang='lat'>-</span> <span class='ocrx_word' id='word_1_450' title='bbox 983 3623 1049 3683; x_wconf 74' lang='lat' dir='ltr'><strong>(iod.</strong></span> <span class='ocrx_word' id='word_1_451' title='bbox 1067 3621 1158 3681; x_wconf 66' lang='lat' dir='ltr'><strong>Balad.</strong></span> <span class='ocrx_word' id='word_1_452' title='bbox 1175 3569 1264 3679; x_wconf 52' lang='lat' dir='ltr'><strong>{abet</strong></span> 
     </span>
     <span class='ocr_line' id='line_1_45' title="bbox 111 3641 1264 3770; baseline 0.004 -22"><span class='ocrx_word' id='word_1_453' title='bbox 111 3695 247 3761; x_wconf 83' lang='lat' dir='ltr'><strong>seiuncta</strong></span> <span class='ocrx_word' id='word_1_454' title='bbox 267 3699 369 3751; x_wconf 81' lang='lat' dir='ltr'><strong>autore.</strong></span> <span class='ocrx_word' id='word_1_455' title='bbox 404 3641 481 3757; x_wconf 50' lang='lat' dir='ltr'><strong>&#39;futu</strong></span> <span class='ocrx_word' id='word_1_456' title='bbox 499 3695 568 3767; x_wconf 85' lang='lat' dir='ltr'><strong>Reg.</strong></span> <span class='ocrx_word' id='word_1_457' title='bbox 590 3695 662 3756; x_wconf 74' lang='lat' dir='ltr'><strong>Gud.</strong></span> <span class='ocrx_word' id='word_1_458' title='bbox 684 3700 708 3750; x_wconf 89' lang='lat' dir='ltr'><strong>l.</strong></span> <span class='ocrx_word' id='word_1_459' title='bbox 734 3694 809 3770; x_wconf 84' lang='lat' dir='ltr'><strong>Aug.</strong></span> <span class='ocrx_word' id='word_1_460' title='bbox 830 3696 938 3749; x_wconf 86' lang='lat' dir='ltr'><strong>doioris</strong></span> <span class='ocrx_word' id='word_1_461' title='bbox 955 3693 1158 3762; x_wconf 65' lang='lat' dir='ltr'><strong>nauigatur,</strong></span> <span class='ocrx_word' id='word_1_462' title='bbox 1188 3695 1264 3764; x_wconf 77' lang='lat' dir='ltr'><strong>quod</strong></span> 
     </span>
     <span class='ocr_line' id='line_1_46' title="bbox 42 3763 1264 3839; baseline 0.002 -23"><span class='ocrx_word' id='word_1_463' title='bbox 42 3807 46 3816; x_wconf 88' lang='lat'><strong>.</strong></span> <span class='ocrx_word' id='word_1_464' title='bbox 112 3769 211 3836; x_wconf 82' lang='lat' dir='ltr'><strong>recepi</strong></span> <span class='ocrx_word' id='word_1_465' title='bbox 232 3784 299 3828; x_wconf 76' lang='lat' dir='ltr'><strong>euru</strong></span> <span class='ocrx_word' id='word_1_466' title='bbox 317 3766 368 3818; x_wconf 73' lang='lat' dir='ltr'><strong>Or.</strong></span> <span class='ocrx_word' id='word_1_467' title='bbox 383 3773 415 3815; x_wconf 80' lang='lat' dir='ltr'><strong>et</strong></span> <span class='ocrx_word' id='word_1_468' title='bbox 432 3764 504 3816; x_wconf 74' lang='lat' dir='ltr'><strong>rbn.</strong></span> <span class='ocrx_word' id='word_1_469' title='bbox 533 3782 598 3817; x_wconf 85' lang='lat' dir='ltr'><strong>eum</strong></span> <span class='ocrx_word' id='word_1_470' title='bbox 616 3766 667 3818; x_wconf 87' lang='lat' dir='ltr'><strong>vul</strong></span> <span class='ocrx_word' id='word_1_471' title='bbox 689 3767 837 3839; x_wconf 85' lang='lat' dir='ltr'><strong>alegatur</strong></span> <span class='ocrx_word' id='word_1_472' title='bbox 856 3766 966 3821; x_wconf 83' lang='lat' dir='ltr'><strong>datoris</strong></span> <span class='ocrx_word' id='word_1_473' title='bbox 981 3763 1192 3834; x_wconf 66' lang='lat' dir='ltr'><strong>igituriuius:</strong></span> <span class='ocrx_word' id='word_1_474' title='bbox 1217 3781 1264 3818; x_wconf 86' lang='lat' dir='ltr'><strong>or-</strong></span> 
     </span>
     <span class='ocr_line' id='line_1_47' title="bbox 111 3784 1265 3910; baseline 0 -22"><span class='ocrx_word' id='word_1_475' title='bbox 111 3837 183 3890; x_wconf 79' lang='lat' dir='ltr'><strong>dine</strong></span> <span class='ocrx_word' id='word_1_476' title='bbox 196 3839 350 3889; x_wconf 87' lang='lat' dir='ltr'><strong>verborum</strong></span> <span class='ocrx_word' id='word_1_477' title='bbox 369 3834 458 3909; x_wconf 78' lang='lat' dir='ltr'><strong>inagis</strong></span> <span class='ocrx_word' id='word_1_478' title='bbox 477 3839 619 3898; x_wconf 76' lang='lat' dir='ltr'><strong>consueto.</strong></span> <span class='ocrx_word' id='word_1_479' title='bbox 642 3784 714 3897; x_wconf 56' lang='lat' dir='ltr'><strong>„egea</strong></span> <span class='ocrx_word' id='word_1_480' title='bbox 731 3837 824 3904; x_wconf 87' lang='lat' dir='ltr'><strong>igitur</strong></span> <span class='ocrx_word' id='word_1_481' title='bbox 842 3839 930 3891; x_wconf 87' lang='lat' dir='ltr'><strong>tertio</strong></span> <span class='ocrx_word' id='word_1_482' title='bbox 956 3838 1020 3889; x_wconf 88' lang='lat' dir='ltr'><strong>looo</strong></span> <span class='ocrx_word' id='word_1_483' title='bbox 1033 3835 1150 3910; x_wconf 72' lang='lat' dir='ltr'><strong>,iegitur</strong></span> <span class='ocrx_word' id='word_1_484' title='bbox 1167 3836 1265 3888; x_wconf 73' lang='lat' dir='ltr'><strong>&#39;etiem</strong></span> 
     </span>
     <span class='ocr_line' id='line_1_48' title="bbox 113 3903 1332 3976; baseline -0.002 -19"><span class='ocrx_word' id='word_1_485' title='bbox 113 3907 147 3958; x_wconf 76' lang='lat' dir='ltr'><strong>di</strong></span> <span class='ocrx_word' id='word_1_486' title='bbox 167 3905 220 3959; x_wconf 81' lang='lat' dir='ltr'><strong>eff.</strong></span> <span class='ocrx_word' id='word_1_487' title='bbox 240 3909 268 3970; x_wconf 72' lang='grc' dir='ltr'><strong>Ι.Ι</strong></span> <span class='ocrx_word' id='word_1_488' title='bbox 283 3909 327 3975; x_wconf 78' lang='lat'><strong>31.</strong></span> <span class='ocrx_word' id='word_1_489' title='bbox 350 3907 412 3960; x_wconf 78' lang='lat'>114:</span> <span class='ocrx_word' id='word_1_490' title='bbox 442 3903 528 3958; x_wconf 91' lang='lat' dir='ltr'><strong>Suum</strong></span> <span class='ocrx_word' id='word_1_491' title='bbox 547 3907 662 3976; x_wconf 78' lang='lat' dir='ltr'><strong>quisque</strong></span> <span class='ocrx_word' id='word_1_492' title='bbox 680 3906 774 3975; x_wconf 89' lang='lat' dir='ltr'><strong>igitur</strong></span> <span class='ocrx_word' id='word_1_493' title='bbox 791 3916 885 3961; x_wconf 87' lang='lat' dir='ltr'><strong>noscat</strong></span> <span class='ocrx_word' id='word_1_494' title='bbox 905 3906 1059 3976; x_wconf 84' lang='lat' dir='ltr'><strong>ingenium.</strong></span> <span class='ocrx_word' id='word_1_495' title='bbox 1096 3907 1138 3960; x_wconf 84' lang='lat' dir='ltr'><strong>De</strong></span> <span class='ocrx_word' id='word_1_496' title='bbox 1166 3907 1265 3959; x_wconf 86' lang='lat' dir='ltr'><strong>eadem</strong></span> <span class='ocrx_word' id='word_1_497' title='bbox 1329 3950 1332 3954; x_wconf 87' lang='lat'><strong>.</strong></span> 
     </span>
     <span class='ocr_line' id='line_1_49' title="bbox 113 3976 1262 4048; baseline 0 -19"><span class='ocrx_word' id='word_1_498' title='bbox 113 3976 378 4047; x_wconf 78' lang='lat' dir='ltr'><strong>particulaquarto</strong></span> <span class='ocrx_word' id='word_1_499' title='bbox 397 3984 425 4028; x_wconf 85' lang='lat' dir='ltr'><strong>et</strong></span> <span class='ocrx_word' id='word_1_500' title='bbox 444 3977 545 4043; x_wconf 89' lang='lat' dir='ltr'><strong>quinto</strong></span> <span class='ocrx_word' id='word_1_501' title='bbox 564 3979 627 4030; x_wconf 87' lang='lat' dir='ltr'><strong>loeo</strong></span> <span class='ocrx_word' id='word_1_502' title='bbox 646 3979 738 4048; x_wconf 83' lang='lat' dir='ltr'><strong>posita</strong></span> <span class='ocrx_word' id='word_1_503' title='bbox 755 3978 813 4032; x_wconf 87' lang='lat' dir='ltr'><strong>vid.</strong></span> <span class='ocrx_word' id='word_1_504' title='bbox 833 3996 884 4033; x_wconf 87' lang='lat' dir='ltr'><strong>nos</strong></span> <span class='ocrx_word' id='word_1_505' title='bbox 905 3980 940 4033; x_wconf 83' lang='lat' dir='ltr'><strong>ad</strong></span> <span class='ocrx_word' id='word_1_506' title='bbox 952 3979 1018 4032; x_wconf 76' lang='lat' dir='ltr'><strong>Cia.</strong></span> <span class='ocrx_word' id='word_1_507' title='bbox 1038 3977 1073 4030; x_wconf 85' lang='lat' dir='ltr'><strong>de</strong></span> <span class='ocrx_word' id='word_1_508' title='bbox 1090 3976 1155 4029; x_wconf 90' lang='lat' dir='ltr'><strong>Div.</strong></span> <span class='ocrx_word' id='word_1_509' title='bbox 1177 3979 1198 4030; x_wconf 85' lang='lat'><strong>1.</strong></span> <span class='ocrx_word' id='word_1_510' title='bbox 1221 3979 1262 4035; x_wconf 75' lang='lat'><strong>15.</strong></span> 
     </span>
     <span class='ocr_line' id='line_1_50' title="bbox 106 4044 1263 4124; baseline -0.002 -21"><span class='ocrx_word' id='word_1_511' title='bbox 106 4065 143 4116; x_wconf 32' lang='grc' dir='ltr'><strong>..ΡΛ</strong></span> <span class='ocrx_word' id='word_1_512' title='bbox 160 4049 203 4112; x_wconf 74' lang='grc'><strong>73.</strong></span> <span class='ocrx_word' id='word_1_513' title='bbox 224 4049 262 4101; x_wconf 90' lang='lat'><strong>11.</strong></span> <span class='ocrx_word' id='word_1_514' title='bbox 282 4050 309 4107; x_wconf 81' lang='lat'><strong>3.</strong></span> <span class='ocrx_word' id='word_1_515' title='bbox 326 4065 354 4116; x_wconf 81' lang='lat' dir='ltr'><strong>p·</strong></span> <span class='ocrx_word' id='word_1_516' title='bbox 374 4049 434 4102; x_wconf 81' lang='lat'><strong>303.</strong></span> <span class='ocrx_word' id='word_1_517' title='bbox 473 4049 507 4100; x_wconf 88' lang='lat' dir='ltr'><strong>lu</strong></span> <span class='ocrx_word' id='word_1_518' title='bbox 526 4048 600 4101; x_wconf 88' lang='lat' dir='ltr'><strong>Gud.</strong></span> <span class='ocrx_word' id='word_1_519' title='bbox 612 4051 648 4104; x_wconf 53' lang='lat'><strong>2..</strong></span> <span class='ocrx_word' id='word_1_520' title='bbox 660 4057 688 4100; x_wconf 85' lang='lat' dir='ltr'><strong>et</strong></span> <span class='ocrx_word' id='word_1_521' title='bbox 706 4048 779 4106; x_wconf 84' lang='lat' dir='ltr'><strong>Gud.</strong></span> <span class='ocrx_word' id='word_1_522' title='bbox 798 4050 911 4124; x_wconf 82' lang='lat' dir='ltr'><strong>legitur</strong></span> <span class='ocrx_word' id='word_1_523' title='bbox 928 4049 1022 4116; x_wconf 84' lang='lat' dir='ltr'><strong>igitur</strong></span> <span class='ocrx_word' id='word_1_524' title='bbox 1040 4044 1148 4107; x_wconf 75' lang='lat' dir='ltr'><strong>doloris</strong></span> <span class='ocrx_word' id='word_1_525' title='bbox 1165 4045 1263 4101; x_wconf 78' lang='lat' dir='ltr'><strong>liuius:</strong></span> 
     </span>
     <span class='ocr_line' id='line_1_51' title="bbox 113 4117 1262 4196; baseline 0 -26"><span class='ocrx_word' id='word_1_526' title='bbox 113 4117 203 4178; x_wconf 65' lang='lat' dir='ltr'><strong>aaut.</strong></span> <span class='ocrx_word' id='word_1_527' title='bbox 232 4117 438 4181; x_wconf 57' lang='lat' dir='ltr'><strong>huiusmodi„</strong></span> <span class='ocrx_word' id='word_1_528' title='bbox 451 4118 548 4182; x_wconf 80' lang='lat' dir='ltr'><strong>Duisb.</strong></span> <span class='ocrx_word' id='word_1_529' title='bbox 570 4125 615 4180; x_wconf 20' lang='lat' dir='ltr'><strong>‘est</strong></span> <span class='ocrx_word' id='word_1_530' title='bbox 633 4118 797 4196; x_wconf 63' lang='lat' dir='ltr'><strong>explicanda</strong></span> <span class='ocrx_word' id='word_1_531' title='bbox 815 4120 924 4181; x_wconf 76' lang='lat' dir='ltr'><strong>arnissis</strong></span> <span class='ocrx_word' id='word_1_532' title='bbox 941 4119 1042 4173; x_wconf 86' lang='lat' dir='ltr'><strong>verbis</strong></span> <span class='ocrx_word' id='word_1_533' title='bbox 1054 4136 1132 4190; x_wconf 85' lang='lat' dir='ltr'><strong>seqq.</strong></span> <span class='ocrx_word' id='word_1_534' title='bbox 1160 4119 1262 4179; x_wconf 75' lang='lat' dir='ltr'><strong>idest.</strong></span> 
     </span>
     <span class='ocr_line' id='line_1_52' title="bbox 107 4188 1264 4256; baseline -0.001 -13"><span class='ocrx_word' id='word_1_535' title='bbox 107 4190 195 4251; x_wconf 62' lang='lat' dir='ltr'><strong>:Unus</strong></span> <span class='ocrx_word' id='word_1_536' title='bbox 215 4189 265 4253; x_wconf 76' lang='lat' dir='ltr'><strong>Ox.</strong></span> <span class='ocrx_word' id='word_1_537' title='bbox 280 4188 397 4241; x_wconf 86' lang='lat' dir='ltr'><strong>omittit</strong></span> <span class='ocrx_word' id='word_1_538' title='bbox 414 4191 500 4242; x_wconf 85' lang='lat' dir='ltr'><strong>verba</strong></span> <span class='ocrx_word' id='word_1_539' title='bbox 522 4189 649 4255; x_wconf 76' lang='lat' dir='ltr'><strong>efficiens</strong></span> <span class='ocrx_word' id='word_1_540' title='bbox 672 4188 777 4256; x_wconf 85' lang='lat' dir='ltr'><strong>aegrit.</strong></span> <span class='ocrx_word' id='word_1_541' title='bbox 798 4225 831 4235; x_wconf 94' lang='lat'><em>-</em></span> <span class='ocrx_word' id='word_1_542' title='bbox 866 4189 970 4245; x_wconf 81' lang='lat' dir='ltr'><strong>medici</strong></span> <span class='ocrx_word' id='word_1_543' title='bbox 988 4205 1088 4243; x_wconf 87' lang='lat' dir='ltr'><strong>eausa:</strong></span> <span class='ocrx_word' id='word_1_544' title='bbox 1114 4191 1264 4250; x_wconf 82' lang='lat' dir='ltr'><strong>aberrante</strong></span> 
     </span>
     <span class='ocr_line' id='line_1_53' title="bbox 115 4259 1313 4334; baseline 0.004 -26"><span class='ocrx_word' id='word_1_545' title='bbox 115 4259 231 4325; x_wconf 84' lang='lat' dir='ltr'><strong>librarii</strong></span> <span class='ocrx_word' id='word_1_546' title='bbox 242 4260 340 4313; x_wconf 54' lang='lat' dir='ltr'><strong>&gt;oculo</strong></span> <span class='ocrx_word' id='word_1_547' title='bbox 360 4260 456 4312; x_wconf 90' lang='lat' dir='ltr'><strong>Duisb.</strong></span> <span class='ocrx_word' id='word_1_548' title='bbox 476 4259 562 4313; x_wconf 88' lang='lat' dir='ltr'><strong>habet</strong></span> <span class='ocrx_word' id='word_1_549' title='bbox 579 4259 790 4329; x_wconf 83' lang='lat' dir='ltr'><strong>aegritudinem</strong></span> <span class='ocrx_word' id='word_1_550' title='bbox 814 4278 868 4334; x_wconf 88' lang='lat' dir='ltr'><strong>pro</strong></span> <span class='ocrx_word' id='word_1_551' title='bbox 893 4259 1129 4328; x_wconf 68' lang='lat' dir='ltr'><strong>aegrotationem.</strong></span> <span class='ocrx_word' id='word_1_552' title='bbox 1160 4263 1266 4313; x_wconf 85' lang='lat' dir='ltr'><strong>Voeem</strong></span> <span class='ocrx_word' id='word_1_553' title='bbox 1308 4275 1313 4282; x_wconf 92' lang='grc'>’</span> 
     </span>
     <span class='ocr_line' id='line_1_54' title="bbox 115 4330 1264 4407; baseline 0.003 -26"><span class='ocrx_word' id='word_1_554' title='bbox 115 4335 247 4398; x_wconf 82' lang='lat' dir='ltr'><strong>tanquam</strong></span> <span class='ocrx_word' id='word_1_555' title='bbox 266 4331 375 4384; x_wconf 86' lang='lat' dir='ltr'><strong>omittit</strong></span> <span class='ocrx_word' id='word_1_556' title='bbox 400 4330 476 4395; x_wconf 74' lang='lat' dir='ltr'><strong>,Gud.</strong></span> <span class='ocrx_word' id='word_1_557' title='bbox 496 4333 521 4386; x_wconf 76' lang='lat'><strong>2.</strong></span> <span class='ocrx_word' id='word_1_558' title='bbox 546 4330 824 4400; x_wconf 60' lang='lat' dir='ltr'><strong>·Mox›Reipd.;habet</strong></span> <span class='ocrx_word' id='word_1_559' title='bbox 850 4331 1005 4407; x_wconf 22' lang='lat' dir='ltr'><strong>cum-Aug.</strong></span> <span class='ocrx_word' id='word_1_560' title='bbox 1025 4333 1175 4392; x_wconf 81' lang='lat' dir='ltr'><strong>¹inuentam</strong></span> <span class='ocrx_word' id='word_1_561' title='bbox 1193 4346 1264 4396; x_wconf 77' lang='lat' dir='ltr'><strong>esse,</strong></span> 
     </span>
     <span class='ocr_line' id='line_1_55' title="bbox 116 4399 1265 4471; baseline 0.001 -17"><span class='ocrx_word' id='word_1_562' title='bbox 116 4401 188 4454; x_wconf 89' lang='lat' dir='ltr'><strong>Gud.</strong></span> <span class='ocrx_word' id='word_1_563' title='bbox 209 4404 233 4458; x_wconf 80' lang='lat'><strong>2.</strong></span> <span class='ocrx_word' id='word_1_564' title='bbox 254 4412 366 4458; x_wconf 87' lang='lat' dir='ltr'><strong>autem:</strong></span> <span class='ocrx_word' id='word_1_565' title='bbox 387 4399 604 4456; x_wconf 81' lang='lat' dir='ltr'><strong>curationem</strong></span> <span class='ocrx_word' id='word_1_566' title='bbox 622 4402 842 4458; x_wconf 87' lang='lat' dir='ltr'><strong>curationem</strong></span> <span class='ocrx_word' id='word_1_567' title='bbox 860 4404 923 4471; x_wconf 88' lang='lat' dir='ltr'><strong>(sic)</strong></span> <span class='ocrx_word' id='word_1_568' title='bbox 943 4401 1166 4464; x_wconf 44' lang='lat' dir='ltr'><strong>iuuentamvesse.</strong></span> <span class='ocrx_word' id='word_1_569' title='bbox 1200 4404 1265 4461; x_wconf 80' lang='lat' dir='ltr'><strong>Mox</strong></span> 
     </span>
    </p>
   </div>
   <div class='ocr_carea' id='block_1_6' title="bbox 0 0 1447 5070">
    <p class='ocr_par' dir='ltr' id='par_1_6' title="bbox 0 0 1447 5070">
     <span class='ocr_line' id='line_1_56' title="bbox 0 0 1447 5070; baseline 0 0"><span class='ocrx_word' id='word_1_570' title='bbox 0 0 1447 5070; x_wconf 95' lang='lat' dir='ltr'><strong> </strong></span> 
     </span>
    </p>
   </div>
  </div>
 </body>
</html>
