2842 5070
202 303 266 369 tls
383 266 643 399 scionnoms'
659 299 906 403 resonum.
929 300 1160 367 msrnmu.

33 511 37 516 »
116 546 123 558 ,ἵ
204 467 395 530 commotio.
439 431 654 532 Constantem
687 469 777 530 enim
810 466 973 549 quendem
1000 468 1167 552 volumus,
1196 463 1365 546 sedatum,

204 570 352 636 gravem,
377 550 521 613 humana
536 554 647 614 omnia
659 560 875 633 prementem,
897 552 996 614 illum
1011 571 1093 628 esse,
1115 568 1213 632 quem
1226 569 1364 634 magna-

204 735 347 797 motiones
371 736 534 789 animorum
558 753 615 791 csse
635 737 766 804 uitiosae,
794 746 849 790 nec'
879 737 982 802 solum,
1011 754 1100 807 quum
1124 734 1185 801 illa,
1220 751 1295 806 quae
1319 753 1364 790 eas

204 800 335 882 moven't2
362 823 409 860 nec
426 809 501 860 mala
519 810 594 874 sunt,
623 824 671 861 nec
688 809 773 862 bona:
807 807 856 860 sed
869 809 964 860 ctiam
988 816 1051 859 tum
1073 807 1098 859 si
1125 806 1178 858 illa
1195 822 1317 859 revera
1337 813 1364 860 et

203 878 279 929 mala
298 879 355 930 sint
374 882 401 932 et
419 879 498 932 bona.
520 908 552 917 -
591 879 736 932 Similiter
754 895 822 931 mox
840 896 865 932 c.
881 881 929 943 29,
947 879 997 934 62:
1017 880 1117 941 tomen,
1137 877 1287 931 etiamsi
1303 877 1364 930 oir-

205 948 275 1001 tctt’a
294 950 383 1017 ipsius
400 949 582 1003 veliementior
600 949 738 1018 appetitus
756 952 804 1017 sit,
833 950 925 1003 ecdem
948 949 987 1004 sit
1010 948 1137 1002 omnibus
1155 949 1193 1002 ad
1205 949 1364 1004 deterren-

203 1019 269 1072 dum
287 1019 443 1079 adhibendo
461 1019 585 1077 oratio.“
609 1021 702 1075 Kttln.

190 1101 194 1109 ·
275 1092 387 1144 etiamsi
404 1090 465 1144 nec
482 1094 557 1145 mato
575 1089 631 1144 sint
649 1119 682 1130 -
701 1108 759 1146 nec
775 1085 1010 1160 bonml'llestitui
1029 1091 1185 1145 lectionem
1203 1091 1363 1169 vulgatam,

204 1174 277 1229 quae
304 1161 402 1214 eadem
427 1171 469 1215 est
491 1162 578 1215 lectio
605 1162 748 1216 librorum
766 1163 844 1217 MSS.
866 1171 894 1217 et
911 1163 1108 1232 plurimorum
1126 1171 1155 1216 et
1173 1162 1361 1235 optimorum,

203 1231 273 1318 Reg.
304 1232 488 1302 [quamquam
515 1238 567 1285 ex‘
581 1233 737 1287 collatione
763 1244 861 1288 nostra
885 1232 1015 1308 colligas,
1051 1232 1157 1289 habere
1185 1250 1252 1286 eum
1278 1233 1361 1299 dono,

204 1318 306 1355 omlsso
333 1304 391 1368 nec,
419 1304 496 1372 quod
517 1322 621 1357 verum
643 1321 702 1357 non
724 1304 781 1371 est]
815 1305 889 1358 Gud.
910 1309 934 1360 1.
952 1309 978 1361 2.
1012 1305 1057 1356 Au
1079 1344 1086 1358 .
1111 1305 1195 1357 Vind.
1214 1309 1239 1360 l.
1271 1303 1360 1357 lllarb.

202 1372 292 1426 Rehd.
320 1375 403 1428 Gud.
419 1374 515 1427 Duisb.
544 1379 619 1428 ltlon.
640 1380 663 1431 1.
683 1379 709 1431 2.
734 1383 844 1446 septem
869 1374 939 1430 Oxx.
976 1376 1038 1428 Duo
1058 1322 1132 1430 {xm
1159 1376 1301 1428 omittunt
1323 1374 1362 1441 ei,

203 1446 279 1497 ltlon.
301 1450 325 1498 l.
345 1444 430 1499 habet
449 1452 482 1499 et
500 1445 619 1499 etiamsi.
640 1445 728 1499 Rehd.
748 1447 858 1499 omittit
876 1446 1025 1500 ittesnav.
1046 1445 1181 1499 codicem
1199 1445 1300 1502 Ursini
1319 1445 1361 1510 (si

203 1515 274 1568 fides
291 1515 416 1578 homini)
435 1525 551 1570 secutus
570 1526 628 1583 est3
659 1523 691 1570 et
709 1519 785 1570 mela
804 1545 837 1556 -
864 1523 895 1570 et
918 1518 990 1570 dona
1016 1516 1157 1570 dederunt
1174 1517 1272 1572 Manli.
1291 1515 1360 1568 Fre.

206 1586 230 1638 F
231 1588 289 1643 abr.
318 1587 463 1644 FAWolf.
490 1586 574 1640 Schz.
601 1591 647 1642 Or.
684 1589 759 1655 Sola,
785 1597 818 1641 ut
836 1589 960 1654 videtur,
984 1588 1037 1642 Ed.
1057 1586 1117 1640 Alt.
1136 1587 1223 1657 habet
1247 1586 1362 1640 etiamsi

204 1657 280 1710 muto
291 1665 331 1700 '-
350 1675 399 1711 nec
417 1660 504 1712 bono:
524 1659 583 1712 sola
600 1659 673 1711 Tbn.
696 1659 807 1714 etiamsi
825 1660 978 1712 molo-et
994 1659 1075 1712 dona.
1095 1658 1189 1711 Nobb.
1205 1675 1273 1710 cnm
1288 1657 1360 1710 Ern.

188 1729 283 1802 'fecit
308 1729 423 1797 Optime
442 1739 536 1793 antem
555 1747 618 1782 rem
637 1732 783 1802 expedivit
802 1731 927 1782 Handius
945 1731 980 1782 ad
997 1729 1109 1800 Wopk.
1128 1730 1150 1782 1.
1169 1745 1194 1782 c.
1214 1728 1276 1800 qui,
1294 1729 1362 1782 Non

139 1808 146 1820 ‘
204 1805 265 1850 tem
283 1799 379 1865 facile,
405 1801 454 1865 ait,
482 1800 629 1854 credamus
652 1802 684 1854 in
707 1819 765 1854 nno
787 1801 888 1855 Ursini
912 1800 1010 1854 codice
1034 1801 1149 1853 omissas
1167 1816 1227 1853 esse
1243 1799 1363 1852 voculas

204 1885 254 1924 nec
273 1886 383 1934 -nec,
402 1880 451 1923 aut
470 1868 654 1946 corrigendas
666 1889 707 1938 ,ec
724 1872 818 1939 modo,
838 1888 930 1942 quem·
943 1888 1041 1924 omnes
1059 1871 1183 1924 editores
1200 1878 1265 1942 post
1279 1871 1363 1923 Lam-

204 1941 305 1993 binum
322 1942 526 2011 probaverunt,
559 1960 643 2017 quam
666 1951 700 1995 ut
723 1943 853 1995 omnium
872 1943 1012 1994 librorum
1037 1941 1210 2012 scripturam
1228 1939 1364 1995 defenda-

205 2028 278 2077 mus,
306 2013 438 2084 ambigua
452 2021 487 2065 -et
511 2011 628 2065 obscura
645 2011 774 2067 dictione
793 2013 928 2067 Ciceroni
946 2011 1101 2083 aliquoties
1126 2026 1272 2067 concessa.
1305 2011 1363 2064 Ille

206 2084 285 2137 enim
305 2083 442 2159 cogitasse
452 2083 569 2137 videtur
585 2083 671 2138 haec:
690 2085 803 2136 etiamsi
820 2080 1152 2155 perturbationes-annui
1170 2083 1203 2136 ab
1217 2099 1249 2135 ea
1267 2080 1362 2154 parte,

195 2155 283 2224 ‘quod
301 2171 355 2206 nec
382 2154 456 2206 mala
481 2154 548 2217 sint,
582 2173 653 2224 quae
678 2164 790 2207 metum
815 2154 1075 2229 aegritudinemve,
1103 2170 1157 2207 nec
1179 2154 1264 2218 bona,
1288 2170 1363 2223 quae

206 2225 394 2294 cupiditatem
412 2225 590 2278 laetitiamve
609 2235 752 2288 moveant,
772 2225 930 2294 improbari
949 2225 1078 2287 debeant,
1097 2227 1193 2277 temen
1210 2224 1272 2294 ipsa
1291 2224 1364 2277 adeo

205 2297 360 2349 commotio
385 2294 488 2346 vitiosa
510 2301 560 2346 est.
598 2295 652 2347 Cui
680 2296 837 2348 sententiae
862 2312 987 2348 senune
1011 2296 1136 2366 applicet
1153 2295 1239 2348 etiam
1258 2295 1307 2348 Or.
1330 2322 1364 2333 -

114 2391 134 2414 ,·
204 2367 258 2418 Pro
283 2365 463 2432 cupiditatem
487 2365 630 2434 optimum
654 2366 712 2418 Pal.
738 2374 874 2436 quartum
896 2365 1002 2420 habere
1019 2368 1060 2420 ait
1079 2365 1170 2419 Gebh.
1190 2364 1361 2434 cupidinem.

184 2433 282 2485 ·'i¹um
299 2453 372 2486 unus
391 2436 440 2489 Ox.
459 2435 755 2501 habet'eommoveont,
783 2439 850 2491 Cod.
870 2438 913 2489 Au
937 2477 943 2488 .
968 2443 1120 2493 moneant.
1157 2437 1217 2491 Mn
1386 2474 1390 2478 -

127 2569 130 2575 Ι
277 2511 372 2558 tomen
396 2507 431 2559 sit
456 2505 560 2558 vitiosa
584 2500 648 2575 ipsa
666 2508 838 2574 commotio]
870 2455 957 2564 codd.
971 2508 1051 2562 Gud.
1069 2508 1167 2561 Duisb.
1189 2517 1218 2561 et
1236 2509 1314 2562 Mon.
1335 2511 1359 2563 l.

205 2574 312 2629 hebent
330 2583 422 2629 senten
445 2576 549 2628 vitiosa
568 2578 615 2641 sit,
642 2581 717 2631 Mon.
740 2584 762 2633 1.
778 2580 865 2632 -s'llo
888 2579 1042 2633 commotin
1080 2579 1182 2632 Intelli
1205 2595 1237 2631 e:
1267 2577 1363 2650 ipsum

206 2646 282 2700 illud
300 2649 476 2700 commoveri
501 2648 636 2700 vitiosum
655 2649 702 2712 sit,
733 2651 809 2718 quod
831 2659 957 2702 mentem
975 2649 1135 2719 perturbat.
1200 2649 1363 2723 eeleganti

152 2755 153 2758 ,
206 2717 354 2772 locutione
372 2725 538 2771 constantem
557 2746 591 2756 -
611 2721 756 2788 quendam,
780 2721 830 2772 ubi
853 2738 920 2772 usus
941 2720 1122 2791 pronominis
1141 2720 1223 2790 quasi
1245 2720 1363 2791 pleona-

205 2791 294 2842 sticus
312 2791 465 2859 respondet
483 2807 586 2860 graeco
604 2791 676 2854 τινά,
696 2799 725 2842 et
743 2799 840 2843 nostro
860 2791 1163 2855 articulcindeflnitc,
1189 2790 1248 2843 vid.
1268 2790 1362 2843 Beier.

206 2859 242 2912 ad
261 2860 321 2911 cio.
341 2861 418 2912 Lael.
439 2863 465 2923 9,
485 2863 528 2915 29.
548 2878 576 2931 p.
596 2861 721 2915 29.³add.
743 2879 814 2930 quae
832 2862 995 2914 monuimus
1013 2861 1048 2915 ad
1066 2862 1103 2914 ll.
1122 2863 1150 2917 4.
1171 2866 1214 2917 11.
1234 2861 1285 2913 ubi
1304 2869 1361 2914 est:

207 2937 236 2983 te
254 2937 357 2984 natura
376 2931 513 2983 excelsum
532 2932 666 2998 quendam
685 2964 718 2975 -
736 2931 847 3001 gennit3
874 2941 1022 3002 praeterea
1046 2932 1168 3001 Grysar:
1202 2931 1362 2985 Theorie

207 3000 234 3052 d.
254 3003 329 3054 Lat.
350 2999 464 3072 style,
483 3020 511 3072 p.
533 3005 592 3058 115.
621 3002 746 3055 Weber:
767 3003 1066 3077 Uebungsschnle
1084 3005 1105 3054 f.
1125 3003 1152 3055 d.
1172 3004 1248 3057 Lat.
1266 3003 1360 3073 styl.

206 3085 235 3142 p'·
257 3076 281 3128 1.
302 3090 343 3144 sq.
381 3073 526 3126 Scribitur
551 3077 678 3126 columns
705 3073 839 3142 quendam
865 3074 896 3126 in
923 3075 1005 3126 nullo
1033 3073 1150 3143 quidem
1169 3073 1238 3126 (iod.
1264 3074 1314 3127 ted
1331 3074 1362 3126 in

137 3166 141 3173 ·
206 3143 278 3197 Edd.
302 3152 374 3198 vett.
404 3144 532 3213 (praeter
549 3147 582 3196 V.
611 3145 682 3198 Rob.
708 3144 807 3214 steph.
835 3153 864 3197 et
888 3144 987 3208 Leod.)
1011 3154 1077 3198 ante
1104 3143 1195 3198 Geth.
1221 3146 1359 3202 omnibns.

206 3216 272 3268 Post
295 3217 418 3268 sedatum
445 3214 511 3268 Cod.
531 3215 607 3290 Aug.
634 3214 750 3268 exhibet
768 3230 893 3282 gravare
918 3232 971 3286 pro
989 3229 1121 3284 grocem3
1150 3215 1183 3267 in
1200 3215 1299 3268 Duisb.
1319 3224 1362 3270 est

205 3288 298 3340 omnia
320 3284 447 3338 hemona.
483 3286 544 3339 Mr.
833 3292 834 3296 ’
1330 3339 1332 3342 ,

278 3356 398 3413 humana
424 3361 518 3410 omnio
541 3354 739 3424 prementem]
777 3357 921 3423 „Quidam
950 3358 979 3410 le
1017 3359 1106 3410 ndum
1135 3364 1240 3428 putant
1267 3355 1361 3410 omnic

207 3435 439 3495 spernentem.
477 3429 540 3512 Ego
558 3427 636 3488 nhil
653 3427 822 3479 mutandum
840 3445 949 3482 censeo.
1008 3430 1140 3505 ignificat
1158 3429 1246 3492 enim,
1264 3427 1363 3482 virum

206 3499 314 3551 fortem
333 3508 361 3553 ct
380 3515 595 3571 magnanimum
613 3500 709 3550 omnia
727 3516 755 3550 se
775 3501 835 3568 ipso
854 3498 992 3564 inferiora
1016 3508 1103 3569 atque
1127 3497 1289 3553 humiliora
1312 3498 1364 3550 du·

172 3601 174 3608 ·
208 3584 274 3621 cere
293 3568 458 3639 oportere.“
477 3567 571 3622 Lomd.
607 3569 771 3637 „Equidem
789 3585 855 3620 cum
873 3570 1006 3623 Bentleio
1029 3569 1103 3623 ferri
1121 3585 1180 3622 non
1196 3585 1279 3641 posse
1299 3586 1363 3622 cen·

208 3657 255 3692 seo
269 3646 445 3708 prementem.
470 3639 556 3690 Nihil
574 3639 644 3692 addo
664 3641 819 3692 rationibus
838 3642 871 3693 ab
890 3657 923 3694 eo
940 3641 1072 3712 prolatis,
1091 3641 1193 3711 quibus
1211 3641 1387 3711 probatum
1410 3670 1414 3675 -

191 3707 273 3776 -tvit,
294 3711 415 3763 verbnm
434 3709 508 3761 illud
526 3727 583 3762 non
600 3727 681 3780 posse
699 3710 764 3762 h.l.'
777 3711 908 3786 intelligi
926 3713 1007 3780 quasi
1024 3711 1166 3781 scriptum
1184 3711 1228 3763 sit
1241 3711 1362 3764 calcare.

97 3769 100 3773 ¹
161 3844 164 3850 ¹
208 3780 372 3850 Wopkens.
391 3781 483 3834 Lectt.
512 3781 591 3839 Tull.
611 3781 647 3833 11.
669 3784 710 3834 18.
741 3781 884 3834 existimat
910 3782 1073 3855 significare
1094 3786 1265 3850 prementem
1292 3780 1323 3834 h.
1341 3782 1363 3835 1.

141 3894 145 3901 ,
209 3850 230 3902 i.
246 3868 279 3920 q.
307 3849 554 3919 comprimentem.
597 3850 731 3915 Quamvis
758 3860 853 3904 autem
880 3853 1029 3906 commode
1056 3852 1191 3906 dicantur
1208 3854 1365 3923 comprimi

209 3921 258 3972 vel
275 3921 369 3990 premi
388 3921 477 3972 animi
495 3921 700 3975 commotiones
725 3922 785 3981 vel.
799 3923 928 3976 animum
951 3924 1055 3992 ipsum,
1083 3924 1160 3976 idem'
1181 3922 1242 3975 dici
1259 3924 1364 3994 nequit

210 3989 245 4042 de
273 3991 357 4043 rebus
382 3992 513 4060 adversis
532 3991 635 4056 iisque,
668 4005 740 4061 quae
764 3993 796 4043 in
821 3994 882 4046 vita
899 3994 1042 4052 accidunt·
1069 3989 1250 4047 'Ciceronem
1270 3995 1364 4069 igitur

209 4059 239 4116 h.
258 4060 278 4112 l.
298 4061 431 4115 locutum
453 4079 511 4115 esse
536 4062 630 4124 credo,
658 4071 692 4114 ut
709 4064 776 4115 alibi
797 4065 877 4128 iecit,
902 4065 1105 4136 scripsisseque
1128 4063 1364 4120 numennumen

209 4131 380 4195 serentem
402 4133 452 4185 vel
475 4133 726 4196 spernentem.“
750 4133 884 4189 Bouhier.
1297 4129 1302 4145 ‘

279 4205 411 4257 Humana
428 4206 521 4256 omnio
538 4205 730 4273 prementem]
748 4205 800 4259 Sic
819 4222 915 4258 omnes
933 4207 1022 4260 Mssti.
1059 4208 1126 4260 Non
1143 4206 1248 4260 desunt
1266 4215 1365 4260 tamen
1412 4222 1415 4227 ·

117 4269 125 4281 “
210 4275 270 4349 qui
285 4279 460 4344 spernentem
485 4275 681 4344 reponendum
709 4276 911 4335 contendunt·
939 4278 1021 4331 Hand
1044 4279 1141 4348 inepte
1167 4276 1303 4348 quiderm
1333 4294 1367 4330 ea

209 4345 287 4405 enim
313 4360 394 4397 mens
421 4352 463 4396 est
479 4344 637 4411 Ciceronis,
663 4355 693 4400 et
710 4348 752 4400 ita
767 4348 873 4417 passim
897 4348 1053 4418 loquitur.'
1075 4348 1147 4401 Mihi
1173 4356 1272 4401 tamen
1299 4364 1366 4401 enm

209 4415 348 4468 Lambino
365 4429 424 4468 non
440 4423 550 4470 temere
568 4417 723 4472 deserenda
740 4418 857 4474 videtur
873 4420 978 4488 lectio;
1002 4437 1089 4493 quam
1107 4419 1256 4487 codicum,
1282 4427 1367 4492 quot·
