2842 5070
195 289 262 380 no·
401 303 1145 372 c1ccuon1srosoumnmsrumr.

360 473 430 536 Nee
450 471 529 534 cero
551 480 644 534 tonte
663 468 835 550 praeditur
855 471 1019 549 sapientia

362 557 534 638 Quisquam
556 555 618 631 cst,
640 558 695 635 qui
708 553 850 615 *aliorum
872 551 1047 618 aerumnam
1069 549 1166 613 dictis
1186 546 1344 629 allevans,

112 637 193 691 ΗΜ·
359 639 435 700 Νοο
456 637 546 716 idem,
565 657 658 718 quum
679 635 823 700 Fontine
843 644 966 696 mutata
987 632 1131 712 impetum

141 709 166 745 α’
362 717 551 799 Convenae,
574 719 664 783 clade
685 717 793 782 addita
814 715 993 799 frangatur
1014 737 1089 788 οοος

195 895 274 950 nihil
289 895 397 949 certius
415 895 541 961 videtur,
561 913 646 965 quam
665 912 762 949 omnes
780 895 853 948 alias*
868 894 1019 958 lectiones,
1037 899 1154 963 praeter
1172 910 1244 957 eam,
1264 909 1351 962 quam

194 984 247 1020 nos
266 967 445 1030 exhibemus,
465 975 540 1018 ortas
560 983 617 1018 esse
637 984 673 1021 ex
691 975 891 1019 correctorum
908 964 956 1018 vel
975 965 1167 1032 interpretum
1188 963 1350 1029 sedulitate,

93 1076 100 1083 .
238 1038 244 1050 “
265 1037 348 1089 illam
366 1033 479 1090 σύνεσιν
496 1037 545 1088 vel
563 1036 717 1090 obliterare
735 1036 784 1089 vel
803 1037 948 1108 explicare
967 1035 1087 1087 vellent.
1126 1033 1237 1085 Habent
1255 1043 1352 1086 autem

196 1056 308 1160 ἵζοιο
327 1107 413 1174 Codd.
440 1108 509 1181 Reg.
534 1105 607 1173 [sine
626 1107 722 1173 dubio]
748 1109 832 1159 Bern.
853 1107 897 1160 Au
920 1143 928 1158 .
952 1105 1026 1159 Gud.
1049 1109 1074 1159 1.
1094 1107 1120 1159 1.
1145 1104 1234 1157 Rehd.
1262 1105 1351 1157 Marb.

195 1178 280 1233 vind.
300 1180 325 1231 1.
347 1185 376 1229 et
394 1194 452 1242 sex,
470 1186 503 1229 ut
520 1178 638 1230 videtur
661 1178 730 1230 Oxx.
750 1178 822 1231 Edd.
841 1179 875 1232 V.
925 1178 983 1228 ,11.
1010 1175 1078 1229 nob.
1107 1183 1136 1227 et
1164 1173 1353 1245 Car-'Steph.

197 1247 262 1302 Ald.
282 1247 363 1301 Boul.
385 1247 493 1318 Sturm.
512 1248 592 1300 Brut.
613 1247 700 1300 Goth.
721 1248 805 1301 Leod.
826 1247 905 1316 sylb.
927 1247 1018 1301 Gebh.
1036 1245 1106 1298 Dav.
1129 1245 1202 1297 01i'v.
1226 1247 1270 1298 De
1288 1262 1360 1298 ouo

197 1318 285 1385 filio
310 1327 352 1372 est
376 1317 408 1369 in
430 1319 556 1385 uno,0x.
582 1317 679 1371 Duisb.
706 1319 781 1372 Mon.
802 1322 828 1374 2.
847 1319 919 1373 ndu.
939 1320 1010 1371 Ven.
1038 1315 1098 1371 Ali.
1120 1324 1148 1367 ot
1176 1325 1266 1369 nostr.
1286 1316 1350 1373 Asc.

199 1393 223 1444 l·
250 1392 275 1446 2.
304 1391 385 1442 Junt.
410 1390 439 1440 l’.
464 1389 498 1441 A.
526 1389 557 1440 B.
585 1387 613 1441 S.
639 1391 674 1442 E.
702 1389 732 1443 C.
762 1391 858 1444 Herw.
884 1385 1204 1454 HWolf.,.defi1io‚
1234 1395 1353 1457 praeter

197 1459 281 1513 vind.
304 1464 339 1526 1.‚
364 1458 471 1512 habent
489 1458 543 1512 duo
563 1459 632 1511 Oxx.
654 1460 728 1513 Gud.
747 1463 821 1513 Mon.
844 1465 867 1514 1.
905 1460 966 1514 Mr.
1165 1458 1166 1463 ’

270 1530 327 1583 Νοο
344 1526 410 1583 cero
428 1529 519 1595 tanta]
556 1529 665 1584 Graeca
683 1532 724 1582 sic
743 1549 771 1584 se
788 1531 907 1583 habent:

367 1596 436 1662 Τοὺς
453 1598 481 1652 δ’
502 1600 544 1652 ἂν
563 1597 611 1666 [αὖ
628 1601 739 1676 Dicdi]
757 1604 962 1668 perdomuerat
980 1597 1158 1673 σοφωτάτους
1177 1602 1262 1670 φρενί
1345 1602 1347 1609 ’

367 1675 394 1722 Τ
393 1670 500 1725 οιούσδ’
517 1671 590 1736 ἴδοις
608 1672 653 1734 ἄν,
673 1671 731 1730 οἰός
749 1669 805 1726 ἐστι
823 1673 877 1725 νῦν
895 1670 954 1736 ὅδε,

328 1773 330 1776 .
365 1745 460 1803 Καλῶς
477 1746 564 1801 κακῶς
582 1742 734 1812 πράσσοιτο
752 1745 981 1813 σομπαραινέσαι.

362 1811 443 1867 Ὅταν
459 1810 491 1866 δὲ
509 1812 618 1880 δαίμων
634 1810 741 1883 ἀνδρὸς
758 1811 941 1884 advolarem*
960 1814 1028 1883 πρίν

366 1880 485 1950 Mricnp'
507 1881 595 1954 ῖρείσῃ
614 1893 664 1937 τοῦ
683 1889 747 1954 βίου
764 1889 959 1953 παλίντροπον,

369 1953 409 2005 Τὰ
429 1953 517 2007 πολλὰ
537 1954 649 2025 φροῦδα
667 1960 712 2009 καὶ
729 1959 816 2018 καλῶς
834 1955 973 2024 εἰρημένοι.

201 2025 326 2081 Exstant
344 2024 419 2094 apud
437 2025 588 2078 Stobaeum
608 2025 699 2078 Serm.
719 2022 819 2080 cxln.
856 2027 892 2080 D.

273 2098 316 2149 cic
334 2095 475 2163 elicitum]
512 2096 634 2148 Eosdem
650 2112 751 2152 versus
775 2115 811 2150 ex
835 2096 985 2168 Sophoclis
1012 2094 1099 2150 Aiace
1123 2098 1215 2149 Locro
1244 2096 1283 2148 ita
1302 2095 1355 2149 1ο-

202 2167 265 2218 tine
284 2166 410 2218 reddidit
428 2167 512 2242 Hugo
531 2167 663 2220 Grotius:

369 2235 529 2307 Plerumque
547 2253 650 2304 niagno
666 2239 811 2304 praeditos
829 2237 966 2307 sapientia

373 2306 456 2359 Tales
473 2308 612 2375 reperias,
638 2307 691 2360 iste
708 2325 735 2360 se
753 2310 861 2379 qualem
878 2309 964 2376 gerit.

371 2373 500 2430 Concilio
517 2378 581 2429 bene
600 2377 668 2430 dant
685 2379 765 2431 rebus
781 2377 903 2433 aliorum
919 2381 1018 2446 malim*

369 2445 423 2497 Aet
440 2446 488 2499 ubi
506 2447 576 2502 Ievis
592 2449 717 2502 Fortuna
735 2457 839 2503 mutato
856 2450 959 2518 impetu

370 2516 489 2571 erudeli
506 2520 537 2572 iu
558 2521 634 2588 ipsos
650 2521 762 2572 cerbere
780 2520 951 2575 intonaverit

371 2587 417 2639 Iti
435 2587 490 2639 illa
508 2596 603 2642 cuncta
620 2592 718 2657 pulcra
733 2598 883 2660 praecepta
902 2591 1041 2662 excidunt.

205 2658 240 2714 In
257 2655 354 2727 prima
371 2657 425 2709 Ed.
444 2657 575 2712 Davisius
592 2660 664 2714 haec
683 2669 880 2714 adnotaverat:
914 2661 1018 2714 Graeci
1034 2677 1143 2713 versus·
1157 2660 1236 2729 apud⁴
1250 2658 1362 2729 Sopho-

206 2729 282 2781 clem
306 2743 365 2782 non
389 2738 508 2782 exstant.
548 2731 620 2783 Mihi
646 2732 785 2784 videntur
808 2749 844 2784 ex
861 2731 1008 2801 deperdita
1025 2725 1120 2782 fabula
1138 2731 1280 2794 translati,
1310 2730 1361 2782 cui
1382 2742 1385 2748 '

207 2816 313 2853 nomen
340 2802 408 2861 Αἴας
434 2802 550 2871 Λοκρός.
586 2802 658 2854 Eius
676 2803 871 2854 meminerunt
894 2802 927 2853 A.
952 2799 1067 2854 Gellius,
1093 2801 1130 2852 N.
1155 2798 1189 2851 Α.
1218 2802 1250 2852 L.
1278 2803 1360 2855 Xlll.

209 2887 233 2923 c.
257 2873 298 2924 18.
319 2869 464 2940 etSuidas
481 2891 509 2924 v.
529 2875 636 2935 σκολάς.
674 2872 789 2925 Similes
807 2870 930 2924 aliorum
949 2873 1100 2942 po'e'tarum
1117 2872 1272 2924 sententias
1301 2874 1363 2924 col-

208 2941 283 3015 legit
301 2943 337 2992 Μ.
358 2939 391 2993 Α.
411 2943 539 2996 Muretus
557 2946 622 2996 Ver.
642 2945 720 2996 Lect.
741 2940 763 2993 I.
783 2944 808 2997 9.
830 2940 868 3017 [p.
890 2945 932 2998 18.
959 2943 1001 2996 ed.
1021 2941 1149 3008 Ruhnk]
1175 2940 1271 3012 -Apud
1297 2942 1361 2995 Sto-

208 3012 310 3065 baeum
328 3021 395 3064 sunt
412 3011 443 3063 hi
462 3032 560 3067 versus
579 3014 611 3065 in
628 3014 681 3065 Ed.
701 3012 789 3065 Gaisf.
810 3011 902 3066 Serm.
916 3016 974 3070 114.
995 3016 1049 3067 Pro
1067 3020 1231 3067 conimutata
1244 3013 1319 3065 Gud.
1332 3017 1358 3068 2.

210 3082 327 3136 exhibet
345 3084 491 3152 comitatc3
509 3086 586 3139 idem
604 3099 671 3136 mox
689 3083 800 3136 omittit
815 3085 962 3153 praeditus
980 3094 1009 3138 et
1027 3102 1113 3137 versu
1130 3102 1188 3155 seq.
1210 3090 1262 3147 esu
1287 3102 1360 3136 unus

210 3155 261 3209 Ox.
281 3153 367 3207 habet
391 3154 510 3220 elevarem
541 3155 615 3209 alius
638 3153 670 3208 t'n
693 3170 747 3225 pro
771 3170 846 3221 notu¹
870 3156 957 3208 Marb.
983 3157 1094 3211 omittit
1118 3156 1212 3208 omnia
1241 3155 1308 3206 inde
1326 3155 1360 3207 ab

210 3227 284 3280 idem
301 3218 522 3307 respuendam.
542 3225 616 3281 Gud,
636 3227 662 3280 2.
682 3224 767 3279 habet
785 3228 899 3294 fortuna
917 3243 980 3280 ocu
1004 3224 1073 3301 [hoc
1101 3244 1185 3296 supra
1211 3226 1263 3276 lin.
1284 3242 1361 3277 com-

208 3295 312 3366 pendio
332 3296 372 3363 m]
390 3303 513 3363 mutata3
532 3298 635 3350 omisso
654 3315 733 3366 quum
751 3314 823 3348 unus
843 3297 892 3348 Ox.
913 3299 1026 3364 fortuna
1044 3303 1246 3349 commutata.
1283 3296 1359 3347 Tum

210 3366 299 3420 Rehd.
320 3368 508 3436 imperium
526 3367 606 3421 clude
624 3373 772 3420 convertat.
808 3367 868 3420 Mr.
1066 3429 1068 3432 Α

151 3448 154 3454 ’
283 3436 371 3505 Clade
387 3438 479 3491 rubim
498 3441 652 3506 frasigetur
667 3439 732 3505 aua]
757 3438 825 3504 UVul
880 3437 961 3491 clade
977 3446 1011 3489 ut
1029 3436 1129 3490 ruditu.
1162 3437 1217 3491 Sed
1236 3437 1361 3489 mediam

210 3520 310 3558 vocem
337 3526 394 3560 non
422 3527 437 3560 a
460 3518 581 3575 noscunt
605 3508 714 3561 Eliens.
738 3524 784 3578 pr.
836 3525 878 3561 en.
907 3509 987 3581 1491.
1016 3509 1125 3560 Erasm.
1153 3508 1282 3560 Lambin.
1309 3524 1361 3559 nec

212 3594 272 3630 eam
299 3579 406 3649 recipit
470 3580 527 3632 tini
553 3579 691 3633 serinonis
713 3579 804 3643 ratior
840 3586 1017 3649 quapropter
1045 3595 1062 3632 a
1084 3596 1130 3631 me
1158 3578 1287 3631 furcillis
1320 3586 1361 3630 est

213 3649 311 3702 eiecta.
350 3650 387 3703 D.

280 3720 360 3773 clade
377 3725 414 3774 ut
433 3718 534 3787 cubitu]
554 3719 621 3786 „Ut
638 3723 715 3775 abest
733 3738 747 3772 a
766 3718 915 3774 nonnullis
933 3718 1018 3772 Codd.
1038 3719 1143 3772 duobus
1162 3720 1249 3773 etiam
1262 3719 1359 3772 Leidd.

211 3787 307 3842 Abiici
325 3792 410 3844 etiam
428 3791 493 3843 vult
509 3792 579 3844 Dav.
616 3791 689 3851 Mihi·
713 3807 783 3844 vero
809 3791 841 3843 in
865 3792 962 3844 locum
986 3790 1199 3844 interiectionis
1221 3788 1271 3844 lieu
1290 3793 1364 3842 irre-

211 3860 299 3943 psisse
317 3862 441 3915 videtur.
478 3863 571 3914 Versu
588 3879 646 3932 seq.
666 3861 781 3932 reperio
799 3869 829 3914 ut
847 3858 946 3915 nulla
973 3861 1003 3913 in
1022 3877 1078 3913 uno
1097 3862 1176 3914 Leid.
1197 3862 1272 3914 undo
1296 3878 1364 3915 con-

212 3930 294 3985 iicias
312 3932 483 3985 Ciceronem
500 3932 694 4002 scripsissent
713 3934 815 3985 multa:
845 3932 892 3986 Sic
910 3933 1000 4006 magis
1020 3932 1173 3984 conveniet
1192 3931 1312 3985 Graecis
1331 3933 1363 3984 τὰ

212 4004 321 4056 πολλὰ
348 4002 462 4075 φροῦδα
485 4004 630 4070 παγκάλως
654 4002 706 4068 [ita
723 4003 824 4054 malim
841 4021 894 4073 pro
912 4007 958 4055 καὶ
976 4000 1072 4066 καλῶς]
1091 4003 1228 4071 εἰρημένα.
1267 4004 1365 4055 Malim

214 4074 301 4127 etiam
324 4091 409 4127 versu
434 4073 613 4142 paenultimo
641 4071 736 4144 ἐροίψῃ
763 4079 811 4131 τοῦ
837 4076 900 4142 βίου
934 4073 1017 4127 πάλιν
1040 4073 1173 4144 τρόπον.“
1200 4071 1286 4128 Bonis.
1331 4074 1366 4125 ln

212 4143 265 4197 Ed.
286 4149 312 4202 2.
332 4144 400 4196 Dav.
421 4144 512 4196 edidit
530 4144 601 4197 clad
608 4145 619 4198 ι’
635 4144 738 4210 cubitu,
764 4159 921 4216 'operarum
938 4147 1058 4199 fortasse
1077 4161 1184 4197 errore.
1222 4145 1313 4208 Niss,
1332 4144 1367 4196 ad

214 4216 386 4268 servandum
406 4213 482 4265 illud
498 4221 528 4268 ul
547 4216 657 4291 corrigi
674 4214 787 4268 volebat
807 4217 934 4271 allevat.
954 4219 1057 4269 Parum
1075 4216 1214 4267 feliciter.
1251 4216 1312 4269 Mr.

284 4285 364 4338 clade
382 4283 475 4337 cudite
494 4289 650 4353 frangatur
667 4285 754 4352 cuce]
790 4288 952 4358 Wopkens.
973 4288 1065 4339 Lectt.
1085 4286 1163 4338 Tull.
1184 4303 1211 4355 p.
1233 4288 1293 4340 133.
1322 4302 1368 4336 ra·

215 4355 294 4408 tione
312 4357 398 4424 plane
416 4355 496 4407 nulla
516 4365 544 4409 et
562 4357 625 4410 loco
646 4356 722 4408 nihil
740 4359 826 4429 plane
845 4360 879 4411 ad
897 4376 961 4410 rem
978 4357 1103 4409 faciente
1121 4356 1235 4422 (Vellei.
1256 4359 1365 4410 Patere.

216 4427 254 4480 11.
273 4428 321 4482 38:
356 4427 386 4479 in
414 4427 575 4496 appetendis
597 4427 749 4482 tenoribus
767 4430 938 4494 immodicus,
954 4425 997 4482 'in
1013 4427 1145 4494 gerendis
1166 4425 1367 4480 verecundissi-
