2842 5070
550 277 683 345 uisne
704 277 764 356 ιν,
787 256 838 345 st.
1221 279 1283 345 ter

112 447 180 522 ,hic
201 463 330 527 quoque
351 450 461 505 motus
482 442 585 505 animi
606 445 653 506 sit
674 450 765 505 totus
794 441 971 525 opinabilis
993 460 1032 503 ac
1055 441 1282 506 voluntarius?

126 529 207 592 Quis
221 529 309 588 enim
321 523 496 601 dubitarit,
510 526 590 607 quin
602 526 848 609 aegrotationes
857 526 971 602 animi,
993 525 1099 607 qualis
1113 533 1162 586 est
1173 528 1283 586 avari-

127 612 191 690 tia,
205 609 332 694 gloriae
344 606 521 690 cupiditas,
544 626 648 685 exeo,
670 606 757 732 ‹puod
770 609 884 692 magni
895 609 1090 670 aestimetur
1101 625 1141 668 ea
1156 625 1221 682 res,
1244 628 1284 667 ex
1363 675 1367 679 ⁶

126 711 189 774 qua
200 692 329 754 animus
340 697 501 774 aegrotat,
513 690 685 751 oriantur.
709 688 806 751 Unda
820 690 964 775 intelligi
978 687 1086 765 debet,
1108 689 1284 771 perturba-

129 776 256 838 tionem
278 791 405 854 quoque
427 791 557 834 omnem
572 791 643 832 esse
658 773 693 831 in
706 773 875 852 opinione.
909 772 988 831 Etsi
1002 768 1147 842 fidentia,
1169 770 1281 848 idest,
1301 778 1344 832 so.

125 856 224 916 firma
244 855 347 915 animi
368 854 518 931 conlisit),
540 854 682 927 scientia
704 852 864 935 quaedam
887 861 937 916 est
959 861 993 915 et
1018 853 1134 934 opinio
1157 854 1283 938 gravis,
1355 848 1357 855 ‘

133 974 1278 999 -α--Ψ--κβ--α-ῠ-ᾷ--ῌ--ῆ--ι--ὑγ-ο-

127 1035 159 1092 in
176 1038 230 1093 Ed.
250 1042 277 1094 2.
296 1024 427 1110 scripsit:
455 1040 560 1110 „Lege
579 1024 697 1103 dubitat',
721 1054 758 1090 ne
776 1037 990 1097 confundantur
1008 1036 1168 1108 tempora.“
1196 1038 1286 1103 Quam

128 1110 342 1162 annotationem
360 1117 440 1163 recte
457 1118 556 1180 postea
574 1108 689 1162 silentio
707 1109 822 1177 pressit.
859 1108 946 1162 Nihil
971 1111 1049 1161 enim
1073 1109 1153 1161 aliud
1170 1109 1284 1174 volunt,

127 1197 224 1249 quain:
245 1196 322 1234 nemo
340 1181 413 1232 enim
430 1178 611 1244 dubitaverit,
637 1186 675 1243 et,
702 1178 727 1229 si
753 1178 830 1231 idem
852 1180 947 1248 prima
964 1195 1086 1248 persona
1104 1177 1284 1235 efferendum
1375 1175 1379 1180 ’

126 1251 239 1314 fuisset,
263 1250 322 1303 dici
341 1248 467 1317 debebat,
491 1250 614 1318 equidem
638 1265 690 1302 non
713 1248 911 1303 dubitaverim.
936 1248 993 1311 nd
1017 1268 1044 1301 v.
1066 1250 1284 1319 aegrotationes

125 1321 293 1375 Beroaldus:
321 1314 438 1390 ἀκύρως,
465 1320 571 1391 inquit,
598 1319 682 1384 dixit,
703 1336 770 1373 cum
788 1320 948 1387 aegrotatio
966 1319 1086 1403 proprie
1110 1321 1143 1372 in
1161 1336 1283 1392 corpore

126 1391 173 1458 sit,
193 1392 341 1461 aegritudo
360 1391 392 1441 in
409 1389 539 1443 animo.“
557 1391 602 1445 lta
620 1389 737 1459 quidem
755 1390 816 1474 ipse
834 1390 989 1464 distinguit
1008 1391 1110 1444 Cicero
1129 1408 1214 1472 supra
1229 1392 1283 1448 111.

127 1466 169 1516 ln.
188 1465 231 1516 23.
269 1462 323 1515 Sed
342 1469 440 1514 nostro
459 1461 522 1513 loco
541 1476 598 1513 non
623 1460 720 1531 potuit
747 1460 843 1512 dicere
867 1461 1065 1528 aegritudines
1084 1462 1185 1525 animi,
1215 1462 1284 1531 quis

126 1549 143 1584 o
163 1552 196 1584 us
215 1541 277 1587 eret
294 1549 365 1585 voce
383 1531 468 1601 plura
494 1532 715 1602 complectente,
740 1546 807 1586 cum
829 1530 928 1586 debeat
946 1532 1103 1603 complecti
1121 1532 1282 1596 avaritiam,

125 1551 235 1677 gioriae
259 1602 459 1673 cupiditatem,
484 1618 556 1673 quate
581 1600 729 1655 commode
753 1611 871 1670 possunt
895 1601 954 1654 dici
986 1605 1164 1674 pstepcpaeis
1193 1602 1284 1671 animi

126 1673 345 1745 aegrotationes:
367 1681 400 1724 nt
418 1690 511 1742 supra
521 1672 568 1728 lV.
590 1675 632 1728 13.
653 1673 702 1727 29:
722 1670 754 1725 in
772 1669 890 1730 animo
909 1674 1098 1730 tantummodo
1115 1672 1284 1742 cogitatione
1321 1719 1325 1730 .

123 1761 280 1814 possumus
297 1743 421 1796 morbum
445 1743 479 1795 ab
502 1742 753 1809 aegrotatione
779 1742 941 1812 seiungere:
964 1744 1013 1795 ubi
1037 1744 1108 1796 item
1126 1743 1206 1798 locus
1225 1761 1283 1797 non

127 1823 189 1869 erat
208 1813 395 1886 aegritudini.
432 1816 498 1866 Post
515 1812 645 1869 auaritia
663 1813 694 1864 in
713 1812 779 1868 Cod.
800 1816 874 1868 Mon.
898 1819 923 1869 1.
943 1813 1060 1868 additur
1078 1819 1119 1878 et;
1138 1832 1210 1866 unus
1230 1815 1281 1868 Ox.

125 1887 158 1939 in
177 1879 256 1961 seqq.
276 1886 387 1939 omittit
410 1900 452 1936 er.
478 1884 544 1940 God.
569 1884 658 1936 Rehd.
684 1883 772 1936 habet
796 1885 867 1952 quod
883 1885 999 1951 magis
1019 1884 1190 1940 estimetur
1198 1903 1207 1950 ς
1232 1885 1283 1937 ha-

75 2010 77 2013 ,
125 1956 194 2008 bent
213 1959 298 2009 etiam
326 1953 477 2008 estimetur
500 1955 652 2008 tres'Oxx.
679 1963 708 2006 et
732 1956 807 2007 Mon.
827 1958 857 2011 2.
891 1955 928 2006 ln
954 1972 1012 2008 uno
1032 1948 1140 2009 Osset
1159 1958 1233 2010 ltlon.
1256 1944 1284 2014 li

127 2036 169 2079 est
188 2027 375 2094 existimetur,
400 2023 432 2076 in
456 2026 528 2079 Gud.
552 2029 575 2080 1.
604 2029 811 2092 aestumetur,
837 2026 869 2080 in
891 2026 966 2082 Gud.
992 2027 1190 2091 aestimatum
1216 2043 1283 2079 snex

125 2098 180 2149 duo
205 2101 275 2154 Oxx.
303 2115 370 2151 cum
393 2097 462 2170 Reg.
489 2095 564 2148 Gud.
585 2100 609 2149 l.
630 2099 655 2150 1.
680 2096 867 2168 oriatur-pro
892 2095 1033 2150 oriantur.
1070 2100 1124 2151 Pro
1149 2095 1282 2166 intell-igi

126 2169 194 2224 nod.
214 2171 289 2221 ltlon.
310 2173 333 2222 l.
353 2167 440 2221 habet
457 2165 551 2220 intelli
556 2165 627 2234 git3
647 2184 722 2219 unns
742 2167 793 2219 Ox.
818 2184 872 2237 pro
890 2168 962 2220 unde
979 2168 1066 2220 habet
1083 2182 1154 2231 num,
1181 2185 1282 2223 errore

126 2257 162 2293 ex
185 2238 375 2291 similitudine
401 2237 636 2308 compendiorum
659 2236 710 2303 (ii,
729 2237 769 2303 ii)
805 2246 878 2295 orto.
916 2240 976 2290 Pro
1000 2239 1032 2292 in
1056 2237 1186 2307 opinions
1209 2256 1282 2293 unus

126 2311 177 2363 Ox.
204 2309 320 2362 exhibet
348 2307 555 2377 inopinabilem.
598 2307 690 2360 Habes
722 2308 845 2383 glossam
874 2309 1053 2382 probabilem
1082 2307 1282 2381 (opinabilem),

127 2379 319 2433 additamento
337 2378 559 2449 praepositionis
577 2377 768 2449 depravatam.
806 2379 867 2437 Mr.

197 2469 235 2521 Et
259 2468 287 2520 si
309 2465 435 2534 fidentia,
459 2468 566 2531 idest,
592 2467 674 2533 firma
698 2466 789 2520 animi
814 2464 956 2535 coniitia]
993 2469 1085 2523 Habes
1108 2466 1138 2520 h.
1158 2469 1177 2519 1.
1205 2485 1281 2522 raras

126 2554 270 2608 novasque
294 2538 500 2593 vocabulorum
522 2539 639 2605 formas,
667 2555 791 2607 quorum
819 2536 943 2592 alterum
968 2536 1103 2604 (fidentia)
1123 2555 1180 2593 uno
1198 2556 1282 2609 prae-

126 2618 205 2665 terea
222 2610 286 2662 loco
304 2609 379 2679 apud
398 2608 564 2662 Ciceronem
583 2608 695 2681 legitur
717 2608 764 2671 (de
783 2608 895 2662 lavent.
916 2609 953 2663 11.
973 2611 1017 2665 54.
1038 2610 1101 2672 163)
1125 2609 1156 2662 in
1181 2610 1282 2662 defini-

125 2680 204 2734 tione
225 2680 375 2746 [fidenti
381 2695 399 2731 a
417 2686 467 2741 est,
484 2679 751 2748 perquammaguis
769 2684 794 2731 et
812 2675 933 2744 bonestis
950 2677 983 2735 iu
997 2680 1203 2736 rebusmuitum
1221 2683 1281 2751 ipse

126 2751 234 2806 animus
252 2751 282 2803 in
300 2767 330 2803 se
348 2749 466 2817 fiduciae
484 2756 561 2805 ceria
579 2765 642 2802 cum
659 2765 709 2817 spe
727 2749 919 2816 collocavit:],
939 2758 972 2823 ut
991 2758 1134 2820 appareat,
1154 2751 1204 2804 vel
1222 2752 1281 2807 iam

126 2823 157 2873 in
175 2840 228 2875 usu
246 2823 333 2874 fuisse
354 2839 417 2874 eam
434 2837 545 2887 vocem,
564 2820 611 2872 vel
631 2828 709 2872 certe
728 2837 786 2873 non
804 2829 867 2873 tum
884 2819 1014 2893 primum
1032 2820 1196 2874 aCicerone
1214 2838 1281 2891 pro-

126 2911 229 2946 cusam.
267 2892 346 2957 Quod
364 2891 388 2943 si
406 2899 488 2954 esset,
507 2890 677 2960 scripsisset,
696 2892 808 2960 opinor,
827 2890 966 2956 fidentiam
985 2888 1116 2946 dixerim.
1146 2890 1300 2947 Alterum

124 2959 260 3031 (aurificia)
279 2972 322 3014 est
340 2957 415 3022 ἅπαξ
432 2956 594 3030 λιγόμενον,
616 2959 687 3015 huic
712 2962 831 3033 proprie
855 2960 919 3017 loco
944 2980 961 3017 a
979 2963 1119 3017 Cicerone
1139 2962 1280 3032 effictum,
1304 2991 1306 2994 ·

123 3035 211 3087 utin
238 3033 430 3103 explicatione
454 3030 585 3096 fidentiae
608 3031 729 3085 verbum
753 3033 936 3098 confidentiae
961 3033 1093 3089 evitaret.
1130 3034 1281 3089 Peccatum

124 3106 212 3160 etiam
231 3111 282 3169 est,
302 3103 378 3172 quod
395 3103 461 3154 fieri
480 3103 586 3173 soleta
602 3102 732 3155 librariis
750 3103 781 3159 in
794 3100 939 3157 vocabulis
950 3103 1118 3167 rarioribus,
1138 3102 1169 3153 in
1182 3103 1280 3173 priore
1366 3130 1367 3133 ¹

122 3170 152 3231 et
169 3176 201 3230 in
218 3173 391 3245 posteriore.
428 3173 509 3226 Unus
527 3174 578 3225 Ox.
597 3173 705 3243 prioris
724 3173 788 3227 loco
813 3173 899 3231 habet
917 3170 1091 3238 confidentia,
1119 3173 1206 3226 ltarb.
1230 3189 1281 3243 po-

123 3246 254 3302 sterioris
281 3245 345 3298 loco
372 3243 518 3310 confessio.
557 3244 592 3298 In
616 3259 672 3297 uno
695 3251 844 3313 praeterea
868 3246 919 3299 (lx.
945 3244 1083 3296 omissum
1105 3251 1147 3295 est
1176 3245 1218 3306 si,
1248 3245 1280 3297 in

122 3317 190 3374 Cod.
208 3315 305 3371 Duisb.
325 3315 464 3369 scribitur
481 3320 507 3367 et
525 3315 553 3369 si
570 3330 655 3381 ergo
674 3313 795 3381 canisio.
833 3317 867 3370 ln
884 3331 942 3367 uno
962 3315 1013 3368 Ox.
1032 3330 1086 3384 pro
1104 3316 1186 3379 firma
1205 3314 1280 3388 legi-

123 3400 173 3444 tur
190 3402 306 3441 summa.
326 3386 405 3453 Quod
423 3385 520 3458 iungit
538 3385 569 3436 in
587 3402 666 3454 seqq.
685 3385 805 3442 scientia
824 3395 853 3440 et
872 3385 976 3454 opinio,
996 3385 1026 3439 id
1043 3384 1124 3450 iecit,
1144 3394 1279 3439 monente
1349 3441 1352 3446 ,

122 3463 169 3517 Or.
190 3459 226 3514 ad
243 3459 294 3528 W.
315 3457 436 3523 scholas,
461 3459 496 3514 ad
520 3456 701 3528 copulandas,
728 3473 800 3528 quae
818 3457 893 3529 apud
910 3457 1058 3511 Platonem
1081 3455 1208 3511 invicem
1226 3457 1280 3510 sibi

123 3530 230 3601 opponi
254 3530 356 3592 solent,
383 3526 533 3599 ἐπιστήμην
557 3535 587 3583 et
609 3520 706 3591 iiiior.
743 3530 797 3583 Pro
820 3526 923 3599 grauis
946 3527 978 3583 in
997 3527 1065 3581 Ccd.
1086 3527 1169 3583 Vind.
1192 3531 1215 3585 1.
1237 3535 1280 3581 est

124 3599 265 3671 grauiter,
289 3601 430 3656 nimirum
452 3608 487 3651 ut
508 3599 642 3669 sequenti
661 3602 763 3656 tenere
787 3607 960 3673 opponatur:
987 3598 1036 3651 sed
1052 3614 1147 3655 ‚nemo
1170 3597 1279 3654 dixerit

124 3671 255 3741 grauiter
278 3669 436 3726 assentire:
460 3671 568 3725 mirum
593 3677 673 3726 certe
699 3677 772 3725 esset
794 3686 922 3744 zeugma,
970 3669 1090 3727 Gravem
1121 3668 1279 3741 opinionem

123 3750 212 3806 recte,
232 3748 265 3794 ut
276 3740 408 3866 Ippdetur,
427 3740 554 3812 explicat
571 3739 668 3798 Kiihn.
687 3740 863 3813 opinionem,
891 3757 963 3815 quae
988 3740 1076 3797 certis
1101 3741 1281 3817 argumentis

123 3813 252 3868 nititur.·
311 3827 335 3864 r.
618 3828 622 3848 ¹

128 3875 131 3880 ’
193 3899 248 3938 aon
266 3888 367 3936 temere
385 3879 636 3952 essentitatis]
672 3880 860 3948 ‚misenum
877 3878 1029 3937 dedi'cum
1040 3881 1113 3939 End.
1133 3890 1205 3934 vett.
1226 3881 1281 3937 Sed

123 3952 303 4013 essentitatis
324 3951 429 4007 habent
452 3954 581 4023 quinque
604 3954 724 4009 Palatin.
753 3971 819 4008 cuin
845 3953 960 4011 Vatic.“
987 3950 1069 4008 cett.
1113 3952 1174 4020 „ln
1197 3953 1280 4010 libris

123 4025 175 4098 qui
191 4023 297 4079 habent
316 4020 506 4089 assentientis,
520 4024 667 4094 ponendus
686 4034 731 4079 cst
748 4026 836 4079 etiam
855 4026 922 4084 Cod.
941 4027 1011 4099 Reg.
1032 4041 1098 4079 cum
1121 4041 1178 4081 uno
1197 4025 1277 4081 neit.

122 4106 152 4155 et
170 4096 380 4151 meabilem.
418 4093 507 4165 quue
525 4095 594 4149 Dav.
612 4095 767 4164 praetulit:
796 4095 870 4151 mibi
888 4105 1024 4165 utreque,
1038 4096 1126 4152 lectio
1145 4095 1218 4151 bona
1236 4096 1280 4147 vi-

122 4170 208 4226 detur
228 4183 295 4220 cum
312 4165 495 4235 Wopkensio
512 4163 533 4221 l.
553 4183 577 4218 c.
596 4166 619 4219 1.
640 4171 684 4222 11.
703 4185 732 4239 p.
752 4166 818 4222 66·“
849 4165 889 4237 [p'.
910 4169 954 4224 92·
982 4166 1025 4220 cd.
1046 4165 1149 4232 Haud]
1188 4163 1277 4219 Bonis.

192 4237 253 4292 Non
272 4242 370 4291 tenere
393 4235 591 4306 adsentientis]
627 4237 721 4310 Vulgo
739 4236 911 4308 adsenseum
937 4246 1039 4295 contra
1062 4255 1148 4312 quam
1175 4236 1279 4288 volunt

123 4308 318 4365 Gebhardiani
335 4307 485 4378 nostrique
503 4306 631 4361 Codices.
670 4308 708 4362 D.

193 4414 246 4453 non
265 4405 362 4454 tenere
381 4388 635 4464 discutientis]
678 4395 876 4468 Wopkensius
900 4396 1038 4455 videlicet
1065 4411 1122 4449 non
1153 4411 1279 4448 necessa·
1352 4426 1355 4430 Δ

997 4505 1062 4570 ³⁰*
