2842 5070
200 294 266 386 'soc
404 313 636 381 ammonas
654 310 1155 391 rosounmsorsrumr.

204 479 295 564 quod
316 482 443 545 nullum
471 492 545 546 erat
564 479 750 544 iracundia⁴
770 479 912 563 foedius,
931 479 1112 545 iracundos
1143 480 1235 545 solos
1257 501 1364 548 moro·

199 575 258 628 'eos
279 567 547 630 nominaverunt.
599 623 605 640 „
1050 592 1053 596 ·
1117 566 1128 574 '
1177 614 1184 631 „
1364 582 1373 590 ‘

139 648 183 712 25
287 649 464 710 Oratorem
485 667 568 710 vero
597 649 700 709 irasci
721 647 860 716 minime
882 644 994 709 dccett
1016 645 1190 710 ‘simulare
1211 667 1282 710 non
1305 650 1363 712 de-

55 751 62 756 ·
138 732 183 786 55·
205 727 308 792 decet.
364 731 430 792 An‘
444 731 506 793 tibi
518 732 630 792 *irasci
661 740 732 792 tum
755 728 920 808 videmur,
949 729 1050 810 quum
1079 729 1160 812 quid
1188 733 1226 791 in
1248 737 1360 797 causis

72 808 74 812 ·
119 801 194 853 niti.
298 863 300 866 .

149 873 174 908 a·
548 877 555 904 ι
837 857 843 881 ²
1311 862 1355 872 “·

182 949 187 959 =
273 906 353 986 paam
376 908 585 970 omnia'esaeat
611 915 642 969 in
659 914 803 968 'mortis
828 912 909 980 vitio,
929 946 961 956 -
987 914 1172 987 morbosos
1199 917 1361 972 nominave-

199 985 292 1052 'rantJ
327 986 413 1040 Nihil
440 995 483 1039 est
509 987 627 1051 certius,
660 1003 746 1055 quam
769 993 940 1057 corruptum
967 1001 1025 1037 esse
1043 986 1155 1039 locum:
1184 989 1270 1058 quod*
1290 985 1359 1041 ¹cum

201 1046 449 1111 animadvertisset
466 1057 534 1108 Dav.
554 1057 722 1110 felicissime
742 1055 963 1109 eum'correxit.
1000 1057 1039 1107 Et
1057 1057 1189 1126 probavit
1208 1076 1279 1123 eam·
1293 1076 1359 1112 cor-

201 1129 362 1180 rectionem
379 1144 437 1180 non
454 1127 601 1180 Bentleius
629 1135 751 1190 tantum,
777 1127 825 1180 sed
852 1128 912 1196 ipse
931 1125 996 1178 Cod.
1016 1128 1085 1212 Reg.
1113 1127 1300 1203 suffragatur,
1326 1131 1358 1182 in

203 1214 260 1269 quo
279 1203 326 1251 est‘
339 1199 413 1252 solos
431 1214 597 1252 morosos.
625 1198 762 1251 Ceterum
779 1214 882 1249 verum
901 1204 943 1250 est
961 1206 1158 1251 morositatem
1178 1199 1249 1268 ipso,
1265 1200 1359 1268 ¹quem

201 1268 298 1322 laudat
321 1269 401 1335 Dav,
429 1277 502 1322 teste
526 1268 633 1322 Seneca
655 1285 713 1320 non
735 1269 894 1320 maximum
921 1284 980 1319 esse
1009 1284 1108 1320 eorum
1134 1269 1288 1337 vitiorum,
1324 1273 1359 1324 de

222 1340 304 1392 uibus
322 1340 351 1391 h.
371 1340 392 1395 l.
411 1358 426 1392 a
449 1340 517 1391 itur.
555 1339 646 1406 Quid?
666 1339 742 1409 quod
759 1339 819 1409 ipse
839 1356 901 1391 eam
920 1346 1037 1391 excusat
1056 1339 1158 1392 Cicero
1182 1330 1213 1392 in
1232 1342 1358 1407 senibus,

201 1359 236 1464 le
255 1409 322 1464 Sen.
341 1412 386 1466 18.
423 1357 516 1476 {aare
535 1427 598 1462 eam
615 1425 673 1461 non
692 1409 822 1480 oportuit
847 1409 955 1479 ponere
974 1409 1005 1459 in
1024 1409 1071 1476 iis,
1100 1427 1171 1480 quae
1196 1419 1264 1462 sunt
1292 1412 1359 1482 plu-

201 1482 310 1534 rimum
336 1481 584 1552 reprehendenda:
617 1497 710 1550 neque
734 1482 853 1532 fortasse
877 1479 907 1532 id
934 1479 1050 1532 fecisset
1076 1479 1105 1533 h.
1125 1481 1145 1535 1.
1166 1481 1269 1534 Cicero
1299 1482 1357 1534 nisi

105 1618 108 1627 ¹
201 1551 443 1674 admodumhesset
461 1551 704 1638 etymologiarum
721 1559 839 1617 amator,
864 1549 901 1614 ne
920 1549 1013 1602 dicam
1035 1559 1158 1604 venator
1181 1553 1232 1604 vel
1259 1562 1357 1625 capta-

138 1675 141 1684 ,
200 1623 278 1676 tor.“
296 1625 356 1677 Bou
372 1623 429 1676 ier.
518 1683 519 1686 Ἴ
969 1675 971 1680 ,
1261 1650 1263 1655 ν

207 1747 214 1755 ,
270 1692 578 1759 moritus-morosos]
607 1691 767 1758 „Correxit
788 1692 859 1744 Dar.
879 1689 989 1746 ωΜὸὃ.
1014 1691 1047 1743 in
1071 1692 1183 1762 quibus,
1210 1702 1245 1746 ut
1265 1696 1356 1748 etiam

201 1762 233 1815 in
251 1766 349 1838 regiis,
371 1765 510 1817 scribitur
527 1763 688 1817 morosos.“
711 1762 785 1817 Lati.
824 1761 859 1824 lu
884 1763 1001 1816 eandem
1029 1752 1202 1817 sententiam
1228 1764 1356 1835 disputat
1384 1809 1391 1815 .

123 1881 126 1886 .
199 1834 270 1886 Ern.
291 1835 343 1904 qui
362 1837 419 1887 eti
440 1853 468 1888 se
488 1851 551 1888 eam
570 1834 780 1888 correctionem
796 1833 918 1900 recepit.
949 1833 1085 1887 Ceterum
1103 1852 1205 1888 verum
1224 1845 1355 1902 nonest,

201 1906 277 1975 quod
295 1906 398 1958 dicunt
417 1854 462 1960 gr.
483 1914 512 1958 et
530 1905 625 1958 Kiihn.
651 1907 682 1956 in
701 1905 787 1958 Codtl.
807 1913 836 1956 et
853 1903 925 1957 Edd.
954 1912 1019 1956 ante
1037 1905 1107 1957 Dar.
1137 1906 1269 1958 omnibus
1297 1924 1356 1960 esse

198 1976 313 2030 morbis.
354 1977 504 2046 Editiones
533 1976 649 2045 quidem
678 1976 710 2027 in
741 1991 773 2028 eo
787 1991 898 2028 ⁴errore
931 1975 1122 2046 conspirante.
1149 1977 1197 2030 sed
1225 1986 1284 2029 non
1312 1987 1356 2030 est

198 2047 306 2101 morbis
324 2048 355 2098 in
373 2048 440 2101 eod.
459 2049 527 2122 Reg.
541 2047 690 2116 (quamvis
709 2045 749 2100 ita
770 2044 807 2096 sit
826 2045 858 2097 in
876 2044 1030 2098 collatione
1042 2047 1152 2113 nestra)
1165 2047 1213 2100 sed
1227 2049 1353 2114 morbus,

221 2119 277 2172 uod
294 2118 427 2202 proxime
451 2118 563 2170 accedit
589 2118 624 2170 ad
647 2116 784 2178 moritum
809 2125 843 2168 ut
869 2116 948 2169 vides
972 2133 1031 2168 non
1056 2125 1167 2170 tantum
1190 2134 1226 2170 ex
1249 2129 1351 2187 annot.

198 2136 386 2257 lavisinsed
403 2197 484 2259 patet
503 2191 588 2256 etiam
608 2206 643 2240 ex
662 2188 737 2240 Gud.
755 2191 782 2240 ’1.
801 2187 853 2256 qui
877 2188 958 2262 regio
986 2189 1049 2241 fere
1068 2195 1109 2242 est
1128 2187 1268 2263 geminus,
1295 2189 1351 2258 qui

120 2254 125 2266 ¹
199 2259 272 2312 item
291 2276 356 2311 cum
384 2260 457 2312 Gud.
477 2262 502 2314 2.
527 2259 624 2311 Duisb.
654 2266 682 2310 et
710 2259 829 2309 fortasse
853 2258 941 2309 etiam
963 2258 1052 2311 Rehrl.
1075 2258 1150 2322 (nam
1174 2257 1352 2310 dissentiunt

199 2328 380 2392 collationes)
403 2329 490 2380 habet
507 2328 648 2380 morbus:
669 2327 755 2398 quid?
781 2327 856 2396 quod
874 2328 995 2398 totidem
1015 2329 1118 2396 literis,
1142 2329 1166 2380 si
1183 2321 1352 2382 collationis

165 2431 167 2434 <
199 2399 316 2451 silentio
334 2394 414 2463 fides,
432 2399 464 2448 in
483 2398 557 2454 Gud.
577 2400 717 2469 scriptum
736 2406 778 2451 est
796 2399 941 2452 erroribus?
974 2399 1109 2452 Alterum
1126 2407 1230 2462 autem,
1258 2416 1354 2453 moro-

198 2484 254 2535 ooe,
272 2468 379 2521 habent
397 2469 482 2522 Codd.
501 2471 540 2523 Re
564 2512 569 2523 .
591 2470 734 2541 (quamvis
753 2477 845 2522 taceat
864 2470 962 2522 nostra
976 2470 1114 2536 collatio)
1136 2469 1233 2524 Duisb.
1258 2472 1351 2523 Marb.

197 2557 271 2592 unus
290 2541 339 2593 Ox.
361 2548 389 2591 et
408 2539 493 2594 Codd.
513 2543 551 2592 La
580 2542 704 2592 emanni.
725 2567 756 2578 -·
793 2542 874 2594 Unus
893 2541 943 2594 Ox.
964 2541 1075 2593 omittit
1093 2540 1181 2610 prum,
1210 2541 1285 2593 alius
1298 2551 1354 2594 ro-

182 2626 262 2664 cem
279 2610 446 2672 iracundio3
469 2605 607 2662 ultimum
633 2611 735 2679 eapitis
754 2610 873 2663 verbum
899 2612 930 2662 in
948 2612 1029 2686 Aug,
1043 2610 1085 2666 es't
1104 2611 1291 2677 nominarint,
1319 2614 1351 2664 in

197 2681 281 2735 Vind.
304 2682 328 2738 lj
349 2682 568 2750 appellaverunt.
590 2682 665 2734 -Mr¹
959 2696 979 2715 ν·
1220 2728 1223 2740 s

268 2754 334 2823 Cap.
353 2755 396 2808 25.
417 2751 565 2805 Oratorem
583 2768 649 2804 vero
668 2749 760 2805 irasci
777 2751 891 2806 minime
910 2751 1017 2818 deceta]
1053 2752 1097 2807 Ad
1115 2753 1289 2807 sententiam
1309 2756 1348 2809 cf.

196 2841 282 2892 supra
308 2841 333 2876 c.
354 2826 396 2886 19,
416 2826 459 2878 43.
495 2824 550 2874 Pro
574 2823 650 2874 decet
674 2823 750 2876 solus
774 2824 865 2877 Rehd.
894 2825 980 2876 habet
1006 2823 1081 2878 lr'c'et.
1123 2826 1189 2877 Post
1215 2824 1351 2877 simulare

197 2894 330 2962 sequitur
354 2910 407 2946 non
434 2893 531 2946 decet
558 2893 589 2944 in
618 2893 702 2946 chd.
726 2895 785 2946 Pal.
810 2896 995 2960 tertiatio,
1021 2894 1096 2946 Gud.
1124 2900 1147 2951 1.
1174 2898 1200 2951 2.
1226 2888 1302 2949 llo'n.
1324 2901 1348 2951 1.

196 2965 285 3020 lllarb.
304 2963 401 3016 Duisb.
424 2965 475 3033 qui
494 2980 576 3016 error
593 2972 672 3016 ortus
692 2973 734 3016 est
752 2983 788 3017 ex
806 2966 963 3036 scriptione
982 2965 1097 3031 Dllour.
1121 2965 1266 3018 “Eundem
1285 2983 1351 3018 cum

154 3061 156 3064 v
197 3036 353 3106 reperisset
371 3035 409 3086 in>
421 3051 470 3088 suo
489 3035 648 3105 archetypo
667 3035 792 3105 scriptor
811 3037 923 3103 Codicis
941 3035 1030 3089 Rehd.
1048 3037 1183 3090 voculam
1208 3054 1261 3091 non
1288 3057 1352 3091 mu-

196 3107 271 3161 tavit
284 3107 320 3165 ‚in
338 3123 413 3173 aero,
432 3106 605 3178 scripsitque
624 3105 758 3160 simulare
776 3124 861 3161 vero
880 3108 987 3160 decet.
1023 3108 1084 3160 Mr.
1214 3109 1225 3121 ”

101 3217 103 3221 <
266 3179 314 3232 An
332 3178 386 3234 titi
404 3177 495 3238 irasci
513 3185 568 3232 tam
586 3179 721 3243 videmur,
741 3195 824 3247 quom
843 3211 871 3222 -
894 3175 1078 3231 vehementiae
1096 3177 1256 3244 dirimeret]
1314 3179 1352 3230 li-

196 3257 244 3302 ter
261 3250 336 3303 libro
355 3251 394 3304 ll.
419 3251 452 3303 de
474 3250 521 3303 Or.
541 3251 585 3306 45.
609 3252 667 3304 189.
692 3249 849 3302 Antonius:
880 3250 958 3306 Quod
983 3249 1011 3302 ei
1036 3248 1115 3314 fictur
1140 3250 1246 3319 aliquis
1290 3251 1351 3303 olor

24 3327 28 3335 “
197 3321 393 3390 suscipiendus
411 3328 492 3387 erret,
517 3328 543 3373 et
566 3319 594 3372 ei
607 3321 647 3372 ‘in
665 3319 803 3374 eiusmodi
826 3314 927 3388 genere
950 3322 1087 3374 orationis
1104 3315 1179 3373 aitte
1201 3328 1274 3374 esset
1291 3320 1351 3374 nisi

198 3419 231 3429 —
251 3393 409 3445 imitatione
426 3392 600 3455 simulatum,
625 3393 718 3444 maior
735 3407 784 3444 ars
812 3393 907 3463 aliqua
933 3394 1055 3458 forsitan
1073 3399 1146 3444 esset
1162 3393 1347 3461 requirenda.

196 3461 277 3515 Nunc
295 3479 357 3529 ego,
377 3463 447 3530 qaid
464 3462 525 3527 titi,
546 3462 656 3528 crasse,
676 3461 744 3530 qaid
761 3465 860 3516 ceteris
878 3463 998 3528 accidat,
1018 3464 1123 3526 aeeci03
1144 3463 1178 3515 de
1196 3480 1240 3516 me
1258 3469 1351 3516 autem

196 3548 284 3586 causa
301 3533 379 3586 nulla
399 3540 449 3598 est,
469 3550 520 3585 cur
540 3561 570 3570 -
582 3533 726 3587 ‘arentiam
745 3551 799 3587 non
817 3551 860 3587 me
877 3533 1123 3602 hercule'anquam
1142 3535 1217 3602 apud
1236 3533 1349 3589 iudicer

197 3610 246 3659 aot
264 3606 387 3658 dotorem
412 3611 462 3657 aut
486 3604 714 3659 orirericordiam
738 3605 942 3660 aut'inoidiom
964 3605 1131 3670 antediem
1156 3605 1286 3658 excitare
1305 3605 1351 3659 ‹li-

196 3677 281 3730 cendo
300 3674 384 3740 volui,
408 3677 473 3746 quin
490 3679 551 3744 ipse
569 3676 600 3728 in
619 3677 821 3730 commovendis
840 3676 980 3731 iudicitur
998 3675 1037 3730 iis
1055 3675 1126 3744 ipris
1144 3677 1282 3742 rensibus,
1311 3678 1351 3729 ad

119 3801 121 3809 s
196 3763 264 3815 quos
281 3748 349 3800 illos
367 3747 506 3800 adducere
523 3747 631 3811 vellem,
646 3763 828 3814 permoverer.
856 3775 889 3786 -
924 3747 986 3800 Duo
1007 3747 1076 3800 Onu.
1103 3747 1210 3799 habent
1234 3748 1279 3800 Ae
1297 3749 1352 3802 tibi

195 3832 248 3887 pro
268 3817 320 3878 An¹
336 3816 402 3880 a'ti,·
420 3833 486 3885 m021.
505 3817 578 3869 alius
596 3832 678 3885 quum
697 3819 842 3885 quidem.
861 3817 959 3870 Duisb.
986 3834 1028 3870 ac
1050 3815 1247 3876 vehementius.
1274 3818 1348 3876 Gud.

195 3886 383 3952 eniienim,
410 3904 507 3955 quum5
532 3887 607 3939 Gud.
627 3889 653 3941 2.
677 3889 788 3940 omittit
812 3889 880 3941 iam.
916 3890 1039 3964 Legitur
1062 3889 1120 3941 iam
1147 3890 1186 3943 in
1212 3891 1300 3943 retae
1318 3890 1350 3941 in

194 3957 265 4009 Edu.
286 3957 315 4010 G.
335 3959 368 4007 V.
392 3957 459 4010 Rob.
484 3956 582 4027 Steph.
608 3958 705 4012 llerw.
744 3960 823 4024 Quod
845 3968 887 4012 est
913 3961 962 4013 vel
985 3961 1143 4013 aberrantis
1172 3961 1209 4016 ad
1239 3960 1350 4014 lineam

195 4028 425 4094 antecedentem,
437 4029 486 4081 vel
504 4030 676 4082 correctoris
694 4031 787 4100 inepti
806 4019 860 4102 qui¹
874 4027 949 4089 hanc
967 4032 1144 4085 locutionem
1161 4033 1348 4102 praecedenti

195 4097 243 4166 (in
261 4098 368 4164 causis)
386 4100 546 4152 assimilare
565 4100 663 4154 vellet.
701 4101 807 4154 Mirum
832 4102 908 4171 quod
930 4120 1014 4155 nemo
1034 4104 1162 4156 correxit
1186 4103 1271 4156 rebus
1290 4104 1349 4157 iam

195 4172 357 4234 transactis,
383 4171 417 4222 ad
444 4180 574 4233 nostrum
601 4171 740 4242 loquendi
769 4173 894 4230 modum.
932 4174 977 4226 Ad
1006 4174 1178 4226 sententiam
1209 4176 1347 4229 admoneo

196 4241 338 4295 Orationis
358 4240 559 4295 Ciceronianae
576 4260 629 4312 pro
649 4244 765 4310 Milone,
785 4261 857 4311 quae
876 4244 985 4314 scripta
1003 4254 1045 4298 est
1064 4262 1096 4297 re
1116 4245 1173 4296 iam
1192 4253 1345 4300 transacta.

195 4314 329 4367 Ceterum
348 4313 459 4386 legitur
477 4314 509 4364 in
527 4313 592 4366 Cod„
611 4314 708 4367 Duisb.
728 4315 878 4368 scribimus
896 4315 1054 4379 orationem
1072 4316 1160 4368 ltlarb.
1180 4325 1209 4368 et
1229 4317 1305 4374 Gud.
1320 4321 1345 4374 2.
1375 4314 1381 4320 ’

193 4393 315 4510 propter
332 4379 548 4454 ὁμοιοτέλευτον,
572 4385 621 4438 vel
644 4387 740 4456 potius
764 4386 891 4440 eiusdem
904 4387 996 4442 ‘verbi
1018 4387 1235 4459 repetitionem,
1261 4391 1348 4444 omit·

194 4463 248 4508 tun
280 4471 344 4512 num
361 4455 432 4510 irati
449 4454 620 4511 scribimur?
655 4456 715 4512 Mr.
742 4484 745 4488 ·
1157 4458 1158 4466 ’
1218 4493 1222 4504 .

330 4685 335 4717 l
393 4723 395 4732 ι
