2842 5070
469 367 473 372 -
558 338 689 401 menn
708 337 772 416 tv,
793 337 843 402 37.
967 301 969 305 ’
1208 333 1270 398 ms

117 498 230 594 potest
256 510 350 572 utilis
379 526 450 570 esse
479 503 628 566 insaniat
649 539 692 551 -
713 511 772 564 ant
783 498 996 564 naturalem?
1023 499 1075 563 An
1097 503 1271 586 quiequam

118 606 168 656 est
189 592 369 656 seeundum
393 598 559 663 naturam,
592 584 679 669 quod
710 586 749 646 fit
778 593 985 670 repugnante
1012 583 1164 646 ratione?
1199 586 1271 653 Quo

117 675 217 738 modo
241 684 362 750 autem,
385 676 414 734 si
436 671 596 732 naturalis
619 675 704 730 esset
724 671 787 744 ira,
810 667 975 728 antelios
997 667 1064 733 olio
1086 670 1190 752 magis
1204 670 1273 747 ire·

118 757 246 820 condus
268 754 371 819 esseti
394 761 452 816 ant
472 753 572 814 finem
593 751 734 813 haberet
754 752 861 832 prius,
884 769 980 832 quam
1001 757 1088 819 esset
1107 751 1191 828 ulta,
1219 750 1274 811 ul-

168 947 249 1005 ¹Aut
267 939 444 993 naturalem?
464 955 500 992 on
518 935 660 1007 quiequam
685 942 727 986 est
744 933 887 986 secundum
910 933 1056 1000 naturum]
1092 935 1196 1008 Vulgo,
1225 947 1274 994 aar

120 1013 300 1068 naturalem?
337 1011 383 1063 An
402 1011 549 1080 quiequam
568 1012 626 1060 etse
644 1013 737 1076 potest
749 1005 901 1056 secundom
918 1009 1046 1064 notorum
1065 1012 1119 1058 ete.
1148 1008 1187 1060 At
1204 1010 1273 1084 Reg.

121 1085 270 1140 Pithoean.
306 1084 400 1135 Vatio.
421 1090 450 1134 et
468 1080 525 1132 Pal.
546 1085 640 1148 quart.
660 1082 708 1129 aut
727 1078 884 1128 naturalem
902 1075 976 1127 hane
994 1074 1140 1146 quiequam
1159 1083 1208 1144 eet,
1226 1082 1277 1136 vel

122 1170 162 1220 et,
181 1155 329 1208 seeundum
346 1159 478 1206 naturum
496 1158 550 1203 eto.
571 1148 646 1223 unde
665 1164 714 1199 suu
732 1148 831 1217 sponte
849 1147 977 1198 nascitur
1002 1146 1093 1200 lectio
1117 1167 1204 1219 quam
1226 1151 1278 1206 de.

121 1226 224 1279 dimus.
260 1225 310 1281 D..
984 1260 988 1269 .
1020 1246 1023 1250 -
1104 1263 1106 1267 .

194 1298 253 1349 Aut
274 1293 453 1349 naturalem?
460 1292 470 1359 ]
507 1291 617 1358 „Alter
639 1306 675 1342 ex
698 1288 804 1341 duobus
828 1288 914 1342 codd.
942 1286 1021 1342 Leid.
1050 1295 1101 1342 out
1126 1295 1277 1361 naturalis,

124 1367 200 1420 alter
218 1374 265 1420 aut
283 1365 425 1420 nmrtrutir
443 1369 495 1416 est.
532 1361 675 1432 Equidem
694 1360 862 1413 Ciceronem
881 1359 1028 1429 scripsisse
1046 1361 1155 1414 credor
1170 1364 1211 1416 At
1230 1380 1280 1417 na·

125 1440 228 1492 turolte
246 1444 299 1491 ert.
337 1439 382 1490 An
401 1435 548 1506 quidquam
566 1448 628 1485 esse
644 1436 736 1500 potest
755 1439 809 1483 etc.
847 1430 948 1483 Lectio
970 1431 1088 1506 vulgata
1113 1432 1189 1485 mihi
1206 1453 1281 1488 sem·

126 1526 181 1581 per
197 1525 300 1578 parum
317 1506 472 1579 probabilis
490 1505 551 1555 visa
569 1502 643 1556 est.“
680 1500 768 1554 Boot.

198 1586 246 1633 o'ut
264 1577 460 1643 naturaleml]
496 1575 541 1628 lta
559 1575 643 1628 Codd.
661 1574 731 1695 11εὲ
752 1571 864 1644 Gry'ph.
886 1572 960 1626 Gnd.
973 1577 996 1628 l.
1007 1575 1034 1629 2.
1054 1574 1140 1630 Marb.
1151 1574 1237 1627 Vind.
1251 1579 1280 1632 2.

127 1651 203 1707 Gud.
222 1650 317 1702 Duisb.
345 1649 435 1703 Rehd.
464 1655 588 1716 qrratuor
607 1645 676 1697 Oxx.
731 1643 776 1696 dd.
795 1647 827 1703 V.
851 1644 918 1698 Rob.
945 1644 1044 1714 steph.
1069 1645 1166 1698 Herw.
1188 1645 1280 1700 Gebh,

127 1739 207 1790 seqq.
246 1721 372 1785 Quatuor
394 1721 465 1771 Oxx.
490 1717 575 1772 Vind.
595 1720 619 1770 1.
649 1717 722 1766 Mon.
742 1717 767 1769 2.
793 1714 866 1788 Aug.
891 1715 964 1768 Edd.
988 1718 1016 1768 P.
1041 1717 1075 1765 A.
1100 1716 1131 1767 Β.
1151 1716 1181 1769 c,
1209 1719 1281 1770 ven,

127 1792 189 1847 Alt.
210 1799 239 1843 et
257 1798 346 1846 nostr.
366 1791 429 1841 Asc.
451 1792 475 1841 1.
495 1789 522 1842 2.
541 1788 623 1840 Junt.
642 1784 751 1837 habent
768 1791 817 1837 out
836 1785 977 1839 naturalis
995 1789 1055 1839 est?
1074 1786 1141 1839 God.
1162 1790 1238 1841 Mon.
1255 1793 1281 1844 l.

129 1869 180 1915 unt
200 1861 330 1915 naturale
348 1862 502 1928 quicquum.
521 1857 592 1910 Edd.
613 1859 650 1909 Μ.
670 1858 701 1908 1..
722 1855 801 1925 sylb.
822 1858 907 1910 Leod.
927 1856 991 1908 Ald.
1012 1857 1076 1910 Car.
1088 1856 1188 1928 steph.
1201 1860 1283 1913 Brut.

92 1988 96 2000 ⁸
129 1931 211 1986 Boul.
230 1934 271 1984 At
288 1929 433 1983 naturalis
451 1934 500 1993 est,
519 1936 553 1978 ut
568 1927 683 1979 volebat
701 1926 791 1980 Bonh.
811 1927 892 1980 Unus
911 1928 961 1980 Ox.
982 1933 1030 1995 aut
1049 1931 1187 1984 naturale.
1223 1931 1284 1984 Mr.
1331 1948 1334 1961 ·

202 2026 254 2074 An
273 2022 418 2088 quicquum
437 2016 655 2069 ert'seenndum
673 2014 825 2081 naturam]
864 2016 909 2068 lta
928 2016 1004 2068 edidi
1022 2033 1090 2068 cum
1107 2017 1176 2069 Dav.
1188 2018 1286 2073 Wolf.

132 2091 218 2146 Sehz.
244 2093 290 2147 Or.
310 2091 400 2145 Nobb.
428 2086 489 2150 (sed
508 2086 562 2138 ita:
592 2085 789 2155 nequicquam
815 2085 959 2154 [esse-pot]
978 2086 1031 2150 est)
1055 2087 1127 2139 Tbn.
1154 2089 1288 2158 proxime

133 2164 169 2216 ad
187 2163 362 2233 optimorum
380 2160 522 2211 librorum
540 2143 738 2226 siriptionerm
758 2174 883 2226 quorum
901 2160 970 2231 Reg.
996 2157 1082 2210 habet
1107 2157 1193 2211 lanc
1211 2162 1289 2228 quic·

134 2249 217 2304 quum
236 2249 273 2286 ee
291 2232 445 2290 tenendum,
472 2227 546 2280 Gud.
566 2230 591 2281 l.
612 2242 653 2279 on
672 2227 815 2296 quicquum
833 2244 912 2280 em
929 2229 1088 2293 seeundum,
1117 2246 1184 2281 cum
1201 2230 1291 2284 Berm'
1400 2234 1404 2243 '

135 2304 198 2374 (qui
224 2290 311 2355 esec]
331 2320 370 2353 m.
395 2301 481 2353 habet
498 2295 551 2351 doe
567 2313 621 2367 pro
644 2298 693 2362 on)
718 2306 748 2350 et
772 2297 903 2369 Gryph.;
935 2300 967 2350 in
991 2298 1064 2351 Gud.
1084 2302 1110 2353 2-
1138 2308 1180 2353 est
1203 2299 1290 2374 donc

170 2375 275 2441 inquom
294 2389 354 2425 esse
372 2387 435 2434 sen,
454 2370 486 2420 in
504 2385 562 2421 uno
581 2369 632 2439 Or.
651 2366 723 2420 dunc
740 2368 877 2436 cuiquem,
904 2370 936 2420 in
954 2369 1060 2422 duobus
1078 2367 1127 2423 doc
1145 2373 1292 2440 ontinenam,

134 2463 167 2497 ιιι
183 2443 271 2498 Rehd.
291 2441 340 2495 deo
358 2441 500 2511 quicquum
518 2440 546 2495 ἦ
565 2453 631 2502 een,
661 2438 807 2490 inDuisb.
828 2439 1027 2508 nequicquam
1049 2447 1092 2492 est
1118 2447 1146 2493 et
1169 2458 1234 2507 see,
1261 2443 1293 2495 in

135 2515 210 2570 Gud.
235 2512 286 2566 loe
310 2513 450 2583 quicquum
472 2511 500 2566 11
534 2524 587 2562 sec.
611 2510 644 2560 in
662 2511 737 2565 Mon.
758 2512 783 2563 2.
809 2509 956 2578 quicquum
982 2511 1095 2576 (omisso
1113 2512 1160 2578 on)
1186 2529 1243 2566 esee
1266 2519 1294 2567 et
1379 2511 1380 2514 ’

135 2586 293 2649 secuntum,
321 2585 352 2635 in
375 2584 449 2656 Aug.
475 2597 513 2632 an
534 2579 682 2647 quicquum
707 2595 766 2633 etse
795 2596 847 2636 see.
880 2588 1011 2634 naturam
1034 2587 1132 2650 potest.
1176 2585 1230 2638 Pro
1254 2590 1295 2637 ert

135 2657 243 2710 habent
270 2670 329 2708 esse
350 2660 438 2722 potest
455 2651 527 2704 Edd.
555 2658 622 2702 onte
640 2649 710 2702 Dar.
735 2659 764 2704 et
787 2659 852 2721 post
876 2668 942 2703 eum
960 2653 1031 2704 Ern.
1051 2654 1095 2706 01.
1122 2654 1205 2706 verb.
1231 2656 1295 2708 Alt:

135 2728 200 2797 Bip.
220 2725 334 2780 Mannh.
362 2724 480 2777 Codices
499 2738 557 2774 non
576 2721 656 2773 item.
693 2721 739 2774 Ad
756 2722 913 2774 formulam
930 2721 1131 2798 interrogandi
1148 2743 1177 2776 v.
1198 2724 1293 2778 Geru-

134 2798 217 2852 hard.
238 2795 368 2848 adbeel.
387 2814 415 2865 p.
434 2795 495 2850 259.
533 2792 605 2844 Mr.⁴
1282 2807 1286 2814 ·
1333 2859 1335 2863 ¹

121 2865 196 2994 ‘cn
210 2867 282 2991 11ἶᾶ
299 2861 1194 2993 '‘iiiii‘iiiiiiimdii]1⁸ii⁰iii‘'nlii‘¹i²ii⁹²1⁵⁵⁰v⁰·
1207 2868 1293 2994 ‘ibi

137 2956 349 3080 quatuorngx.
369 3006 442 3059 Edd.
462 3004 489 3057 S.
509 3005 597 3067 E.‚L.
616 3003 650 3056 D.
666 3003 754 3056 Schz.
775 3005 822 3058 Or.
886 2999 914 3057 n.
944 3014 974 3058 et
990 3024 1053 3058 mar
1074 2979 1088 3058 .’
1101 2977 1158 3061 tt's.
1186 2957 1217 3062 iii
1238 2977 1294 3063 ‘noi

139 3090 199 3135 stra
216 3080 280 3132 Asc.
300 3082 327 3133 2.
347 3078 475 3147 itemque
493 3075 545 3129 Ed
566 3075 689 3130 HWolf.
726 3075 877 3128 Immerito
903 3077 983 3130 nobis
1008 3025 1106 3131 dein.
1135 3095 1197 3131 eam
1221 3081 1293 3133 sori·

136 3153 268 3225 ptionem
285 3147 446 3220 improbare
470 3145 594 3199 videtur.
632 3146 694 3198 Mr.

210 3238 238 3292 ei
262 3232 403 3291 naturalis
429 3243 497 3288 esset
520 3233 594 3299 iren]
631 3235 712 3286 Unus
731 3236 780 3288 Ox.
805 3236 912 3289 horum
928 3208 1090 3291 ¹verborum
1118 3237 1183 3291 loeo
1206 3239 1294 3294 habet

138 3310 198 3365 vel
215 3310 273 3375 iro,
292 3309 379 3362 Marb.
400 3307 510 3359 ornittit
529 3312 606 3358 esset.
642 3306 707 3357 Post
724 3306 773 3359 iru-
789 3307 821 3358 in
838 3308 891 3360 Ed.
911 3308 982 3373 Em.
1003 3310 1079 3363 male
1093 3310 1293 3386 interrogandi

140 3384 257 3454 signum
276 3380 408 3451 ponitur:
430 3377 506 3444 quod
523 3393 581 3428 non
599 3382 740 3443 notarem,
759 3377 816 3428 nisi
833 3378 913 3431 hunc
931 3395 1060 3433 errorem
1072 3381 1103 3432 in
1116 3379 1185 3432 alias
1205 3382 1293 3434 etiam
1390 3431 1394 3437 .

138 3454 223 3517 Edd,
241 3469 269 3502 v.
290 3469 314 3502 c.
334 3450 395 3520 Bip.
417 3447 543 3512 Mannh„
563 3445 734 3498 translatum
751 3448 890 3502 viderem.
927 3451 993 3503 Non
1010 3451 1103 3504 multo
1127 3451 1232 3504 melior
1250 3461 1294 3506 est

139 3522 289 3577 distinctio
307 3521 378 3572 Edd
400 3520 485 3572 Grut.
505 3517 589 3570 Verb.
609 3515 680 3568 Dav.
700 3517 743 3570 01.
763 3518 822 3570 Alt.
841 3520 1031 3590 aliarumque,
1051 3539 1123 3592 quae
1141 3522 1189 3574 vel
1207 3522 1293 3576 colon

139 3595 247 3648 habent
264 3593 313 3644 vel
330 3590 496 3642 semicolon.
534 3588 661 3656 Sequens
679 3594 726 3640 out
744 3587 823 3641 deest
840 3591 871 3642 in
890 3589 957 3643 cod.
978 3594 1051 3644 Mon.
1074 3597 1097 3648 l.
1115 3592 1187 3644 Edd.
1206 3596 1236 3645 P.
1257 3594 1291 3647 A.
1380 3604 1382 3611 ·

85 3656 91 3665 ’
137 3666 170 3719 Β.
191 3666 222 3719 c.
244 3664 274 3715 V.
295 3662 357 3714 Asc.
379 3666 402 3714 l.
423 3664 448 3715 2.
468 3662 538 3713 Ven.
557 3666 646 3710 nostr.
667 3659 748 3711 Junt.
769 3661 836 3712 Rob.
856 3659 954 3732 Steph.
975 3663 1073 3716 Herw.
1110 3663 1210 3739 Pergit
1223 3664 1291 3719 Cod.

139 3736 230 3791 Rehd.
254 3735 328 3788 alius
353 3732 411 3785 olio
439 3731 541 3782 modo
566 3729 668 3796 magio.
704 3729 839 3782 Alterum
862 3740 980 3803 quoquo
1005 3739 1078 3786 estet
1105 3743 1169 3804 post
1199 3735 1293 3804 mugit

140 3807 219 3861 deest
241 3806 272 3856 in
290 3805 357 3856 God.
378 3802 465 3855 Marb.
491 3802 619 3870 itemque
650 3800 682 3850 in
706 3800 779 3852 Gud.
799 3803 825 3857 2.
860 3803 893 3856 in
916 3819 973 3873 quo
997 3805 1085 3857 etiem
1112 3804 1293 3860 desideratur

107 3905 110 3912 ·
139 3879 195 3944 ira,
217 3893 303 3945 quam
319 3891 421 3926 vocem
441 3872 513 3924 Gud.
536 3875 559 3925 l.
587 3885 644 3921 non
669 3870 726 3922 nisi
748 3874 808 3928 ad.
826 3889 866 3930 m.
891 3892 977 3944 supra
999 3875 1110 3929 lineam
1132 3875 1219 3930 habet
1245 3878 1293 3930 ad·

140 3949 288 4019 scriptam.
307 3948 372 3998 Post
390 3942 502 3996 deberet
512 3941 598 3994 verba
612 3938 776 4011 priusquam
787 3950 860 3996 esset
868 3947 971 3998 omissa
979 3954 1046 3999 sunt
1062 3947 1093 3997 in
1104 3947 1210 4003 Gudt.
1229 3950 1291 4002 Mr.

210 4038 300 4107 prius,
320 4049 402 4105 quom
421 4038 490 4084 esset
508 4032 596 4094 utta,
616 4029 770 4085 ulciscendi
793 4032 921 4102 titione]
957 4032 1032 4100 „Sic
1054 4034 1160 4086 hahent
1184 4037 1292 4090 multae

140 4108 301 4171 diditionem
319 4107 351 4155 in
368 4104 414 4155 his
431 4104 550 4166 Veneta,
568 4101 729 4154 Manutiuna
749 4100 817 4166 [vid.
837 4105 959 4156 Manutii
975 4113 1070 4156 annot.
1094 4104 1192 4175 paullo
1210 4124 1293 4176 supe·
1350 4124 1354 4139 ¹

144 4177 229 4244 rius]:
250 4177 338 4230 etsie
357 4171 656 4246 omninolegendum,
683 4174 904 4226 reclamantibus
928 4175 1011 4233 libris
1029 4175 1107 4229 11188.
1134 4175 1167 4228 in
1189 4178 1293 4245 quibus

143 4251 287 4319 seriptum
312 4255 355 4300 est
381 4244 440 4297 ulla
471 4259 525 4314 pro
547 4245 617 4307 ulta,
647 4241 731 4312 plane
760 4246 903 4298 mendose.
945 4247 1020 4298 Nam
1045 4244 1132 4297 huius
1159 4248 1294 4316 antiquae

144 4322 305 4390 scripturae
323 4318 421 4386 inepta
440 4323 469 4367 et
486 4314 603 4380 absurdar
620 4314 761 4366 sententia
780 4325 829 4368 est.
867 4318 927 4369 Hoc
955 4317 1033 4369 enim
1054 4317 1210 4391 significat:
1236 4333 1294 4385 quo

144 4392 231 4444 modo
255 4387 417 4447 ulciscendi
437 4385 527 4438 libido
553 4385 634 4455 prius
660 4385 749 4438 finem
770 4385 1011 4453 haberet,·quam
1029 4388 1090 4439 nlla
1115 4395 1188 4440 esset
1205 4387 1295 4441 libido

143 4465 229 4516 nata?
246 4461 312 4513 vult
330 4457 478 4514 interdum
494 4454 654 4509 ulciscendi
679 4455 831 4511 libidinem
854 4458 935 4529 prius
958 4459 1048 4512 finem
1064 4458 1180 4526 habere,
1208 4475 1294 4528 quam

117 4618 120 4623 ¹
172 4566 253 4611 cicero
262 4563 327 4611 Ture.
338 4563 405 4621 Dtrp.
420 4562 456 4610 ed.
469 4561 556 4608 mour.
573 4559 643 4605 Mt.
1027 4567 1070 4630 30
1148 4615 1153 4623 ἱ
