2842 5070
297 316 313 375 ἡ·
500 272 823 386 trutinantes
981 346 994 357 -
1164 277 1235 388 ‚aas

82 489 157 555 que,
178 470 296 549 Brute,
317 472 411 539 soleo
433 471 570 547 miraris
604 477 679 535 tuns
702 471 844 535 maximo
865 472 901 535 in
924 474 966 537 iis
984 471 1117 552 studiis,
1147 495 1234 557 quae

80 573 159 621 sero
178 552 364 617 admodum
377 558 534 636 expetita,
562 557 598 617 ia
614 554 712 619 ,hanc
731 555 903 618 civitatens
923 574 944 622 e
965 553 1105 618 Graecia
1124 564 1234 633 nans·

79 637 243 701 tulerunt,
285 637 373 700 Nam
417 656 498 700 uum
517 657 539 698 a
557 637 668 719 primo
688 636 785 699 urbis
805 644 899 715 ortu,
931 637 1036 722 regiis
1056 637 1232 717 institutis,

81 721 204 800 partim
215 720 317 782 etiam
339 720 406 809 tegi
430 739 481 799 us,
498 720 662 801 auspicia,
684 721 919 823 caerimoniae,
941 720 1087 797 comitia,
1108 740 1255 803 provo·-

80 887 190 942 Desunt
214 889 286 942 haec
309 890 368 943 tria
390 887 527 942 vocabula
551 888 583 941 in
603 887 671 944 (tot.
695 890 736 943 ue
760 926 766 940 .
790 889 915 964 Legitur
936 888 1032 940 multia
1053 888 1088 941 s'n
1107 888 1181 942 Iocis
1200 890 1232 942 in

79 959 152 1012 Edd.
179 959 212 1011 A.
230 961 261 1013 B.
286 961 316 1014 G.
340 962 373 1012 V.
401 959 465 1035 Asc
486 963 510 1014 l.
529 961 557 1015 2.
583 956 685 1034 [marg.
705 906 762 1013 Md.
790 958 848 1012 deb.
877 958 920 1025 ἐκ]
947 961 1019 1012 Ven.
1038 968 1128 1012 nostr.
1146 961 1228 1013 dunt.
1297 990 1300 995 ·

80 1028 157 1083 Crat.
176 1031 274 1085 Herw.
294 1029 362 1083 Rob.
380 1028 481 1100 stepb
501 1029 623 1086 HWoli.
644 1061 678 1072 -
696 1030 770 1082 Gud.
789 1032 815 1085 i.
835 1029 947 1082 omittit
962 1026 1111 1082 bominum.
1130 1029 1229 1083 Duisb.

79 1099 165 1155 babet
188 1101 304 1170 ingenia
327 1107 364 1156 et
385 1099 511 1153 virtutes.
549 1101 622 1154 Cum
635 1099 723 1171 aliis
739 1099 814 1152 loeis
839 1099 999 1170 plerisque·
1018 1099 1050 1153 ei
1077 1100 1230 1167 sententii,

78 1169 151 1237 duae
168 1171 219 1224 bic
237 1172 358 1237 obtinet,
382 1171 471 1224 soleat
489 1170 592 1225 Cicero
616 1171 714 1224 dicere
731 1169 884 1235 admirari,
907 1186 962 1240 pra
980 1170 1095 1235 mirari,
1122 1171 1231 1224 mirum

78 1258 137 1295 non
154 1251 198 1296 est
214 1243 312 1299 fuisse.
331 1242 383 1312 qui
401 1241 477 1295 illud
494 1241 667 1316 corrigendo
684 1241 885 1294 rescriberent.
921 1241 962 1293 Et
978 1240 1084 1294 hebent
1102 1241 1143 1294 ita
1160 1241 1229 1295 God.

79 1313 153 1367 Gud.
171 1316 200 1369 2.
219 1313 272 1366 Ed.
291 1313 327 1365 E.
365 1312 421 1365 Sed
442 1309 557 1376 mirari,
584 1327 639 1381 pro
663 1310 817 1377 admirari,
840 1326 901 1364 non
924 1311 1013 1364 semel
1039 1329 1106 1366 eum
1123 1312 1230 1366 dixisse

78 1400 136 1436 non
157 1393 199 1438 est
217 1384 293 1454 quod
311 1384 436 1437 docesm.
456 1382 519 1434 Vid.
539 1382 623 1434 modo
640 1383 676 1435 de
695 1384 757 1434 inv.
777 1383 816 1434 11.
838 1386 862 1436 1.
880 1385 907 1438 2.
927 1381 1008 1448 Quod
1020 1398 1094 1436 vero
1107 1381 1227 1437 Sebiits.

79 1455 109 1507 in
128 1456 196 1508 Lex.
215 1456 275 1509 Cic.
296 1471 317 1506 s.
337 1473 365 1506 v.
384 1452 614 1523 laudat-verrin.
627 1454 667 1504 bs.
686 1455 729 1507 tt.
745 1455 793 1508 68.
813 1468 882 1506 saxo
903 1451 938 1504 in
960 1452 1164 1509 mirandem
1185 1453 1230 1507 oh

78 1525 228 1579 titudinem
246 1527 392 1594 depresso:
411 1539 470 1576 non
487 1523 572 1594 plane
591 1523 717 1575 eiusdem
736 1531 779 1575 est
794 1523 963 1587 sententiae,
983 1540 1155 1592 quamquam
1167 1524 1229 1593 ipse

77 1596 156 1648 addit
174 1596 404 1652 conversionum
422 1592 834 1666 bewundernswiirdige
851 1593 971 1646 Tieie:
997 1594 1144 1647 eutonius
1161 1595 1230 1646 Er-

78 1675 229 1720 staunen
245 1684 273 1718 v.
293 1663 944 1746 Verwunderung'erregendeTieie.
981 1663 1042 1717 Mt.
1099 1702 1102 1706 .
1133 1672 1151 1687 '⁴

87 1770 92 1776 -
150 1742 210 1788 tum
227 1735 350 1788 marimo
366 1735 404 1790 iu
421 1734 472 1788 s't's
490 1734 609 1800 studies]
647 1735 725 1787 ltae
780 1735 890 1803 primus
908 1733 973 1786 dedi
991 1751 1028 1788 ex
1045 1734 1228 1789 codd-Rern.

72 1807 154 1858 Gud.
175 1806 272 1859 Duisb.
293 1807 346 1859 Ed.
365 1808 394 1863 P.
415 1805 466 1875 qui
482 1803 589 1857 habent
606 1803 664 1855 hiis
686 1750 822 1878 αξξυς.
843 1802 899 1857 MS.
925 1803 1038 1858 Ascens.
1067 1815 1182 1859 nostras
1198 1808 1227 1861 2
1330 1862 1336 1869 ,

77 1877 216 1930 Enotavit
235 1876 351 1947 quidem
369 1878 416 1930 Or.
441 1874 560 1928 eandem
582 1874 738 1927 lectionem
761 1892 798 1928 ex
814 1872 886 1927 Ede
905 1873 934 1927 S.
953 1875 988 1928 F..
1015 1875 1064 1928 sed
1086 1877 1231 1945 posterior

77 1956 158 2000 certe
184 1947 246 2000 sine
273 1946 357 2000 dubio
383 1945 488 1999 babere
510 1945 627 1997 videtur
644 1944 696 1998 s’s's
721 1943 757 1998 in
780 1945 850 1998 stud
872 1961 940 1997 cum
958 1945 1000 1996 ita
1017 1943 1151 1999 exhibeat
1173 1946 1227 1999 Ed.

78 2018 213 2082 HWolf.,
232 2034 304 2087 quae
324 2018 406 2070 illam
423 2016 556 2088 seqnitur
572 2015 604 2066 in
621 2015 769 2084 plerisque
791 2015 931 2068 omnibus.
967 2016 1008 2068 Et
1023 2014 1130 2069 habent
1147 2033 1241 2085 prae-.

77 2098 158 2142 terea
174 2089 215 2142 iia
232 2089 264 2142 t'n
281 2089 352 2141 Ede.
373 2090 410 2140 Μ.
429 2090 461 2144 1..
481 2088 562 2139 Brut.
572 2085 654 2138 Boni.
668 2085 733 2139 Ald.
749 2085 835 2138 Leod.
845 2086 936 2140 Goth.
955 2085 1047 2156 sylb,
1065 2087 1100 2139 in
1117 2083 1174 2140 bie
1189 2092 1227 2139 st.
1281 2101 1285 2110 ·

78 2160 215 2212 exhibent
242 2159 327 2213 Godd.
355 2156 422 2211 rell.
446 2158 519 2211 Edd.
544 2155 580 2208 A.
603 2155 668 2209 Asc.
695 2160 720 2211 1.
744 2157 816 2209 Ven.
843 2165 933 2210 nostr.
959 2156 1028 2212 Dav.
1055 2156 1151 2212 Wolf.
1180 2157 1230 2210 0r.

78 2229 142 2299 [qui
160 2246 230 2284 vero
248 2230 283 2283 ad
300 2229 406 2284 Woliii
424 2228 536 2282 scholas
552 2235 678 2279 nostram
696 2226 853 2280 lectionem
870 2226 1012 2297 praefert]
1038 2226 1110 2280 run.
1129 2227 1165 2280 lu
1183 2244 1230 2280 re·

77 2301 167 2370 liquis
187 2309 230 2355 est
246 2299 303 2353 bis
317 2298 334 2351 -ἑ
343 2317 361 2352 u
379 2301 454 2354 etad.
473 2301 607 2352 Nostram
616 2297 804 2366 scriptionem
813 2298 936 2351 rnaiebat
953 2298 1042 2351 etiam
1049 2297 1145 2352 utun.
1166 2298 1228 2352 Mr.

148 2386 217 2440 quoe
235 2387 299 2423 sero
317 2371 466 2423 admodum
485 2401 518 2412 -κ
538 2367 764 2434 transtulerunt]
811 2367 897 2434 „Quo
921 2368 1052 2438 pertinet
1078 2368 1231 2421 transtule-

77 2442 166 2494 rant?
193 2459 229 2493 an
247 2440 427 2508 adtingente,
454 2448 489 2492 ut
506 2456 538 2493 ea
556 2438 735 2491 transtulisse
765 2453 799 2492 sa
824 2439 916 2491 studia
934 2441 1053 2493 Romam
1076 2438 1229 2491 dicentur?

77 2513 188 2564 Durum
214 2511 271 2564 hoc
301 2511 401 2564 fuerit.
453 2510 622 2564 Ciceronem
651 2508 710 2561 scri
731 2508 799 2561 sisse
852 2517 902 2561 uto
928 2506 1138 2565 banestraat;“
1156 2510 1227 2563 Erre.

44 2648 49 2657 Ι
77 2582 332 2648 ‚aTronatateraat
350 2581 414 2637 scil.
433 2581 526 2636 nostri
542 2579 682 2633 bornines.
710 2526 810 2632 iiiior
847 2579 989 2633 rnestium
1005 2579 1056 2632 bic
1072 2578 1230 2632 haesisse.“

76 2654 186 2708 Nissen.
233 2653 336 2706 Merito
362 2669 447 2706 nemo
470 2652 620 2705 obsecutus
648 2658 692 2703 est
708 2651 842 2703 Ernesto.
862 2667 895 2695 -ε
931 2651 986 2704 Pro
1010 2651 1132 2718 expetito
1154 2668 1230 2703 unus

77 2727 128 2780 Ox.
149 2733 178 2776 et
195 2725 262 2778 God.
282 2723 356 2797 Aug.
376 2723 483 2777 habent
498 2720 620 2790 commi.
665 2722 798 2791 lnseqq.
818 2720 887 2778 God.
905 2724 981 2776 Mon.
999 2723 1026 2777 ἱ.
1045 2721 1133 2774 babet
1151 2718 1230 2775 urdt'e

78 2800 187 2849 ortae.
224 2794 365 2848 Verbeia
383 2793 456 2848 boue
472 2793 583 2848 omittit
601 2791 674 2846 Gud.
693 2794 720 2847 2.
743 2793 803 2846 Mr.
1066 2813 1069 2817 ·
1166 2791 1168 2795 ’

148 2866 242 2933 regiis
258 2866 407 2933 institutio]
447 2867 526 2929 „lta
543 2879 641 2916 omnes
665 2862 799 2932 impressi
820 2861 938 2928 babent,
962 2861 1134 2934 quibuscum
1145 2863 1231 2933 Gry·

76 2937 141 3007 pbii
158 2936 234 2988 libro
253 2935 398 2999 convenit,
415 2943 532 3005 praeter
540 2933 637 2985 hamb.
656 2933 718 3002 qui,
737 2942 804 3005 ente
816 2950 918 2988 vocem
935 2933 1037 3002 regite,
1054 2936 1162 3001 purtim
1178 2933 1231 2986 hs·

76 3008 133 3074 bet.
162 3007 248 3059 Ceste
267 3013 296 3056 et
313 3005 383 3057 alibi
396 3005 499 3058 Cicero
511 3020 577 3055 usus
590 3003 756 3072 estparts'm
772 3005 866 3073 posito
883 3007 983 3070 seinai,
1001 3013 1034 3056 ut
1052 3005 1087 3058 de
1095 3004 1228 3061 tinibz

78 3077 176 3131 Quid?
201 3075 229 3127 ei
247 3076 330 3128 etium
348 3073 454 3126 bestiae
471 3073 558 3126 multo
585 3073 694 3139 faciunt
720 3074 790 3125 duce
807 3090 858 3126 suo
877 3091 996 3142 qumque
1014 3082 1230 3141 notissimar-

78 3146 141 3199 tt'm
160 3145 390 3212 indulgenter
408 3145 453 3196 oet
469 3161 537 3212 cuent
547 3143 643 3196 labore
661 3152 715 3196 etc.
736 3145 855 3196 Brutus.
876 3147 967 3197 Locus
986 3154 1028 3197 est
1046 3144 1081 3197 de
1095 3145 1227 3196 Fiunll.

76 3219 120 3273 33.
146 3219 206 3271 109.
237 3216 287 3268 ubi
312 3217 465 3270 Censorem
491 3211 632 3281 quendam
657 3212 903 3266 Vindobonensem
928 3232 964 3267 ex
988 3215 1056 3267 God.
1084 3213 1141 3266 MS.
1165 3230 1231 3265 cor-

76 3289 222 3362 rigentem
240 3286 301 3360 legi
315 3285 418 3356 portui
434 3284 600 3352 indulgeat:
627 3283 711 3336 cuius
730 3285 919 3337 correctionis
938 3283 1049 3335 nullam
1067 3283 1231 3353 habueruut

75 3358 210 3411 notitiam
236 3357 322 3410 Goer.
348 3365 378 3410 et
394 3358 472 3411 otto.
498 3355 634 3410 Videmus
657 3363 753 3406 temen
777 3354 899 3408 haesisse
922 3371 956 3407 eo
975 3354 1039 3408 loco
1065 3354 1229 3407 nonnullos.

76 3429 158 3494 Quod
174 3443 245 3481 voro
264 3429 306 3480 ait
323 3428 406 3484 Brut:
426 3426 514 3479 semel
531 3427 601 3497 poni
618 3424 723 3494 purtim
747 3424 801 3478 illo
819 3425 854 3478 de
873 3425 958 3480 Finn.
977 3425 1052 3489 loco,
1077 3432 1157 3479 recte
1177 3425 1231 3477 ille
1251 3469 1252 3472 ,

11 3528 16 3532 -
77 3500 204 3569 quidem,
224 3500 274 3569 qui
292 3515 350 3552 non
368 3507 463 3551 nosset
480 3497 636 3550 lectionem
654 3496 685 3548 iu
700 3511 796 3567 seqq.:
817 3498 919 3564 porti
925 3512 952 3549 m
969 3510 1054 3549 auras
1065 3502 1091 3549 et
1096 3495 1231 3563 peregre·-
1303 3512 1318 3525 ·
1337 3498 1341 3503 “

77 3574 199 3635 notione,
218 3570 267 3623 sed
285 3588 351 3623 cum
369 3570 516 3640 plerisque
535 3567 613 3621 MSS.
634 3564 784 3619 exhiberet
801 3573 960 3631 turturea
978 3582 1063 3620 carru
1081 3575 1148 3620 etc..
1162 3565 1227 3617 vid.

76 3641 217 3710 iuterprr.
250 3641 405 3692 liarubinus
433 3647 528 3692 autem
557 3637 704 3692 neminem
730 3637 935 3707 obsequentem
966 3638 1075 3689 hebuit.
1117 3636 1151 3689 In
1174 3635 1228 3688 Ed.

77 3711 164 3783 Gotb.
187 3719 216 3762 et
228 3711 455 3780 ‚repetitionibus
472 3708 587 3766 Lembb.
607 3709 669 3761 eius
687 3708 775 3761 lectio
793 3708 825 3759 in
844 3724 936 3785 marg.
960 3708 1104 3778 adscripta
1122 3714 1164 3759 est
1182 3706 1230 3759 ad·

76 3782 138 3839 dito
157 3785 222 3846 fort.
260 3780 444 3850 improbatur
461 3781 493 3832 in
510 3796 602 3854 marg.
621 3776 705 3832 Verb
734 3776 903 3833 Soluense.
923 3779 1011 3832 biarb.
1030 3778 1116 3831 babet
1134 3776 1229 3846 tegi·

76 3853 136 3903 bue
153 3849 305 3904 institutis.
343 3851 443 3925 Pergit
460 3868 534 3903 unus
553 3851 604 3921 Ox.
622 3848 806 3918 partibus
824 3851 918 3904 etiam.
956 3848 1018 3907 Mr.
1101 3862 1105 3869 ’
1133 3865 1138 3871 ·
1278 3846 1282 3852 ’

147 3917 271 3985 comitio,
287 3920 509 3987 provocationes,
526 3924 640 3987 ausam
650 3918 813 3986 consitium]
844 3917 1230 3990 „Verbump'rooocots'uues

75 3990 152 4044 mihi
171 3988 287 4061 quidem
305 3999 468 4059 suspectum
486 3999 538 4054 eet,
558 3997 588 4042 et
605 3991 680 4056 iure,
698 3998 733 4043 ut
750 3989 889 4044 arbitror:
909 4008 975 4051 nam
993 4000 1136 4062 non'puto
1154 3992 1232 4043 iuvi-

74 4062 114 4114 tis
132 4061 247 4134 regibus
265 4060 393 4129 potuisse
409 4060 562 4129 provocari
579 4059 615 4142 sd
631 4061 783 4143 populum.
818 4062 907 4115 Forte
923 4060 1119 4128 mercationes
1132 4061 1166 4113 in
1183 4078 1232 4114 co·
1324 4084 1326 4091 v

10 4180 13 4187 .
73 4133 168 4186 mitiis
187 4131 303 4184 creandi
320 4131 409 4211 rogis,
427 4137 476 4182 aut
494 4128 622 4183 cuiusvis
639 4130 787 4213 inferioris
805 4131 999 4204 magistratus,
1016 4132 1042 4185 si
1055 4131 1087 4184 id
1104 4131 1149 4185 ius
1168 4139 1232 4185 erat

74 4222 91 4256 a
108 4202 217 4274 populo
235 4209 344 4272 petere.
382 4200 505 4256 Omnino
527 4205 727 4268 pressatum
751 4207 818 4252 suut
841 4216 875 4253 co
916 4210 978 4255 atae
1001 4200 1138 4267 comitiis,
1166 4201 1232 4270 qui·

74 4273 127 4326 bus
144 4283 280 4342 tanquam
298 4270 461 4325 rudimenta
485 4269 623 4338 quaedam
641 4270 744 4344 legum
757 4269 800 4339 de
817 4286 873 4323 <arn
893 4271 938 4324 itu
964 4271 1108 4327 adhibitus
1122 4270 1234 4323 debuit
1337 4268 1340 4272 ’

75 4361 135 4397 esse
153 4343 259 4414 aliquis
277 4342 376 4395 modus
392 4341 529 4397 instituto
601 4339 812 4415 io‘autetiam
828 4341 927 4417 lege.“
956 4342 1087 4399 Ursinus.
1125 4341 1232 4394 Contra

75 4415 134 4474 iam
151 4411 359 4478 camerarium,
374 4421 436 4496 „et
448 4411 499 4467 sub
517 4409 582 4486 regi
600 4420 645 4478 tufi
662 4410 784 4479 scribit..
801 4412 1017 4484 provocationis
1039 4412 1074 4467 sd
1092 4409 1233 4481 paruum
