2842 5070
212 306 274 375 lot
410 299 644 367 CICERONIS
662 292 912 364 TUSCULAN.
933 293 1164 361 DlSPUTAT.

210 471 278 533 Hic
298 467 461 546 decernit,
482 478 521 531 ut
541 468 643 529 miser
664 466 720 529 sit.
763 463 856 529 Num
878 463 950 544 quis
972 462 1080 547 igitur
1100 460 1277 543 quicquam
1305 459 1365 525 de·
1391 513 1393 521 .

211 554 322 616 cernit
342 547 488 612 invitusl
804 611 807 618 ,
833 573 835 577 <
1109 577 1115 583 ·
1361 572 1364 575 >

182 672 187 682 ,
375 632 467 695 Malo
489 632 610 712 quidem
631 649 678 692 me
690 630 811 710 ¹quovis
831 628 963 707 dignum
984 624 1144 704 deputetur

209 713 304 777 Malo
326 734 360 777 se
382 713 518 800 dignum
548 713 697 795 deputet,
730 711 918 794 nisimiser
945 709 1000 771 sit.
1046 704 1152 768 Vides
1178 725 1260 791 ergo
1291 708 1365 786 opi-

208 798 320 861 nionis
342 816 422 868 csse,¹
444 816 512 858 non
533 805 685 870 naturae,
714 793 847 855 malum.
889 788 988 865 Quid,
1012 809 1092 870 quos
1124 807 1179 849 ree
1210 791 1283 870 ipsa
1311 791 1366 851 lu-

208 899 290 965 gere
309 876 486 962 prohibetl
508 888 547 941 ut
567 875 655 959 apud
677 874 865 939 Homerum
887 869 1100 953 quotidianae
1121 889 1221 932 neces
1240 873 1364 933 interi-

216 971 1364 998 ...ψ-,Μ

209 1029 285 1083 enim
302 1024 439 1092 iudicari,
466 1041 509 1078 me
527 1031 705 1080 tentantem
722 1021 859 1083 iniuriam
876 1023 970 1089 fucere
992 1038 1053 1075 meo
1071 1021 1139 1089 filio,
1158 1039 1237 1092 quem
1255 1023 1363 1094 expeti,

102 1124 106 1132 r
209 1098 237 1152 ei
254 1105 282 1153 et
299 1097 359 1167 ipse
380 1098 466 1150 miser
483 1097 546 1149 sim.
583 1097 644 1150 Mr.

279 1168 402 1222 Decrevi
426 1166 581 1235 tantisper]
616 1168 720 1218 Heaut.
742 1167 806 1221 Act.
826 1165 849 1218 I.
869 1164 914 1218 Sc.
934 1165 959 1231 1,
977 1167 1021 1222 05.
1059 1165 1095 1216 D.
1348 1224 1351 1230 ¹

280 1239 400 1292 Decrevi
419 1237 567 1307 tantisper]
592 1236 659 1290 Cod
673 1236 760 1289 Marb.
781 1237 893 1291 decrevi
911 1240 989 1294 tant
995 1234 1007 1286 i
1013 1250 1028 1286 e
1047 1233 1186 1301 iniuriae,
1203 1236 1298 1290 media
1315 1235 1364 1290 de-

210 1318 284 1363 sunt.
305 1308 378 1362 Gud.
404 1308 515 1361 decrevi
534 1323 598 1376 per
620 1324 671 1360 me
694 1307 827 1374 tantis,
862 1307 950 1360 Rehd
977 1305 1088 1360 omittit
1111 1322 1165 1358 me.-
1205 1307 1287 1360 Unus
1310 1309 1361 1363 ox.

209 1379 295 1434 habet
318 1381 459 1448 tantisque
479 1377 662 1432 meminimus.
691 1378 810 1446 Gud.f2.
833 1394 877 1431 me
903 1376 997 1430 minus
1021 1391 1051 1453 ee
1073 1375 1207 1430 iniuriae.
1252 1376 1364 1448 Scripsi

210 1459 306 1504 autem
324 1447 450 1514 Chreme,
468 1449 685 1503 vocativo=casu
702 1449 814 1518 primae
829 1447 1040 1510 declinationis,
1060 1463 1201 1500 comune
1218 1447 1268 1505 Ox.
1288 1449 1361 1502 Edd.

209 1523 247 1574 Μ.
267 1520 390 1576 Hwolt.
411 1521 457 1573 Or.
477 1520 542 1571 Vid.
562 1520 592 1572 0.
612 1520 644 1571 Ι..
665 1518 831 1572 Schneider.
852 1520 926 1571 Lat.
947 1517 1125 1570 Formenl.
1145 1519 1169 1571 1.
1187 1535 1215 1587 p.
1234 1520 1295 1579 303.
1322 1519 1363 1572 Et

208 1591 326 1718 ffiripsilt
349 1590 560 1716 {uffintslreim
583 1589 638 1711 hop
663 1588 880 1715 ὶρᾶοᾱΤὲηιιῒὶὶ
902 1588 1002 1715 lococh
1014 1586 1125 1710 122th
1144 1585 1259 1672 (irretire-
1274 1589 1360 1642 Codd.

239 1677 284 1714 on.
324 1699 330 1712 .
370 1698 376 1710 .
447 1699 453 1712 .
500 1678 544 1714 en.
572 1676 621 1712 nos
636 1677 660 1711 r.
714 1678 760 1711 u.
798 1698 805 1711 .
834 1675 938 1712 nomen
1004 1674 1020 1709 r
1062 1675 1099 1711 er
1139 1675 1241 1724 smmi,
1274 1676 1364 1727 quem

208 1732 266 1785 allo
289 1731 370 1783 uitur
387 1731 574 1784 Menedemus.
603 1731 714 1782 Nissen.
733 1732 856 1782 formam
874 1727 990 1782 Direme
1009 1737 1135 1781 ametro
1153 1729 1298 1800 postulari·
1310 1729 1361 1782 ait.

209 1803 244 1855 In
289 1802 315 1854 d.
335 1801 395 1852 Alt.
421 1802 531 1854 dicitur
546 1800 641 1854 Codex
660 1800 744 1860 Vind.
761 1803 788 1855 2.
806 1799 912 1855 habere
930 1799 994 1852 dum
1011 1815 1066 1869 pro
1083 1814 1158 1852 cumr
1183 1798 1232 1853 sed
1250 1809 1365 1853 contra-

209 1873 289 1924 rium
313 1871 430 1924 videtur
453 1872 551 1942 locum
574 1871 687 1924 habere.
730 1872 811 1924 Unus
837 1870 888 1923 01.
917 1869 1009 1922 habet.
1026 1869 1056 1922 in
1080 1875 1196 1935 cognato
1222 1887 1276 1939 pro
1302 1887 1363 1924 meo

209 1949 307 2010 gnato.
336 1942 409 1994 Gud.
429 1945 455 1998 2.
478 1943 565 1995 habet
588 1958 641 2012 pro
668 1940 715 1994 his
737 1941 857 1993 vocibus
878 1939 924 1992 nil
946 1939 1004 1991 nisi
1028 1947 1156 2007 cognate.
1201 1941 1283 1995 Unus
1310 1942 1360 1997 Ox.

209 2013 321 2066 omittit
340 2013 488 2080 sequentia
506 2013 563 2065 Hic
588 2011 712 2064 decernit
737 2016 766 2063 ut
789 2010 879 2064 miser
896 2009 944 2066 eit.
971 2012 1046 2063 Mon.
1066 2013 1091 2064 2.
1116 2009 1203 2064 habet
1228 2010 1287 2066 troc
1307 2028 1362 2082 pro

208 2081 263 2137 tic.
289 2083 362 2136 Gud.
384 2084 409 2137 2.
435 2083 582 2136 discernit.
606 2085 682 2135 ltlon.
702 2085 728 2138 2.
754 2081 825 2134 Edd.
854 2083 885 2133 P.
903 2080 937 2133 A.
955 2081 987 2132 B.
1008 2081 1039 2134 0.
1066 2083 1146 2141 dunt.
1175 2084 1247 2146 Yen.
1272 2092 1360 2136 nostr.

208 2154 273 2208 Asc.
296 2157 320 2207 1.
340 2156 366 2206 2.
387 2153 463 2206 Crat.
483 2154 620 2207 decrevit.-
639 2152 772 2206 sedCrnt.
794 2161 823 2205 et
841 2151 905 2206 Asc.
925 2160 1013 2203 nostr.
1024 2154 1049 2207 2.
1069 2151 1102 2202 in
1118 2170 1209 2230 snorg.
1229 2155 1360 2208 decernit.

208 2224 286 2276 Tum
302 2241 375 2275 unus
395 2224 444 2276 Ox.
463 2222 629 2290 Numquid
648 2239 714 2275 cum
733 2222 806 2274 Gud.
822 2225 848 2278 2.
874 2221 958 2288 Prior
976 2222 1120 2291 quiequam
1136 2241 1191 2292 pro
1208 2225 1362 2294 quicquam,

208 2295 351 2364 posterior
376 2293 485 2346 iterum
507 2293 651 2346 discernit.
677 2291 751 2367 Aug.
776 2292 907 2356 invictus,
930 2292 985 2345 duo
1004 2294 1074 2346 Oxx.
1099 2295 1130 2348 in
1146 2295 1230 2351 oitiie
1246 2313 1300 2366 pro
1316 2296 1363 2350 in·

112 2400 115 2405 .
209 2363 295 2415 citus.
331 2362 392 2419 Mr.

206 2491 212 2508 .
279 2433 363 2486 Malo
387 2432 522 2502 quidem]
558 2434 661 2490 Heaut.
685 2430 750 2486 Act.
769 2433 794 2487 1.
819 2432 864 2486 Sc.
884 2433 907 2499 1,
926 2436 969 2491 8&
1006 2435 1043 2496 D.

280 2503 362 2556 Moto
387 2505 497 2574 quidem
514 2503 566 2571 —]
603 2505 732 2571 „Rursus
755 2511 822 2556 sunt
843 2505 931 2557 verbe
958 2505 1128 2572 Menedemi,
1153 2505 1204 2576 qui
1225 2515 1311 2576 putat
1333 2524 1363 2560 se
1395 2512 1398 2517 ’

209 2573 329 2648 dignum
349 2591 521 2646 quocunque
539 2574 625 2641 malo,
654 2591 720 2626 cum
739 2573 883 2627 iniustitia
905 2593 1003 2628 suase
1026 2577 1145 2630 eiecisse
1162 2577 1259 2637 filium
1275 2579 1365 2631 mise·

208 2661 276 2703 rum
294 2661 329 2696 ex
346 2645 440 2713 patria
456 2644 612 2697 fateatur.“
628 2645 698 2699 Ber.
734 2646 814 2697 Unus
833 2645 883 2697 Ox.
903 2647 1018 2705 omittit
1032 2648 1113 2701 molo.
1133 2647 1217 2701 Vind.
1233 2652 1255 2702 l.
1275 2648 1364 2702 habet

208 2715 309 2782 deputo
332 2731 385 2785 pro
401 2717 542 2782 deputem.
576 2716 675 2789 Pergit
695 2715 767 2768 Gud.
787 2718 813 2770 2.
834 2716 909 2768 moto
928 2718 990 2769 sed
1007 2718 1149 2784 igneum
1166 2719 1279 2785 deputat
1298 2717 1363 2771 nisi

208 2788 255 2839 mi
261 2784 294 2836 ei
300 2792 320 2836 t.
341 2787 414 2837 Mon.
435 2788 460 2841 2.
480 2784 566 2837 habet
584 2792 615 2837 ot
632 2800 686 2854 pro
704 2785 770 2838 nisi.
788 2784 878 2839 Rehd.
897 2787 1007 2839 omittit
1026 2789 1114 2841 verba
1132 2787 1190 2843 niti
1205 2790 1293 2843 mirer
1311 2792 1360 2843 sit.

207 2856 290 2908 Unus
309 2855 358 2906 Ox.
377 2855 464 2978 ffibet
481 2856 531 2911 cti
546 2872 600 2925 pro
619 2855 686 2909 niti.
706 2855 806 2930 Pergit
823 2856 896 2932 Aug.
916 2856 978 2910 vidi
996 2857 1104 2925 igitur3
1122 2877 1196 2912 unus
1211 2859 1263 2912 Ox.
1282 2858 1363 2912 vides

208 2923 338 2992 igitur.
411 2943 435 2978 r.
460 2967 461 2971 ,
1192 2946 1200 2953 ‘

279 2994 346 3061 qvid
362 2996 451 3064 qood
467 3011 515 3047 rer
532 2994 611 3064 ipsa]
649 2996 726 3062 „Pal
754 3004 823 3049 tert.
849 3015 866 3050 a
888 2997 984 3066 prima
1007 3015 1094 3051 manu
1117 2997 1187 3068 quid
1208 3015 1292 3070 quoe
1312 3015 1361 3054 ree

207 3063 281 3132 iper.
319 3065 399 3130 Quod
416 3067 452 3119 ad
469 3067 580 3135 apicem
596 3083 687 3136 neque
707 3068 739 3118 in
751 3068 815 3118 Vnt.
835 3067 908 3121 est.“
927 3067 1008 3121 Geth.
1028 3069 1089 3134 „tis
1107 3086 1174 3121 cuin
1191 3071 1362 3124 assentiatur

208 3135 299 3192 codex
316 3135 431 3211 Regius,
450 3153 519 3206 quoe
538 3145 687 3207 receptum
705 3146 748 3191 est
766 3138 798 3188 in
814 3137 890 3191 hanc
901 3138 1089 3206 editionem.“
1111 3140 1249 3207 Verdurg'.
1268 3142 1362 3206 „Uni-
1411 3187 1415 3199 ,

206 3223 289 3259 verse
309 3207 491 3260 enuntiatum
513 3225 603 3260 nexus
627 3207 764 3261 orationis
786 3209 908 3279 respuit.
945 3208 1035 3274 Quare
1053 3210 1097 3261 uti
1118 3219 1183 3264 ante
1206 3211 1276 3280 qnid
1295 3210 1361 3264 itte

210 3277 404 3345 Terentianus,
423 3278 464 3330 sic
480 3278 510 3333 h.
526 3278 546 3330 l.
565 3277 637 3346 'quid
654 3293 738 3345 quos
756 3277 942 3353 legendum.“
959 3279 1069 3333 Nissen.
1086 3280 1153 3333 God.
1165 3280 1255 3335 Rehd.
1275 3281 1360 3335 hebet

207 3347 273 3417 ipso
290 3364 338 3400 ree
355 3365 408 3418 pro
427 3364 477 3400 res
491 3347 563 3417 ipsu.
601 3349 661 3416 Mr.
1075 3369 1079 3371 ⁴

279 3418 363 3482 Quid,
383 3433 454 3487 quos
471 3433 519 3479 ree
536 3418 716 3486 rfpeajugere
731 3415 870 3486 prohibet]
906 3420 1012 3495 Vulgo,
1037 3419 1112 3490 quid,
1136 3421 1212 3490 quod
1229 3437 1278 3475 ree
1295 3418 1360 3491 ipra

152 3499 156 3514 ²
206 3495 263 3540 etc.
300 3489 471 3611 Βεοεῗίἱιιψε
501 3504 571 3541 vero
602 3487 767 3554 lectionem,
799 3507 885 3558 quem
911 3500 1057 3560 praestent
1086 3492 1178 3544 Vatic.
1203 3491 1262 3546 Pal.
1290 3500 1358 3544 tert.

206 3566 237 3612 et
255 3560 326 3612 Med.
394 3596 400 3609 .
448 3561 468 3594 =‘
779 3585 781 3589 ⁴
908 3592 912 3597 ·
1287 3615 1289 3619 ,

207 3666 213 3680 .
277 3628 362 3694 Quid,
381 3643 466 3698 quoe
483 3633 531 3682 ree
544 3629 609 3696 ipsc
627 3629 725 3697 tergere
740 3626 903 3697 prodierit]
930 3630 972 3696 „i.
991 3648 1015 3684 e.
1043 3630 1111 3700 quid
1135 3631 1170 3687 de
1191 3623 1234 3685 iis
1257 3629 1357 3695 dicon,

206 3714 281 3766 quos.
319 3699 351 3753 si
369 3699 441 3768 quod
458 3700 619 3769 scripsisset
637 3700 749 3765 Cicero,
768 3700 927 3754 addendum
945 3709 1006 3754 eret
1025 3701 1197 3755 interdum.“
1214 3702 1357 3767 FAWott.

206 3768 238 3819 in
256 3769 371 3822 scholis.
392 3801 425 3811 -
462 3771 579 3822 Praeter
597 3769 682 3822 Codd.
703 3770 759 3821 iam
786 3771 877 3824 dictos
894 3772 1000 3824 hebent
1017 3783 1085 3842 quoe
1110 3774 1197 3825 Bern.
1215 3774 1243 3834 (e
1261 3774 1287 3828 2.
1307 3772 1358 3838 m.)

206 3834 281 3891 Gud.
302 3842 327 3892 l.
346 3839 441 3897 Rehd.
455 3839 542 3892 lilerb.
561 3847 622 3891 tres
640 3840 710 3893 oxx.
730 3841 803 3894 Edd.
822 3843 895 3894 hall.
917 3843 991 3895 oliv.
1011 3843 1155 3899 FAWoli.
1175 3842 1261 3896 Schz.
1280 3859 1360 3896 rece.

205 3906 290 3961 Solus
307 3907 382 3965 eud.
402 3911 427 3964 2.
446 3908 533 3961 hebet
550 3911 680 3978 quodam,
708 3912 917 3980 quodvfortasse
936 3921 1034 3971 ortum
1048 3921 1093 3985 ‘est
1112 3931 1146 3965 ex
1164 3914 1258 3990 glossa
1275 3928 1359 3982 qner-

206 3977 279 4030 dam.
307 3979 433 4048 ¹Reliqui
450 3979 557 4034 liabent
574 3981 655 4046 qued.
679 3982 773 4034 >Unus
791 3983 841 4035 Ox.
860 3992 890 4037 et
909 3983 981 4037 eut.
1000 3986 1026 4039 2.
1043 3982 1205 4052 prditum
1292 3999 1360 4051 peo-

113 4064 120 4082 =
206 4045 291 4101 ittet.
325 4050 424 4124 Pergit
440 4052 514 4103 Mon.
525 4052 550 4105 2.
571 4057 619 4102 out
630 4052 713 4118 apud.
731 4048 824 4106 Verba
838 4055 914 4121 apud
926 4055 1060 4123 usquead
1070 4056 1194 4119 efferunt
1232 4055 1359 4106 esuritis

206 4135 264 4171 uno
283 4121 333 4172 Ox.
359 4120 509 4173 aberrante
534 4120 648 4175 librarii
672 4123 755 4176 oculo
779 4142 794 4175 a
820 4126 920 4194 priore
946 4124 1021 4193 epod
1047 4125 1082 4176 ad
1105 4126 1256 4195 posterius.
1294 4127 1360 4177 litor

207 4189 281 4242 Gud
308 4189 409 4258 quotid
415 4190 429 4243 i
435 4207 451 4244 e
477 4207 574 4255 trecen
600 4210 673 4244 unus
699 4193 749 4246 Ox.
778 4194 957 4263 quotidianae
989 4210 1100 4248 orces.
1131 4195 1218 4247 Mar-b.
1248 4195 1361 4247 osnittit

205 4261 365 4314 multorum.
384 4260 473 4313 Rehd.
493 4263 719 4319 seductiones.
739 4264 812 4318 Gud.
833 4267 858 4319 2.
878 4265 964 4319 hebet
987 4260 1147 4318 malorum
1164 4267 1225 4319 red
1243 4265 1359 4318 ectio*-

205 4347 274 4387 rtem.
312 4332 411 4404 Pergit
428 4331 527 4384 Duisb.
554 4333 692 4386 doloris
710 4333 779 4403 [pro
797 4334 952 4398 maerendi]
975 4337 1104 4400 offerunt.
1132 4336 1206 4411 Aug.
1226 4338 1357 4402 merent.

142 4447 145 4455 .
206 4402 281 4458 Gud.
302 4403 420 4468 afferunt
438 4403 592 4457 maerendi.
628 4407 683 4458 Pro
700 4405 744 4459 ito
762 4406 870 4462 dicitur
888 4415 929 4460 est
948 4407 1075 4460 traditur
1097 4407 1129 4459 in
1146 4407 1253 4462 duobus
1271 4408 1358 4475 Ono,
