2842 5070
190 308 232 374 76
388 305 620 372 CICERONIS
637 303 888 373 TUSGULAN.
910 300 1144 368 DISPUTAT.
1170 300 1174 306 ’

169 464 408 534 ‘immoderata
433 472 603 552 ‘appetitio
625 472 753 552 opinati
782 473 894 555 magni
915 472 1012 545 boni,
1040 470 1167 533 rationi
1187 484 1262 530 nou·
1285 470 1343 532 ob·

123 554 173 608 25·
192 563 389 636 temperans.
436 554 524 638 Ergo
548 553 629 614 haec
651 553 717 614 duo
762 573 871 629 enera,
902 554 1057 632 voluptas
1079 553 1225 636 gestiens
1248 561 1282 612 et
1304 553 1343 612 ii-

183 636 281 714 bido,
303 637 468 709 bonorum
497 637 657 717 opinione
686 573 880 697 turbantur:
914 643 952 694 ut
974 635 1038 694 duo
1066 635 1207 715 reliqua,
1236 643 1343 697 metus

182 729 227 780 et
247 717 433 804 aegritudo,
459 719 635 779 malorum.
679 716 766 778 Nam
787 726 821 779 et
842 726 961 793 metus,
984 719 1098 796 opinio
1126 718 1238 798 magui
1263 718 1342 779 mali

191 799 430 889 impendentis3
456 806 489 861 et
511 797 686 884 aegritudo
708 808 760 860 est
780 800 894 880 opinio
916 801 1028 883 magni
1050 798 1128 858 mali
1149 801 1342 880 praesentis,

182 985 336 1054 ¹cupiditas
353 993 427 1039 recte
446 985 491 1039 oei
507 984 652 1054 cupido]
676 986 774 1038 Herw.
802 982 938 1037 exhibent
964 983 1039 1106 quod
1064 983 1095 1035 in
1122 982 1178 1034 suis
1198 982 1283 1036 Codd.
1314 991 1342 1036 et

168 1058 261 1110 ‘'Pall.
283 1056 340 1110 esse
360 1057 400 1108 ait
417 1056 487 1108 Dav.
506 1056 543 1181 §p
559 1056 631 1108 Edd.
652 1055 737 1108 Leod.
757 1055 857 1107 Sturm
874 1053 954 1107 Boul.
986 1054 1044 1124 ylb.
1058 1054 1120 1105 Ald.
1133 1052 1214 1105 Brut.
1226 1054 1339 1106 Lambb.

192 1127 281 1181 Goth.
301 1126 421 1182 HWolf.
442 1128 498 1181 It'r..
537 1126 595 1182 abr.
614 1127 742 1201 legitur:
762 1124 852 1178 altera
871 1125 915 1178 ael
931 1124 1077 1193 trepiditas
1096 1131 1170 1177 recte
1188 1124 1233 1176 oei
1250 1124 1340 1178 iibido

192 1197 252 1251 dici
265 1204 369 1266 pateat,
389 1214 459 1268 qaae
478 1203 519 1250 eet
538 1196 612 1250 imm.
636 1226 668 1235 -
687 1198 758 1262 doni,
778 1196 889 1249 rationi
906 1212 961 1248 non
979 1196 1179 1272 obtemperans.
1200 1196 1289 1261 Ergo.
1307 1223 1339 1233 —

190 1269 262 1321 Ern.
283 1269 406 1338 denique
425 1287 492 1321 eum
510 1268 594 1323 Grut.
614 1266 706 1321 altera
730 1266 882 1335 cupiditas,
912 1282 979 1334 petae
1005 1274 1078 1319 recte
1102 1266 1147 1317 uel
1169 1266 1256 1318 libido
1281 1265 1341 1319 dici

186 1344 295 1408 potest:
319 1355 389 1409 quae
408 1345 449 1392 eat
468 1339 652 1392 immoderata
671 1355 732 1407 app.
753 1338 863 1407 opinati
881 1337 979 1405 anagni
996 1339 1068 1402 horai,
1096 1337 1206 1390 rationi
1222 1353 1276 1389 non
1295 1338 1341 1390 ab·

191 1412 357 1478 temperans.
394 1411 474 1478 Ergo
502 1441 544 1460 -.
582 1411 616 1462 ln
645 1427 734 1483 marg.
762 1409 875 1460 Lambb.
905 1417 934 1460 et
961 1408 1048 1460 Goth.
1086 1416 1128 1459 est
1160 1409 1338 1462 coniectura:

191 1480 303 1550 opinati
319 1481 440 1546 futuri
457 1480 556 1548 magni
572 1479 641 1534 boni.
679 1480 713 1533 ld
730 1496 799 1532 vero
818 1489 895 1532 recte
914 1479 1139 1553 intelligendum
1158 1485 1255 1530 censet
1266 1479 1338 1530 'Bill.

185 1552 225 1606 ·In
244 1553 423 1605 correctione
432 1550 583 1605 Davisiana
602 1551 676 1602 illud
695 1567 749 1619 quo
772 1550 808 1602 ue
827 1549 1016 1620 reprehendit
1036 1551 1093 1611 Or,
1122 1549 1197 1618 quod
1222 1567 1257 1601 ex
1281 1549 1340 1602 eius

191 1622 303 1677 ratione
320 1625 424 1676 vocula
440 1628 514 1675 recte
533 1621 745 1675 incommodum
786 1622 881 1673 aberet
900 1620 1006 1673 locum.
1027 1620 1093 1672 Cod.
1113 1623 1187 1672 Mon.
1208 1623 1234 1675 2.
1247 1621 1340 1672 ¹omit-

190 1693 229 1747 tit
254 1693 368 1761 opinati
391 1703 455 1764 post
479 1692 621 1761 appetitio.
658 1694 712 1744 Pro
735 1692 813 1757 Ergo
833 1689 900 1744 daec
918 1692 983 1743 Cod.
1004 1690 1100 1742 Duisb.
1120 1687 1189 1743 iaec
1207 1707 1284 1759 ergo,
1309 1691 1339 1754 in

189 1760 192 1764 ’
211 1764 340 1816 raacedd.
361 1771 469 1816 autem:
491 1781 559 1833 quae
574 1763 618 1815 aei
635 1761 778 1828 cupiditas
795 1761 839 1814 oei
850 1762 940 1814 libido
958 1768 1057 1815 recte
1076 1760 1135 1814 dici
1145 1766 1245 1831 potest.
1265 1760 1338 1837 Aug.

185 1830 189 1835 ’
215 1851 254 1903 go
271 1832 329 1908 bac.
366 1832 441 1887 Tum
460 1835 514 1888 duo
535 1837 604 1889 Oxx.
625 1832 680 1885 uei
697 1828 785 1886 libido
803 1849 855 1903 pro
876 1839 910 1885 et
929 1832 1025 1887 iibido.
1062 1833 1143 1884 Mn

193 1956 197 1963 ι
260 1923 393 1976 donorum
418 1922 547 1992 opinione
580 1922 760 1988 turbanturt]
806 1921 962 1986 „Turbone
989 1922 1125 1974 dixerunt
1154 1930 1186 1973 ut
1212 1923 1338 1987 pulsare.

185 1991 280 2051 Plaut.
306 1996 431 2050 Quantae
460 2010 506 2046 ree
530 1994 623 2056 turdo,
648 1997 767 2061 quantas
792 2007 883 2051 niorto
907 1989 1064 2052 machinas!
1091 1992 1163 2057 [Mil.
1184 1991 1265 2044 Glor.
1286 1994 1338 2056 ΙΙΙ.

184 2063 274 2129 Ι2.«1.]
294 2065 357 2123 Hor
374 2075 472 2121 tamen
490 2065 555 2117 loco
573 2063 720 2116 turbantur
737 2061 832 2115 videri
850 2063 939 2132 possit
952 2120 955 2124 ,
967 2063 1008 2128 ita
1025 2063 1160 2132 positum,
1185 2070 1219 2115 ut
1241 2063 1341 2115 aVir·

208 2128 419 2191 ilid‘dellantur
432 2134 527 2200 .‹[Aeu.
547 2136 596 2187 xl.
616 2132 690 2200 aaa]
717 2133 766 2184 ubi
784 2132 842 2184 vid.
863 2132 965 2200 Serv.;
992 2133 1134 2186 etacio.
1152 2131 1270 2199 punitur
1294 2133 1340 2201 [de

172 2202 245 2328 ‚cffi
265 2206 288 2258 Ι.
309 2207 351 2262 25.
371 2206 422 2261 ubi
445 2206 503 2258 vid.
534 2202 685 2274 interpr-rt]
714 2212 743 2256 et
772 2201 935 2271 puniuntur.
971 2201 1040 2269 [vid.
1068 2204 1139 2257 Era.
1168 2203 1247 2257 Glav.
1267 2203 1340 2270 Ciu]

215 2290 336 2328 amerar.
976 2285 985 2289 ”

164 2384 213 2484 *ji
261 2365 402 2486 {ilonorurn
419 2364 550 2434 opinione
567 2364 731 2432 turbantur]
766 2365 874 2418 Forsan
891 2362 1046 2437 legendum
1073 2362 1192 2416 tabant.
1232 2365 1341 2418 Lucre-

184 2441 202 2484 t
213 2443 261 2486 us·
296 2436 383 2491 :tta
555 2486 558 2491 .
805 2446 807 2451 '
1141 2451 1144 2456 ·

185 2525 190 2532 ¹
222 2524 224 2529 ’
298 2515 299 2518 ’
353 2508 467 2631 §iuter
486 2508 591 2577 offebau
609 2523 669 2562 curn
687 2507 804 2560 turbant
828 2521 945 2574 corpore
964 2507 994 2559 in
1013 2503 1077 2572 ipso

184 2597 213 2611 ··
318 2593 319 2596 ’
375 2593 477 2631 emina.

188 2646 296 2700 Noster
312 2647 347 2700 ‹ie
365 2649 430 2701 Fin.
450 2650 500 2705 lib.
522 2651 543 2703 1.
560 2641 625 2721 'cap
648 2655 689 2706 1⁰.
727 2650 765 2702 At
782 2649 816 2703 id
834 2660 868 2702 ne
885 2648 965 2712 ferae
983 2646 1093 2714 quidem
1110 2646 1227 2713 radunt,
1246 2649 1339 2702 atita

186 2724 280 2782 ruant,
300 2717 394 2785 itaque
411 2721 537 2788 turbent,
556 2729 594 2786 ut,
614 2737 709 2774 earum
725 2725 816 2774 motae
834 2725 861 2772 et
880 2717 999 2788 impetus
1017 2735 1070 2788 quo
1087 2719 1258 2786 pertineant,
1286 2736 1339 2773 non

188 2787 392 2858 intelligamus.
412 2791 528 2843 Tacitus
545 2792 648 2845 Annal.
668 2793 721 2855 111,
740 2793 783 2846 4⁷.
822 2790 855 2845 Si
879 2805 936 2842 una
963 2791 1086 2842 alterare
1104 2788 1206 2844 ciritae
1225 2790 1336 2843 turbet.

189 2859 261 2912 Vide
280 2869 310 2912 et
328 2862 377 2926 IV,
400 2865 422 2915 1.
444 2872 473 2914 et
490 2863 564 2914 Hist.
586 2864 610 2928 1,
630 2868 654 2918 7.
693 2863 729 2915 D.
1002 2892 1004 2899 ·

258 2931 391 2983 donorum
409 2931 539 3000 opinione
557 2930 780 2998 turbatiore]
816 2933 918 2985 Probat
943 2931 1033 2984 Bouh.
1059 2930 1169 2992 Davisii
1193 2927 1340 2982 coniectu-

188 3015 260 3064 ram,
279 3001 407 3071 itemque
426 3003 634 3056 hullemannus.
654 3005 767 3056 Nissen.
787 3019 855 3056 vero
875 3020 907 3056 ea
924 3003 1011 3055 verba
1030 3001 1261 3073 explicati-„ad
1278 3002 1340 3052 ani·

187 3086 268 3121 mum
285 3073 457 3140 turbandum
467 3077 653 3128 exciuntur:
663 3074 868 3142 “nullamque
887 3090 945 3126 esse
963 3075 1117 3126 mutandae
1123 3070 1256 3124 lectionis
1275 3088 1340 3123 cau-

187 3157 246 3191 sam
265 3141 350 3217 addit.
375 3144 495 3197 Billerb.
522 3146 660 3216 explicat:
689 3147 861 3210 excitantur,
887 3143 968 3213 quasi
992 3144 1108 3197 turbine
1131 3141 1267 3208 ruunt;“
1291 3142 1338 3193 Or.

188 3223 370 3276 „naseuntur
389 3224 505 3283 tamque
524 3217 637 3269 turbide
655 3216 838 3281 moventur‚“
863 3224 896 3266 ut
914 3217 946 3266 1..
967 3215 1013 3266 tv.
1038 3217 1088 3270 342
1114 3230 1148 3267 ea
1167 3229 1222 3281 qua
1247 3212 1339 3265 cond

187 3287 285 3335 tantur
306 3285 536 3351 perturbationes
561 3288 579 3338 i.
601 3303 625 3340 e.
651 3286 786 3340 oriuntur
803 3302 864 3338 oum
890 3282 983 3338 turba.
1014 3285 1117 3355 Topio.
1137 3284 1159 3348 §a
1180 3288 1229 3339 99:
1263 3282 1339 3334 Huic

187 3353 297 3420 generi,
325 3356 356 3408 in
378 3362 474 3431 meoet
499 3357 700 3412 misericordia
725 3365 752 3410 et
771 3355 921 3409 iracundia
945 3360 970 3408 et
997 3355 1095 3408 odiam
1120 3362 1146 3407 et
1173 3353 1284 3407 inuidia
1311 3358 1339 3405 et

187 3430 296 3476 ceterae
330 3426 421 3478 animi
439 3423 611 3493 'affectiones
641 3430 918 3495 perturbantur,
948 3426 1101 3495 praecepta
1125 3425 1339 3493 suppeditantur

188 3494 259 3547 aliie
276 3494 306 3547 in
325 3495 420 3549 titur.
440 3499 503 3554 Vid.
524 3500 616 3552 Beier.
635 3498 671 3551 ad
688 3499 748 3552 cio.
768 3499 869 3568 Topio.
889 3499 909 3548 1.
930 3515 954 3550 c.
980 3515 1008 3567 p.
1028 3501 1091 3558 436..
1110 3497 1158 3556 ed.
1171 3495 1268 3548 ¹Orell.
1289 3511 1340 3564 pe·
1379 3506 1381 3513 ’
1405 3505 1408 3510 ’

185 3565 306 3619 audiaris
330 3567 427 3635 aliquo
453 3569 523 3639 Opp.
548 3569 637 3622 Oratt.
659 3569 719 3623 cic.
747 3571 828 3623 Unus
853 3570 901 3622 Ox.
928 3568 1014 3620 habet
1032 3564 1159 3632 dolorum
1174 3580 1237 3634 --pro
1256 3565 1340 3618 dono·

187 3651 257 3689 rum.
278 3637 352 3689 Gud.
372 3640 396 3692 2.
423 3656 439 3689 a
459 3644 482 3693 1.
503 3658 540 3691 m.
565 3641 706 3705 tardatur,
732 3648 761 3692 et
787 3641 828 3692 sic
852 3640 938 3692 etiam
964 3639 1030 3692 Cod.
1049 3639 1122 3712 Aug.
1149 3635 1290 3704 Sequitur
1308 3636 1340 3687 iu

186 3706 254 3762 ,God-
279 3708 369 3760 Itehd.
397 3715 428 3763 ut
452 3711 591 3776 reliqua
617 3713 690 3764 duo.
727 3713 792 3763 Post
818 3716 907 3763 metue
925 3709 997 3762 Gud.
1018 3710 1043 3765 2.
1069 3707 1180 3761 omittit
1207 3711 1241 3772 et.
1270 3706 1337 3761 Cod.

188 3779 263 3836 Mon.
282 3781 308 3833 2
327 3779 412 3832 habet
427 3782 653 3847 perturbantur.
679 3783 760 3835 Unus
779 3782 828 3837 Ox.
847 3795 912 3834 num
926 3796 980 3850 pro
998 3786 1050 3833 ut.·
1073 3779 1136 3840 Mr.
1215 3836 1217 3840 λ

200 3857 203 3885 ³
256 3866 328 3919 Nam
347 3872 374 3919 et
390 3875 488 3934 metue,
508 3869 603 3937 opinio
619 3870 719 3937 magni
736 3869 818 3936 maii]
849 3869 915 3922 Cod.
936 3870 1022 3921 biarb.
1043 3867 1115 3920 Nam
1132 3873 1231 3920 metus.
1252 3865 1337 3918 codd.

181 3933 260 4011 '‘Aug.
289 3941 363 3991 Mon.
384 3940 410 3993 2.
436 3940 519 3992 Vind.
542 3945 564 3994 l.
589 3947 680 3992 metae
704 3946 759 3992 eet
784 3941 888 4009 opinio:
925 3940 1037 4008 aliq'uot
1066 3939 1136 3994 Oxx.
1162 3936 1258 4005 opinio
1283 3942 1337 3988 eat

187 4023 254 4058 cum
272 4008 368 4061 hamb.
389 4010 437 4061 Fr.
456 4008 540 4062 Fabr.
560 4011 634 4063 Lali.
655 4010 729 4063 oliv.
749 4012 820 4063 Tres
839 4013 909 4063 Oxx.
926 4009 1088 4078 praesentia
1104 4008 1338 4078 pro‘impenden·

188 4079 236 4131 tir.
260 4079 335 4131 Tum
354 4079 407 4131 Ed.
427 4081 455 4131 P.
475 4087 502 4133 et
522 4081 673 4148 aegritudo
692 4089 807 4135 autern
826 4087 874 4135 eet.
912 4082 1003 4134 Verba
1020 4086 1049 4132 et
1069 4079 1220 4146 aegritudo
1246 4094 1338 4146 usque

186 4149 222 4202 ad
237 4149 406 4219 'praesentis
436 4149 537 4202 desunt
561 4154 593 4203 in
617 4153 722 4204 duobus
742 4154 811 4205 Oxx.
845 4154 927 4206 Unus
944 4167 998 4221 pro
1025 4156 1051 4203 et
1071 4167 1151 4219 aegr.
1180 4155 1223 4203 eet
1242 4146 1338 4216 opinio

186 4219 272 4272 habet
290 4228 318 4290 et
336 4220 473 4288 quidem
491 4228 533 4274 ert
550 4222 643 4291 opinio
662 4239 803 4289 recena,
822 4224 978 4298 pergitque
997 4224 1097 4288 magni
1119 4220 1245 4274 inarbi-
1273 4221 1338 4271 Post

185 4293 346 4367 praetentis¹
361 4289 428 4343 Cod.
453 4295 527 4344 Mon.
547 4297 573 4348 2
599 4284 697 4369 pergit
714 4294 860 4363 Equidem.
887 4292 964 4346 Gud.
987 4291 1072 4344 habet
1099 4291 1259 4362 etquidem
1283 4294 1338 4342 eet

182 4378 309 4441 (recens.¹
329 4363 363 4414 ln
380 4360 433 4413 Ed.
453 4363 550 4416 Rathii
570 4366 740 4418 exciderunt
756 4366 842 4418 rerba
859 4361 1046 4432 impendentis
1073 4381 1162 4433 usque
1189 4362 1224 4414 ad
1242 4360 1338 4428 opinio

188 4433 258 4487 tatia
272 4430 354 4498 ,mati
392 4433 426 4486 in
444 4433 509 4489 Cod.
530 4434 603 4511 Aug.
624 4437 725 4490 desunt
743 4437 830 4495 rerba
858 4442 900 4489 ert
927 4433 1023 4502 opinio
1040 4443 1104 4504 post
1131 4440 1158 4489 et
1176 4431 1336 4501 aegritudo.
