2842 5070
205 311 269 377 ns
387 258 640 375 'oteramus'
660 302 1164 374 roscreen-ommno
1209 364 1211 368 ,

143 479 184 573 31
276 473 342 541 ,Ac
358 472 401 541 da
421 477 588 541 malornm
608 477 768 560 opinione
787 475 958 575 hispanus.
1001 471 1189 575 Videamus
1211 492 1308 575 nunno
1330 471 1367 535 de

141 562 185 614 ⁰⁸·
211 557 388 638 bonorum,
409 558 528 640 idest,
550 558 591 623 de
612 561 739 624 laetitia
762 569 797 623 et
817 558 859 621 da
878 557 1072 643 cupiditate.
1114 556 1206 620 Mihi
1231 556 1369 637 qrnderu

166 816 175 847 i

207 644 243 705 in
265 651 337 705 tota
357 644 489 706 ratione
510 663 559 719 ea,
592 663 676 725 quae
698 645 847 726 pertinet
871 640 914 705 ad
935 643 1039 703 animi
1062 641 1368 720 perturbationem,

208 745 277 787 una
297 733 352 788 r'es
373 725 867 808 videtur'caus'amaontiners,
889 740 1004 787 omnes
1025 743 1080 785 eas
1102 742 1174 786 esse
1194 726 1232 784 in
1256 731 1370 785 nostra

279 912 305 949 c.
323 899 370 952 31.
404 896 658 952 acaemitorum
672 895 816 966 opinione]
853 896 978 972 Legitur
994 894 1057 948 ilos
1074 909 1128 964 pro
1148 908 1183 946 nc
1201 894 1235 946 in
1254 895 1368 953 Gudt.

209 974 309 1021 contra
335 975 448 1023 actenus
477 984 532 1039 pro
555 966 686 1024 kactenus
714 969 746 1020 in
773 966 846 1021 Gud.
868 971 892 1022 l.
931 968 1012 1021 Unus
1036 968 1085 1021 Ox.
1112 962 1200 1018 habet
1226 966 1303 1019 Hes
1327 969 1369 1034 de,

208 1039 281 1093 alius
298 1039 371 1092 Iam
389 1040 433 1104 de,
459 1039 547 1095 liehd.
568 1057 635 1094 cum
659 1039 731 1095 Edd.
752 1036 779 1094 S.
800 1039 834 1092 E.
861 1042 906 1090 At
924 1037 966 1090 de.
1005 1035 1145 1092 Formula
1170 1054 1207 1090 ex
1234 1039 1298 1108 ipso
1326 1041 1370 1095 Ci-

208 1125 312 1163 cerone
334 1111 490 1163 notissima.
527 1113 580 1165 ost
606 1113 716 1182 saepius
744 1110 775 1162 in
798 1109 940 1181 Epistolis
965 1109 1000 1162 ad
1018 1108 1157 1173 Atticum,
1185 1102 1319 1195 itemque
1337 1112 1369 1164 de

207 1178 273 1234 osv.
296 1183 346 1236 ll..
360 1185 405 1237 21.
432 1191 506 1235 extr.
551 1182 608 1237 Sed
634 1181 701 1236 daec
726 1178 865 1235 haetenus.
908 1179 988 1233 Nunc
1011 1181 1051 1233 od
1074 1186 1184 1233 ostenta
1210 1197 1366 1237 pensamus.

206 1250 274 1306 Post
291 1261 316 1306 et
334 1253 442 1308 excidit
460 1254 495 1307 de
521 1253 552 1304 in
574 1253 666 1306 tribus
694 1251 780 1318 codd.
802 1255 911 1306 Oxonn.
931 1251 1005 1305 ond.
1031 1259 1061 1305 et
1077 1251 1174 1304 Duisb.
1221 1253 1258 1305 ln
1276 1262 1370 1326 poste·

207 1324 286 1378 riore
305 1326 443 1379 scribitur
461 1327 496 1379 de
512 1326 667 1394 cupiditate·
685 1331 713 1379 et
730 1326 846 1380 taetitia.
885 1323 972 1376 Abest
989 1324 1067 1377 idem
1085 1323 1121 1376 de
1139 1322 1174 1375 ab
1191 1325 1265 1378 Edd.
1287 1327 1322 1378 V.
1341 1333 1370 1379 et

157 1444 161 1461 ,
207 1396 276 1449 Rob.
296 1395 394 1468 Steph.
434 1396 572 1468 Sequitur
598 1399 629 1450 in
647 1396 718 1450 Edd.
739 1396 835 1449 lamb.
866 1403 895 1448 et
912 1397 979 1450 Fre.
999 1394 1082 1448 Fabr.
1109 1394 1182 1449 midi
1204 1396 1315 1466 quidem
1338 1395 1368 1452 in

209 1472 268 1520 tota
287 1470 469 1534 aratione,
488 1476 518 1520 et
535 1470 576 1521 sic
595 1477 638 1522 est
656 1469 688 1521 in
706 1468 798 1520 tribus
816 1466 903 1521 Godd.
924 1467 994 1521 Oxx.
1014 1465 1103 1520 liehd.
1120 1467 1196 1519 Gud.
1217 1469 1296 1538 quod
1313 1485 1369 1521 non

106 1596 112 1601 ,
207 1556 386 1610 aspernarer,
404 1541 429 1592 si
447 1547 520 1593 esset
538 1540 569 1592 in
588 1540 713 1612 optimis.
749 1538 792 1591 De
810 1555 910 1592 earum
929 1534 1035 1590 vocum
1056 1539 1271 1596 etfflsententiae
1291 1540 1369 1594 simi·

174 1655 184 1681 .,
208 1609 333 1666 litudine
361 1621 391 1666 et
417 1613 584 1666 confusione
610 1628 669 1665 non
696 1611 786 1663 semel
810 1610 943 1663 diximus.
979 1609 1043 1662 vid.
1062 1606 1099 1661 'ad
1121 1609 1156 1662 de
1179 1609 1246 1663 Div.
1266 1605 1305 1666 11.
1324 1615 1367 1669 26.

206 1698 235 1752 p·
255 1686 317 1746 389,
344 1685 376 1736 in
397 1683 500 1754 primis
524 1691 620 1742 antem
642 1681 676 1736 ad
701 1679 735 1734 de
758 1683 849 1758 Legg.
870 1682 892 1735 1.
915 1683 957 1737 18.
982 1699 1012 1752 p·
1034 1682 1093 1736 llo.
1113 1679 1184 1751 ibiq.
1205 1682 1304 1737 laudd.
1336 1683 1368 1737 ad

116 1800 120 1805 .
209 1753 267 1806 cte.
288 1754 323 1806 de
340 1756 376 1807 N.
394 1754 430 1806 D.
450 1756 472 1807 1.
493 1757 534 1809 37.
555 1764 617 1824 prc.
637 1755 674 1808 ll.
696 1757 722 1808 1.
742 1762 815 1805 extr.
836 1753 867 1804 in
879 1752 932 1804 Ed.
953 1751 1019 1817 rnaj.
1039 1759 1069 1805 et
1086 1750 1156 1805 min.
1170 1780 1204 1792 -
1224 1752 1368 1809 Scribitur

205 1824 356 1893 pertinent
374 1825 406 1878 in
425 1824 511 1887 ded.
532 1826 606 1879 Gud.
618 1826 644 1880 2.
664 1822 753 1880 Rehd.
773 1824 849 1877 Gud'.
868 1823 941 1898 Aug.
962 1822 1049 1875 Marb.
1072 1841 1144 1892 quae
1164 1832 1208 1877 est
1227 1829 1367 1889 correctio

207 1901 317 1960 eoi-um,
349 1896 400 1967 qui
417 1914 518 1950 vocem
537 1912 570 1950 ea
589 1896 672 1966 (qnae
698 1895 775 1949 abest
793 1914 809 1948 a
827 1894 934 1948 duobus
954 1894 1038 1956 Oxx.)
1062 1895 1209 1964 pluralem
1230 1915 1291 1951 esse
1310 1916 1370 1953 cre·

207 1966 319 2031 dorent,
347 1986 440 2039 neque
458 1967 658 2038 adaequantia
676 1965 872 2020 attenderent=
902 1975 936 2018 ut
954 1965 1080 2020 solebant
1104 1966 1221 2020 librarii
1238 1970 1367 2040 proxima

206 2047 320 2093 tantum
338 2042 492 2111 respicere,
511 2040 682 2093 sententiam
700 2038 865 2091 universam
883 2037 1045 2113 negligere.
1084 2037 1164 2097 Mrs

278 2111 326 2164 Ad
349 2112 438 2166 animi
460 2107 707 2182 perturbationes]
743 2109 839 2184 Vulgo
856 2108 1105 2176 perturbationem.
1131 2108 1186 2176 ,Ar
1213 2111 1365 2186 singularis

126 2169 136 2181 ’
207 2186 345 2236 numerus
364 2183 546 2252 sequentibus
563 2180 640 2234 baud
658 2180 802 2243 convenit,
822 2197 875 2232 neo
889 2180 924 2233 de
942 2198 1000 2233 una
1017 2187 1130 2233 tantum
1148 2183 1366 2252 perturbatione

207 2255 310 2308 sedda
328 2255 457 2307 omnibns
476 2253 564 2306 animi
582 2250 843 2321 perturbationibus
866 2250 940 2303 haec
963 2251 1087 2305 habetur
1104 2252 1213 2306 oratio:
1248 2252 1367 2327 quapro-

206 2333 275 2399 pter
292 2326 521 2379 emendationem
540 2320 582 2376 (ll.
602 2322 729 2375 Bentleii
748 2321 848 2374 lubens
870 2323 1017 2392 amplexus
1036 2330 1112 2380 sum.'
1141 2323 1180 2377 D.
1270 2348 1276 2365 ··
1364 2334 1367 2338 '

278 2411 349 2465 puae
363 2395 484 2465 pertinet
503 2395 542 2447 ad
558 2393 649 2447 animi
662 2392 933 2463 perturbationem]
972 2394 1047 2459 „Vel
1063 2395 1160 2466 potius
1175 2390 1366 2464 perturbatio·

207 2480 279 2533 nes,
297 2475 332 2519 ut
350 2473 541 2520 correxerunt
558 2466 652 2518 Bentl.
672 2473 703 2518 et
720 2465 812 2517 Dav.“
830 2463 920 2519 Bauli.
952 2465 1113 2519 Admodum
1132 2466 1255 2520 obscure
1273 2468 1367 2539 dispu-

206 2542 250 2589 tat
268 2539 303 2592 ad
319 2539 349 2591 h.
369 2538 389 2590 l.
408 2537 608 2608 Wopkensius
625 2536 647 2587 1.
664 2552 690 2588 c.
709 2554 738 2607 p·
760 2539 820 2592 too.
840 2554 882 2606 sq.
903 2538 943 2588 ita
962 2530 1069 2604 tainen,
1088 2545 1123 2589 ut
1141 2537 1168 2590 ei
1181 2522 1367 2593 ilarisiaoam

206 2611 418 2665 correctionem
444 2607 625 2677 displicuisse
649 2604 754 2660 rideas.
792 2608 908 2678 Optime
929 2608 1056 2660 Handius
1082 2609 1117 2661 ad
1141 2609 1227 2664 eund.
1257 2628 1287 2680 p.
1309 2614 1364 2667 118.

206 2697 272 2734 rem
298 2681 433 2745 confecit,
461 2679 668 2748 „Quamquam
696 2677 833 2744 scribens,
861 2696 959 2732 ornnes
986 2679 1110 2733 editores
1134 2680 1306 2733 Bentleium
1326 2698 1368 2735 se·

207 2761 311 2822 quutos
337 2768 395 2806 esse
420 2751 517 2815 video,
552 2767 610 2802 non
642 2748 741 2802 dubito
772 2755 877 2815 tarmen,
910 2751 1193 2821 qnin=antiquorum
1224 2750 1368 2806 librorum

206 2824 336 2876 omnium
354 2839 493 2876 consensu
511 2830 622 2873 servata
640 2820 678 2871 sit
697 2821 757 2874 inte
780 2839 811 2873 ra
829 2821 980 2892 scriptura.
1013 2817 1094 2874 'Nam
1108 2831 1183 2892 ¹post
1201 2824 1367 2890 generalem

205 2894 430 2964 perturbationis
454 2892 603 2946 notionem
629 2893 734 2945 transit
776 2892 854 2945 icero
878 2893 913 2959 ad
936 2893 1069 2959 diversas,
1097 2910 1172 2962 quae
1201 2883 1256 2949 ilia
1279 2896 1371 2948 conti·

206 2974 322 3029 nentur,
351 2960 460 3036 speeies
483 2963 676 3016 nominandas.
721 2965 756 3017 ln
781 2965 899 3017 Graecis
933 2964 1002 3016 talia
1032 2964 1145 3016 nullam
1178 2965 1366 3020 offensionem

205 3034 342 3097 habent.“
374 3038 412 3093 in
439 3034 558 3089 eandem
585 3036 757 3097 sententiam
781 3036 909 3105 disputat
926 3035 958 3088 R.
978 3035 1116 3106 Klotzius
1129 3035 1161 3088 in
1179 3035 1365 3102 Quaestionn.

206 3107 353 3168 Tulliani.
377 3109 400 3162 1.
428 3125 458 3178 p.
479 3110 538 3163 11³.
558 3125 600 3176 sq.
637 3109 742 3172 „Nam‚
769 3107 875 3169 dicans,
907 3106 931 3159 ‘si
950 3105 1051 3161 Cicero
1076 3123 1200 3161 numero
1224 3107 1367 3182 singulari

207 3188 342 3244 estuans,
367 3188 402 3232 at
419 3178 491 3232 libri
508 3181 660 3244 testantur,
691 3173 781 3236 animi
801 3177 1043 3246 perturbationem
1072 3194 1187 3231 omnem
1217 3196 1282 3232 eam
1306 3194 1367 3233 rem

207 3250 291 3316 dixit,
311 3251 530 3321 quaa-animum
547 3251 741 3320 perturbaret,
754 3266 854 3319 neque
873 3258 970 3304 tamen
989 3250 1085 3302 minus
1099 3266 1200 3302 ornnes
1218 3267 1279 3315 res,
1297 3265 1366 3320 quaa

207 3324 338 3385 anianum
355 3321 502 3376 offendere
521 3329 644 3391 possent,
664 3339 721 3375 uno
738 3320 796 3374 hoo
812 3321 900 3373 verbo
919 3328 960 3372 est
973 3320 1146 3391 complexus.
1176 3316 1256 3374 Tum
1274 3336 1368 3386 nemo,

206 3395 321 3463 opinor,
347 3395 379 3444 in
397 3409 431 3446 eo
448 3392 610 3456 haesitabit,
638 3392 714 3462 quad
732 3391 833 3446 Gicero
858 3391 899 3443 sio
917 3392 1064 3460 perrexit:
1096 3407 1156 3444 una
1181 3391 1366 3445 res'oa‘detur

206 3479 318 3516 causam
336 3462 487 3528 continere,
513 3479 639 3532 amynes
651 3479 712 3516 ene
735 3479 790 3517 esre
808 3463 839 3516 in
855 3468 954 3515 nostra
972 3467 1116 3530 potestate,
1148 3478 1244 3516 amnes
1262 3461 1385 3529 turmo,

206 3541 358 3603 susceptas,
378 3550 473 3600 omnes
489 3532 681 3589 voluntariam
700 3550 772 3603 quae
789 3533 877 3586 verba
896 3532 1120 3587 etsi-referenda
1137 3543 1205 3586 sunt
1223 3535 1260 3588 ad
1279 3532 1368 3587 aniani

204 3607 458 3677 perturbationem,
471 3622 529 3660 non
547 3614 642 3659 tamen
660 3604 765 3658 debent
782 3606 933 3679 legentem,
947 3605 1066 3667 morari,
1083 3605 1260 3674 praesertim
1279 3622 1382 3676 quom,

206 3679 317 3733 adiecto
334 3678 505 3749 pronomine
524 3691 573 3739 ens
589 3675 655 3727 satis
673 3675 830 3741 indicetur,
856 3691 913 3744 quo
932 3676 990 3727 sint
1008 3671 1160 3729 referenda
1180 3683 1209 3729 at
1228 3675 1369 3729 ommonis

206 3751 397 3804 consommatio
420 3749 694 3819 quasiexcusetur:
723 3747 800 3817 quod
820 3762 979 3817 pronmnen
1012 3749 1131 3800 fortasse
1156 3763 1193 3798 ne
1217 3746 1369 3801 adiecisset

206 3820 323 3888 quidem
343 3822 454 3884 Cicero,
472 3818 529 3870 nisi
546 3824 612 3870 ante
630 3817 797 3887 scripsisset,
824 3830 893 3884 quae
908 3820 1032 3886 pertinet
1050 3816 1089 3870 'ted
1107 3815 1200 3870 animi
1216 3819 1367 3885 parturia-

162 3905 164 3909 ’
206 3891 320 3943 tionem.
349 3890 465 3944 Similis
481 3888 688 3963 negligentiae,
716 3888 742 3940 si
758 3880 816 3941 hoo
835 3889 952 3941 nomine
974 3889 1097 3941 liberior
1115 3887 1168 3939 illa
1188 3889 1368 3943 constructio

206 3970 251 4015 ost
273 3961 470 4032 nuncrapanda‚
499 3966 541 4010 e'st
559 3958 730 4029 exemplum
755 3958 792 4013 de
816 3959 902 4013 Finn.
922 3961 956 4012 V.
975 3961 1020 4019 15,
1041 3961 1089 4015 tl:
1120 3958 1162 4013 Hi
1178 3960 1296 4027 quidem
1314 3976 1368 4021 non

204 4047 290 4084 unam
306 4034 495 4105 aliquam-aut
511 4026 635 4083 aiteram
651 4047 670 4084 a
687 4031 776 4096 nodis,
803 4031 860 4084 sed.
876 4037 964 4085 totam
983 4031 1025 4085 ad.
1040 4047 1071 4084 ee
1087 4035 1224 4087 merram
1240 4030 1387 4103 phitona·-

206 4101 303 4172 pdr'am
321 4102 536 4160 temetutematr
548 4122 553 4131 ·
563 4101 614 4153 ubi
633 4101 704 4155 item
721 4108 840 4172 praeter
855 4102 1057 4156 necessitatem
1081 4100 1157 4154 varii
1175 4102 1256 4154 varia
1276 4110 1372 4156 tenta-¹

208 4171 546 4228 tantorumdem.
568 4173 619 4241 Gr,
638 4174 700 4227 Lat.
726 4172 829 4237 §.159-
850 4176 876 4228 2.
903 4191 928 4226 c.
953 4191 986 4244 p.
1003 4170 1089 4229 857ss
1125 4171 1188 4224 Oui·
1207 4174 1370 4227 sententias

208 4263 285 4300 nnus
299 4246 390 4300 etiam
408 4243 527 4296 mcessit
543 4244 592 4296 Or.
612 4243 646 4296 ad
663 4244 772 4300 Wolfii
791 4243 910 4310 scholas,
930 4260 1103 4314 quamquam
1130 4242 1189 4312 ipse
1208 4260 1278 4296 curn
1296 4243 1368 4317 Dpv.

207 4318 278 4373 Ern.
297 4324 328 4370 et
345 4332 423 4384 seqq.
443 4311 575 4368 omnibns
593 4320 744 4386 receperat
761 4315 907 4370 Plumlem
929 4322 1371 4386 numernm,-quem,raspunnt

208 4383 549 4445 pinnaculorum.
575 4387 732 4441 antelios.
769 4388 829 4441 Mr.
997 4390 998 4395 ’
1092 4393 1094 4397 “
1192 4432 1196 4437 ,

278 4472 336 4511 aaa
354 4472 401 4511 ree
416 4453 530 4510 uidetur
546 4471 661 4510 cerream
677 4454 841 4524 continua]
860 4455 904 4511 Ad
921 4471 983 4511 rem
1002 4470 1059 4510 non
1077 4455 1273 4511 necessarium
1290 4457 1372 4513 ride-
