2842 5070
208 319 271 386 eta
341 378 344 384 .
402 314 634 381 CICERONIS
655 308 904 403 TUSCUBAN,
922 309 1154 377 DISPUTAT.

209 484 321 548 emnia
339 483 374 544 in
396 482 642 546 dosolationem·
654 500 756 543 unam
775 478 981 542 coniecimus
993 501 1003 542 a
1016 479 1020 488 '
1031 487 1105 542 erat
1131 480 1219 540 euim
1240 479 1275 538 ia
1290 489 1293 495 ’
1307 485 1360 539 tu-

208 567 464 640 merainimus,
493 565 663 626 etomnis
695 566 731 625 iu
767 581 807 625 eo
841 563 1068 645 temptabatur
1100 563 1241 624 curatio.
1293 558 1361 621 Sed

208 647 406 711 sumendam
435 655 567 730 tempus
607 654 657 707 est
690 666 757 709 non
789 647 899 707 minus
936 647 973 707 in
1000 647 1188 706 animorum
1220 643 1360 720 morbis,

231 750 308 793 uam
328 732 363 791 iu
384 748 575 812 corporum.
617 727 665 792 Ut
683 728 902 791 Prometheus
922 728 979 790 ille
999 727 1167 807 Aeschyli,
1188 728 1243 788 cui
1257 743 1361 807 quum

208 753 343 882 dictum
364 819 461 890 essct,
869 833 873 837 ·
958 870 961 877 ,
1299 852 1302 856 .

372 890 496 976 Atqui,
510 892 714 971 Prometbeu,
730 900 768 955 ‘te
788 890 849 955 loc
875 902 980 956 tersere
1000 888 1165 964 existumo,

181 1137 184 1140 .
208 1105 274 1141 rum
300 1084 470 1151 auctoritate
493 1088 781 1154 permotum„quam
805 1083 881 1152 quod
904 1079 1031 1142 anianum
1047 1080 1133 1152 plane
1154 1079 1289 1153 expleret
1307 1075 1361 1132 illa

206 1158 304 1223 lectio,
323 1157 364 1209 ita
381 1154 511 1219 edidisse,
530 1163 563 1206 ut
581 1153 666 1206 edidi.
703 1152 801 1205 Malim
820 1161 899 1207 certe
922 1161 953 1206 ut
976 1157 1036 1220 fere
1056 1167 1115 1205 ¹aot
1132 1149 1163 1204 ia
1182 1149 1359 1208 Consolatio·

210 1245 272 1289 aem
289 1244 370 1280 eamn
389 1227 482 1278 omnia
499 1220 674 1279 contectam.
695 1256 728 1266 -
763 1226 816 1276 Pro
836 1230 950 1289 tumore,
976 1225 1052 1295 quod
1074 1240 1133 1276 non
1157 1222 1255 1274 intelli
1278 1222 1360 1274 ebant

208 1294 348 1365 honnulli
366 1296 490 1361 librarii,
509 1303 551 1349 est
570 1297 670 1353 timore
687 1292 718 1346 in
737 1294 822 1348 codd.
842 1295 916 1349 Gud.
936 1300 962 1352 2.
983 1289 1068 1349 Marb.
1088 1294 1184 1347 Duisb.
1206 1303 1235 1370 et
1254 1240 1359 1349 duobus

210 1370 281 1424 oxx.
318 1369 399 1430 Unus
415 1366 501 1419 habet
518 1373 581 1418 erat
600 1365 674 1419 euim
696 1361 849 1420 iatt‘mue
873 1369 1002 1432 animus..
1032 1367 1092 1419 Mr.

279 1444 306 1509 dt
330 1454 419 1508 omat'e
442 1455 474 1508 ia
497 1471 538 1508 eo.
554 1454 747 1513 tenebatur
772 1451 894 1521 curatio]
931 1455 1123 1527 „Legeadum
1145 1460 1216 1524 puto
1242 1461 1359 1508 uerte-

209 1528 312 1583 butur
329 1525 451 1579 curatio.
481 1525 601 1592 Quodsi
621 1525 716 1577 tainus
733 1527 910 1597 probabitur,
930 1528 1099 1590 tentabatur,
1119 1526 1195 1595 quod
1212 1527 1360 1594 reperitur

209 1599 241 1649 in
258 1598 322 1650 aliis
340 1597 422 1648 libris
439 1595 529 1661 MSS„
548 1595 727 1648 tolerabilius
744 1596 820 1654 mihi
837 1597 962 1661 videtur,
982 1615 1067 1666 quarn
1086 1597 1260 1650 tenebatur.‘⁶
1277 1597 1360 1650 Lam*

208 1668 298 1721 Maus.
343 1666 497 1736 „Gryphii
533 1666 591 1719 MS.
624 1675 657 1724 ut
686 1668 796 1719 Victor.
825 1670 932 1722 Manat.
961 1669 1022 1733 alii,
1056 1669 1214 1720 tentabatur
1244 1668 1359 1722 habet.“
1384 1727 1388 1736 ,

208 1736 325 1801 Brutus.
363 1736 555 1802 „Coniectura
580 1737 721 1803 letamini,
755 1738 926 1802 vertebatur,
954 1738 1011 1791 hoc
1045 1739 1162 1806 quidem
1183 1739 1259 1804 loco,
1290 1756 1359 1810 opus

209 1825 274 1878 non,
285 1817 337 1873 est,
355 1825 445 1877 quum
463 1808 626 1872 tentabatur,
651 1823 709 1860 non
728 1810 885 1875 tenebatur,
911 1809 942 1861 in
960 1809 1064 1862 ceteris
1083 1810 1167 1862 libris
1185 1818 1265 1863 recte
1283 1811 1359 1884 lega·

208 1889 267 1932 tur.
292 1879 363 1945 Quia
382 1879 459 1931 enim
477 1896 512 1931 ex
521 1878 636 1931 Tulliae
654 1888 747 1932 anone
766 1880 877 1932 luctum
896 1882 1096 1952 gravissimum
1113 1880 1257 1947 hauserat,
1276 1898 1358 1937 osane

167 1957 168 1960 ’
208 1968 299 2025 genus
317 1949 480 2003 curationis.
493 1957 615 2013 tentans,
643 1949 675 2000 in
692 1951 800 2003 librum
826 1967 908 2001 suum
929 1951 964 2004 de
987 1952 1069 2004 luctu
1088 1951 1245 2006 minuendo
1264 1953 1359 2005 omnia

206 2021 342 2076 coniecit.
364 2019 409 2075 Fr.
428 2017 512 2073 Faba.
552 2018 705 2073 Terrebatur
721 2029 838 2092 praeter
855 2021 952 2074 Lamb.
980 2022 1061 2075 nulla
1085 2023 1170 2090 plane
1192 2018 1277 2080 babet
1293 2024 1358 2088 Ed,

84 2098 89 2103 '
111 2124 113 2130 ·
210 2108 314 2160 neque,
332 2098 450 2160 praeter
468 2092 542 2142 Mon.
564 2093 588 2145 1.
610 2100 639 2147 et
657 2109 746 2143 unum
757 2093 819 2154 Ox„
838 2091 944 2160 aliquis
962 2093 1056 2146 Codex
1075 2092 1132 2145 MS.
1158 2093 1356 2149 SolusGud.2.

209 2162 327 2221 exhibet
345 2162 506 2228 temptabat,
525 2179 562 2213 ue
582 2161 658 2215 lecto
676 2163 846 2232 compendio
865 2162 990 2230 syllabae
1009 2178 1053 2216 ur.
1077 2165 1170 2221 Verba
1188 2167 1219 2218 ἐν
1237 2181 1268 2218 ea
1286 2165 1316 2228 (i.
1332 2183 1356 2218 e.

210 2234 242 2285 in
260 2249 293 2285 ea
311 2231 436 2295 tumore)
454 2231 529 2284 male
548 2180 649 2284 οἰοιοῖ
667 2231 761 2285 acad.
776 2232 850 2286 Gud.
875 2235 975 2308 Pergit
992 2234 1066 2286 Gud.
1083 2236 1110 2289 7.
1131 2237 1182 2290 sed
1199 2251 1360 2289 summum

208 2309 315 2370 tenipus
333 2308 373 2355 eat
388 2306 419 2354 et
436 2318 492 2354 aaa
509 2300 609 2355 minue.
626 2352 629 2359 ,
647 2305 682 2356 ln
699 2319 756 2355 uno
775 2304 825 2357 Ox.
851 2303 962 2377 legitur
983 2310 1024 2357 eet
1049 2301 1259 2363 etiamnum..
1283 2303 1361 2360 lllud

209 2379 237 2427 et
256 2372 335 2424 addit
354 2373 441 2423 etiam
461 2372 557 2425 Marb.
578 2374 672 2426 ·Unus
692 2374 741 2426 Ox.
761 2373 847 2426 habet
864 2373 896 2426 ἐν
914 2378 1107 2429 aratrorum
1124 2377 1241 2431 morbis.-
1264 2379 1325 2431 Mr.

283 2460 320 2514 Ut
338 2458 517 2513 Prometheae
534 2460 586 2513 itte
603 2459 762 2531 Aeeebyli‚]
787 2461 872 2528 „Vid
891 2481 919 2514 ν.
938 2460 999 2519 385.
1025 2465 1095 2534 ibiq.
1114 2464 1273 2519 Blomfield.
1292 2467 1363 2516 Ver-

209 2531 321 2584 sionem
336 2531 411 2583 banc
429 2531 647 2601 reprehendunt
659 2532 820 2585 Larcherus
836 2541 864 2586 et
873 2534 989 2587 Caraius
1000 2535 1034 2586 ad
1045 2536 1181 2588 Herodot.
1201 2536 1223 2586 1.
1235 2553 1264 2604 Ρ.
1278 2536 1363 2590 330.“

205 2599 323 2655 &buch
349 2601 511 2654 Prometeue
530 2610 572 2653 est
590 2601 621 2652 in
635 2601 703 2654 God.
723 2605 798 2658 lllon.
810 2606 848 2670 2,
868 2604 935 2656 ibid.
957 2604 1065 2671 arabili,
1085 2607 1115 2657 in
1132 2603 1218 2658 Marb.
1239 2605 1362 2670 eectittt,

210 2673 242 2723 in
261 2689 319 2724 uno
339 2672 389 2724 Ox.
408 2670 550 2740 Heacltyli.
571 2671 644 2725 (tud.
664 2675 690 2724 7.
715 2674 824 2725 omittit
844 2690 932 2744 mum.
961 2676 1034 2751 Aug.
1060 2676 1146 2729 habet
1170 2674 1273 2728 dictum
1299 2684 1361 2729 eet.

209 2742 253 2795 Ad
277 2742 453 2794 locutionem
480 2742 526 2796 cui
554 2758 635 2811 quum
662 2742 769 2796 dietam
796 2751 868 2797 esset
893 2775 925 2787 -
952 2747 1102 2815 respondit.
1121 2746 1179 2798 vid.
1205 2747 1237 2798 tt.
1264 2746 1363 2800 Klotz,

116 2815 121 2820 “
207 2813 391 2878 Quaestiann.
411 2812 556 2864 Tulliana.
577 2813 600 2866 Ι.
617 2831 648 2884 Ρ.
670 2817 711 2869 18.
748 2813 792 2866 Ad
816 2817 987 2868 sententiam
1013 2818 1071 2870 vid.
1099 2816 1308 2887 Wyttenbach.
1329 2817 1364 2870 ad

209 2882 355 2936 Plutarch.
375 2882 487 2935 consol.
514 2881 549 2934 ad
573 2882 708 2953 Apollon.
735 2901 763 2955 p.
783 2888 835 2941 703
861 2901 903 2956 sq.
934 2905 962 2956 Ρ.
982 2889 1025 2942 dl.
1049 2888 1093 2940 ed.
1122 2889 1207 2958 bipes
1226 2886 1277 2940 ubi
1299 2889 1365 2940 Plu·

209 2953 328 3006 tarchus
351 2952 491 3022 Aeschyli
522 2952 619 3006 locum
643 2951 769 3020 laudans,
803 2956 889 3016 dedit,
908 2962 1021 3026 ψυχῆς
1050 2952 1193 3025 νοσούσης.
1234 2958 1298 3022 >Qua
1322 2959 1364 3012 >de
1405 3016 1411 3026 .

206 3025 336 3078 lectione
354 3024 390 3076 tt.
410 3018 571 3093 Stephanus
590 3025 621 3077 in
640 3026 785 3101 Castigatt.
810 3028 841 3078 in
858 3028 919 3081 cic.
938 3046 967 3098 Ρ.
986 3031 1030 3084 38.
1056 3028 1102 3093 (ad
1120 3029 1229 3083 calcem
1247 3030 1365 3083 Cicero·

212 3096 291 3147 niani
310 3093 424 3161 Lexici)
443 3095 497 3147 ita:
530 3095 585 3160 „ln
604 3095 714 3150 Graeco
740 3115 826 3150 versu
852 3115 934 3151 error
958 3107 1009 3164 est,
1037 3116 1101 3152 meo
1129 3100 1252 3152 iudicio.¹
1268 3110 1272 3115 “
1289 3101 1365 3152 Nam

207 3163 299 3238 ὀργῆ
305 3188 318 3228 ς
336 3164 469 3232 νοσούσης
482 3181 540 3218 non
548 3162 658 3236 placet:
674 3168 708 3220 ‘et
725 3169 924 3238 reponendum
934 3168 1069 3222 existimo
1088 3174 1183 3239 ψύχη
1189 3190 1208 3232 ς·
1219 3168 1364 3238 νοσούσης,

209 3246 313 3291 contra
330 3236 418 3290 fidem
436 3246 533 3289 tarmen
551 3238 691 3303 omnium,
712 3239 862 3307 quaeridi
882 3245 910 3292 et
929 3257 1002 3308 quae
1020 3249 1086 3294 ante
1106 3259 1153 3293 me
1171 3240 1246 3292 vidit
1264 3244 1364 3295 Petrus

208 3309 365 3373 ¹Victorius,
391 3306 618 3378 exetnplarium:
647 3308 695 3361 sed
720 3322 844 3377 querum
870 3310 999 3361 amulum
1022 3308 1096 3364 fidei
1116 3327 1261 3383 opponere
1278 3313 1364 3364 tinius

211 3378 361 3432 Plutarchi
386 3378 590 3431 auctoritatem
618 3394 676 3432 nen
705 3378 841 3431 dubitem.
878 3380 949 3432 Vide
973 3398 1048 3446 meas
1078 3381 1110 3433 in
1135 3382 1216 3434 varie
1241 3383 1364 3453 scriptos

211 3445 360 3574 Αὲειεοὶιγῑξι
374 3448 452 3573 loppa
483 3447 701 3514 observationes,
733 3463 807 3523 quap-
827 3450 862 3504 ad
895 3450 1005 3519 calcem
1035 3453 1248 3528 tragoediarum
1277 3455 1364 3524 ipsius

209 3538 228 3573 a
249 3520 337 3572 ‘unxt
430 3536 455 3574 r.
550 3558 554 3564 ,
633 3560 640 3566 .
678 3558 693 3575 .,
725 3554 727 3559 -
771 3518 804 3568 d·
981 3529 1013 3547 ·’
1316 3539 1318 3543 ·

278 3581 382 3659 Alam}
410 3585 588 3655 Prometbeu]
619 3588 703 3644 Aud
724 3587 902 3662 Aeschylum
925 3593 1018 3646 Prom‘.
1050 3594 1156 3648 Vincta
1179 3611 1221 3647 vs.
1241 3597 1303 3650 378
1322 3594 1364 3647 ait

211 3664 347 3726 Oceanus,
374 3660 439 3727 [377
457 3608 703 3731 οᾳη.·Ῑ)ἱοάοτΙύ.]’
784 3679 789 3689 ·
819 3678 822 3685 ·
855 3664 872 3683 ⁸
1129 3692 1132 3701 ·
1213 3662 1215 3666 ’

161 3745 164 3750 ’
210 3764 213 3769 ·
379 3730 495 3793 Οὔκουν,
514 3732 673 3800 Προμηθεῦ,
697 3730 779 3786 τοῦτο
796 3734 948 3804 γινώσκεις,
967 3734 1011 3789 ὅτι
1075 3739 1087 3758 ”

375 3798 509 3852 ὈΡΓΗἜ
526 3803 661 3870 νοσούσης
683 3803 756 3858 εἰσὶν
772 3803 862 3874 ἰατροὶ
879 3806 975 3875 λόγοις
1053 3821 1057 3831 ’

209 3873 269 3926 (lui
285 3872 481 3936 Prometheus,
997 3913 999 3919 .

376 3942 440 3995 Ἐάν
456 3961 495 4003 τις
512 3939 543 3995 ἓν
560 3946 643 4011 autad
660 3959 692 4010 γε
707 3943 854 4013 μαλθάσσῃ
873 3945 950 4019 adep,

377 4015 436 4064 Kal
450 4013 488 4080 μή
508 4015 667 4085 σφριγῶντα
684 4011 778 4086 θυμὸν
796 4015 928 4087 ἰσχναίνῃ
945 4021 1001 4086 βίην.

213 4082 382 4138 Plutarchus
401 4084 483 4137 Gens.
510 4085 545 4138 ad
570 4085 665 4155 Apelt.
691 4103 755 4160 pag.
777 4090 835 4143 tot.
863 4097 892 4141 et
911 4087 1078 4142 Eustathius
1096 4084 1128 4140 in
1146 4084 1226 4142 Iliad.
1248 4093 1281 4158 Θ,
1301 4092 1362 4149 696.

210 4155 371 4209 secundum
392 4172 507 4207 versum
531 4156 571 4208 ita
593 4156 726 4208 laudante
908 4189 912 4197 ·

379 4227 521 4278 ΨΥΧΕΣ
545 4224 681 4294 νοσούσης
704 4227 773 4281 εἰσὶν
790 4228 881 4300 daupei
897 4229 981 4298 λόγοι.

215 4314 305 4368 eoque
323 4297 406 4348 modo
424 4297 484 4371 legi
501 4297 604 4351 debme
627 4307 756 4351 statuunt
773 4299 843 4354 bene
868 4303 962 4354 inulti.
999 4299 1043 4356 Ne
1062 4303 1093 4354 in
1110 4303 1232 4356 illorum
1250 4314 1365 4360 senten-

210 4370 286 4421 -tiam
303 4367 420 4438 pedibus
438 4367 553 4434 iverim,
587 4371 719 4422 fecerunt
745 4372 840 4423 arania
861 4375 962 4442 po'e'tae
980 4374 1165 4444 exetnplaria‚
1192 4373 1362 4430 Scholiastis

208 4440 378 4505 auctoritas,
406 4455 461 4493 nec
485 4454 543 4493 non
565 4439 626 4510 ipsa
642 4439 789 4495 Ciceronis
809 4444 915 4511 versio,
934 4462 1006 4514 quae
1024 4453 1169 4516 receptam
1185 4446 1362 4517 scripturam
