2842 5070
200 333 264 398 262
403 327 632 402 CICERONIS
653 323 900 393 TUSCULAN.
923 292 1154 392 DISPUTiiT.

201 496 346 577 positum
368 493 484 556 redeat
505 495 633 556 oratio:
655 492 868 576 quambrevi
889 501 1051 574 tempore,
1074 497 1154 574 quot
1176 497 1209 552 et
1239 495 1357 574 quanti

200 585 329 659 poetae,
363 579 418 658 qui
452 586 562 638 autem
586 585 738 638 oratores
760 577 979 637 exstiterunt!
1008 575 1105 636 facile
1125 581 1164 634 ut
1185 584 1356 654 appareat,

200 667 334 722 nostros
356 659 467 719 omnia
488 660 646 741 consequi
674 656 835 741 potuiss03
864 658 963 719 simul
983 666 1023 718 ut
1043 656 1128 719 velle
1158 657 1355 736 coepissent.

201 858 235 897 ea
253 858 321 910 quae
336 841 492 910 percepisse
509 841 566 910 ipsi
582 851 722 910 putamur.
742 851 840 907 acute3
860 843 943 896 modo
955 843 1084 925 legamus
1100 846 1238 907 putemur.
1259 842 1354 911 quint.

200 930 235 966 ae
252 913 285 965 ea
301 912 442 981 peperisse
460 912 519 980 ipsi
534 921 661 981 putemur
680 914 793 968 aliunde
812 914 947 967 didicisse
965 912 1143 967 uideamurf‘
1168 909 1250 964 aest.

273 986 348 1039 Quae
374 985 518 1054 peperisse
541 984 601 1052 ipsi
621 985 769 1053 putamur]
804 984 877 1037 Cum
902 987 971 1058 Reg.
990 983 1136 1036 Pithoean.
1156 992 1186 1036 et
1204 984 1262 1035 Pal.
1285 991 1353 1038 tert.

139 1090 142 1093 -
196 1053 360 1122 perperisse
377 1055 457 1106 nobis
476 1053 637 1121 exhibeant,
658 1056 827 1125 sequidem
845 1056 963 1120 ducunt,
983 1063 1017 1106 ut
1035 1071 1093 1106 non
1111 1054 1208 1123 inepte
1228 1056 1356 1136 corrige}-

97 1169 99 1179 .
200 1127 434 1191 tur-repperisse.
472 1125 538 1177 Non
563 1129 712 1178 tamenin
737 1125 931 1180 semelaest
957 1125 1080 1195 recepta'
1091 1124 1189 1179 lectio.
1227 1125 1298 1177 Vide
1318 1142 1355 1176 sis

200 1202 331 1247 nostrum
349 1195 381 1246 in
400 1190 518 1249 Oratore
537 1213 597 1266 cap.
616 1201 659 1252 32.
697 1197 732 1250 D.

176 1267 181 1275 '
272 1281 342 1332 qaae
360 1266 503 1335 peperisse
524 1265 584 1333 ipsi
604 1266 753 1335 putamur]
789 1264 882 1333 ,',Non
909 1266 950 1318 sic
973 1282 1092 1319 moveor
1109 1265 1187 1319 MSS.
1206 1265 1277 1331 illis,
1304 1267 1354 1336 qui

167 1355 174 1369 ν
197 1337 358 1404 ρενςερίεεε
381 1346 410 1389 et
432 1339 593 1405 perperisse
616 1339 762 1402 exhibent,
791 1347 825 1390 ut
849 1355 884 1390 ex
907 1337 942 1388 iis
960 1337 1090 1421 vestigiis
1109 1338 1267 1405 repperisse
1285 1337 1355 1388 scri·
1384 1397 1386 1401 Ι

200 1405 323 1458 bendum
342 1407 517 1460 existimem:
539 1406 613 1472 [Hoc
632 1418 732 1461 contra
749 1408 818 1462 Dav.
839 1408 921 1469 dicit,
940 1407 1021 1460 cuius
1039 1426 1070 1458 m
1089 1407 1141 1460 Ed.
1160 1409 1187 1462 2.
1207 1407 1354 1459 annotatio

199 1493 260 1530 non
276 1477 362 1530 habet
378 1478 464 1532 verba
482 1477 566 1544 „Non
585 1479 695 1533 tamen“
714 1479 782 1544 ete]
816 1478 892 1531 idem
917 1477 996 1530 enim
1013 1478 1097 1531 verbi-
1112 1485 1221 1546 ‘parere
1238 1495 1304 1529 usus
1322 1495 1353 1529 ac

87 1568 103 1579 ·‘
195 1549 245 1599 ¹vis
264 1554 314 1600 est.
352 1547 400 1600 Sic
426 1549 490 1600 Fin.
518 1549 569 1613 111.
590 1554 652 1604 1...
670 1549 759 1614 nabis,
782 1548 882 1618 'quibus
905 1548 994 1600 etiam
1014 1542 1099 1601 ve'rba
1114 1549 1254 1617 parienda
1279 1553 1351 1600 sunl.

201 1618 233 1669 in
251 1619 297 1671 0r.
317 1619 364 1673 3²:
399 1624 426 1670 et
440 1623 541 1686 postea
565 1619 614 1688 qui
633 1619 775 1673 dialectici
792 1621 933 1685 dicuntur,
960 1618 1120 1688 spinosiora
1137 1619 1226 1671 mulla
1240 1634 1354 1688 pepere-

114 1691 123 1761 ’ἲ
200 1694 277 1742 runt.
315 1686 393 1742 Fam.
414 1689 461 1747 IV.
483 1692 530 1744 13:
559 1691 610 1743 sed
635 1691 689 1744 illa
708 1690 802 1753 etiarn,
836 1705 905 1757 quae
932 1689 993 1758 ipse
1005 1690 1126 1756 'ingenio
1144 1689 1290 1759 studioque
1304 1705 1353 1758 pe·
1386 1739 1390 1759 ,

123 1774 126 1779 ’
198 1757 314 1826 peristi.
340 1760 378 1812 N.
396 1758 430 1810 D.
450 1759 486 1812 Π.
507 1761 597 1816 29...
617 1761 667 1829 qui
688 1760 747 1812 ista
763 1763 871 1829 peperit
893 1757 973 1812 lamo
991 1760 1049 1813 sine
1068 1768 1139 1825 arte,
1167 1760 1351 1814 sinelileris.

164 1874 166 1878 ,
197 1829 399 1898 videquoqus
418 1831 486 1913 Leg.
507 1831 545 1883 11.
566 1829 629 1886 14.“
653 1831 797 1900 Wopkens.
817 1832 838 1883 l.
858 1848 882 1883 c.
902 1849 931 1901 p.
950 1833 993 1885 88.
1022 1833 1093 1898 [121.
1114 1831 1217 1895 Hand]
1248 1832 1354 1895 „Davi-

200 1900 259 1952 sius
277 1899 413 1968 reperisse
432 1898 580 1966 [videlicet
598 1903 630 1952 in
647 1903 700 1954 Ed.
720 1902 771 1967 2.],
796 1903 872 1972 quod
894 1900 998 1954 melius
1024 1903 1178 1970 respondet
1196 1902 1285 1954 verbo
1309 1900 1354 1952 di·

195 1971 314 2034 dirime,
334 1971 387 2023 etsi
406 1971 446 2023 de·
459 1971 626 2030 inventione
641 1987 746 2040 parere
765 1980 794 2024 et
811 1972 931 2039 gignere
956 1971 1105 2046 eleganter
1122 1970 1263 2024 dicitur.“
1281 1972 1350 2024 Era.

197 2043 264 2110 «Ipse
283 2041 352 2095 Dav.
372 2042 403 2092 in
421 2041 474 2097 Ed.
494 2044 519 2096 3.
549 2043 625 2094 vidit
647 2056 705 2094 non
723 2045 911 2095 necessariam
930 2059 988 2094 esse
1009 2060 1090 2095 suam
1115 2042 1350 2095 emendationem.

199 2113 336 2166 Ceterum
353 2110 437 2165 valde
454 2113 567 2164 v‘ariant
584 2112 677 2165 nostri
696 2113 782 2165 etiam
800 2113 880 2165 libri.
906 2115 981 2165 Mon.
1003 2117 1027 2168 1.
1053 2112 1126 2166 Gud.
1151 2118 1180 2164 'et
1201 2124 1272 2163 unus
1298 2113 1348 2164 Ox.

198 2183 306 2237 habent
332 2199 366 2235 ne
389 2197 422 2234 ea
448 2181 577 2250 qaoque
595 2199 655 2251 pep.
684 2182 774 2236 Rehd.
795 2200 860 2235 cum
876 2199 934 2235 uno
953 2184 1010 2236 Ox?
1024 2183 1135 2236 omittit
1151 2197 1229 2251 quae:
1263 2181 1351 2250 idque

199 2254 278 2308 abest
297 2254 385 2307 etiam
403 2270 418 2303 a
436 2251 534 2304 Duisb.
560 2253 606 2304 -ln
623 2255 691 2326 Reg.
712 2252 822 2375 lepitur
836 2254 1024 2322 perperisse,
1047 2254 1079 2305 in
1097 2253 1175 2306 (sud.
1185 2252 1350 2322 percepisse.

199 2327 279 2380 Unus
304 2324 355 2377 Ox.
384 2322 494 2373 omittit
515 2320 582 2390 ipsi,
611 2323 684 2374 alius
706 2322 746 2375 -ha
766 2332 795 2376 et
821 2325 1035 2391 pepercisse.
1079 2324 1158 2388 Idem
1191 2341 1257 2375 cum
1284 2324 1352 2389 alio,

199 2398 274 2448 Mon.
296 2398 320 2448 l.
338 2391 426 2446 Rehd.
448 2391 520 2465 Gud.
545 2391 642 2448 Duisb.
668 2393 742 2467 Aug.
766 2399 922 2463 putemur,
950 2397 1025 2449 Mon.
1045 2397 1072 2450 2.
1096 2400 1260 2448 mutemur.
1297 2396 1352 2446 Pro

200 2463 318 2519 aliunde
335 2480 408 2514 unus
427 2463 478 2515 Ox.
506 2461 592 2515 habet
617 2479 672 2517 aaa
696 2463 790 2518 etiam.
814 2465 888 2520 Gud.
908 2468 933 2520 2.
960 2467 1070 2520 omittit
1093 2473 1233 2534 putamur.
1272 2464 1352 2517 idem

196 2551 267 2588 cum
286 2533 359 2587 Gud.
380 2537 404 2589 1.
432 2534 502 2607 aeg.
531 2543 655 2603 quatuor
685 2534 758 2588 Oxx.
783 2535 857 2587 Gud.
883 2536 970 2589 Behd.
994 2536 1090 2596 Duisb.
1117 2540 1193 2589 bion.
1215 2541 1238 2591 1.
1266 2536 1353 2587 verba

198 2605 312 2659 aliunde
330 2634 363 2646 -
382 2603 537 2669 videamur,
556 2604 606 2656 hic
624 2606 733 2670 omissa,
753 2605 851 2675 paullo
865 2606 994 2658 ‘inferius
1015 2615 1080 2677 post
1099 2613 1211 2660 n'ostros
1228 2606 1352 2675 reposita

198 2676 313 2742 habent,
334 2675 374 2726 ita
391 2683 497 2741 tamen,
515 2683 548 2726 ut
567 2675 598 2726 in
615 2674 660 2727 his
679 2692 735 2746 quo
758 2693 793 2728 ue
812 2676 849 2727 sit
866 2677 964 2745 aliqua
980 2678 1113 2730 varietas.
1150 2679 1231 2730 Unus
1250 2677 1299 2728 Ox.
1320 2693 1352 2727 ea

198 2748 283 2818 plane
302 2744 421 2810 omittit,
441 2746 496 2799 duo
513 2745 618 2798 habent
637 2745 674 2799 al.
696 2747 728 2800 di
748 2785 755 2798 .
776 2746 1028 2814 uideanturque,
1055 2765 1129 2799 unus
1147 2747 1259 2800 aliunde
1277 2746 1351 2800 didi-

198 2818 270 2871 cisse
286 2817 444 2891 oideanlur,
464 2819 537 2869 Mon.
558 2821 582 2870 1.
603 2816 830 2872 nostras-aliud
847 2816 989 2869 didicisse.
1022 2817 1073 2888 *Vi
1080 2818 1141 2870 dea
1150 2825 1230 2870 ntur
1248 2818 1350 2870 omnia.

198 2888 288 2942 Rehd.
308 2885 432 2939 aliunde
443 2885 580 2949 didicisse
596 2892 634 2939 ut
652 2887 818 2940 uideantur
836 2889 940 2940 omnia.
959 2886 1057 2939 Duisb.
1082 2887 1197 2940 aliunde
1215 2887 1352 2942 didicisse

126 2962 128 2967 ’
153 3008 155 3015 ,
198 2965 233 3011 et
261 2958 436 3011 uideantur.
465 2957 537 3010 Gud.
565 2957 603 3009 al.
628 2959 686 3012 did.
712 2965 743 3012 et
766 2957 918 3011 videamur.
955 2958 1053 3023 Error
1066 2959 1184 3011 videtur
1201 2959 1352 3011 admodum

197 3037 335 3091 vetustus.
355 3059 389 3070 -
423 3029 489 3079 Post
512 3028 569 3081 Sed
590 3031 665 3082 Mon.
684 3033 711 3094 2.
737 3029 847 3082 omittit
865 3036 904 3081 ut.
940 3029 1002 3082 Mr.

161 3088 166 3105 ¹
198 3134 200 3138 .
249 3113 352 3169 ,squam
371 3128 405 3138 -
423 3103 538 3165 quot-
559 3094 768 3168 quanti-qui]
792 3100 884 3151 Huius
903 3099 1127 3152 constructionis
1145 3099 1275 3167 exempla
1293 3098 1350 3151 vid.

197 3170 274 3241 apud
296 3168 439 3222 Moebium
465 3169 499 3221 ad
521 3170 581 3225 Cic.
608 3170 691 3223 catil.
720 3172 768 3225 lv,
795 3174 821 3226 9.
847 3174 888 3226 19.
917 3171 977 3225 234.
1007 3168 1069 3221 add.
1094 3168 1126 3221 A.
1153 3167 1292 3222 Matthiae
1318 3169 1354 3220 ad

16 3220 40 3272 s
139 3252 141 3257 ’
198 3241 281 3294 eund.
305 3239 359 3292 loc.
391 3258 420 3309 p.
440 3242 500 3294 172.
521 3253 554 3282 -ὲ
576 3241 642 3297 God.
670 3244 744 3295 Mon.
766 3244 792 3297 2.
820 3240 906 3293 habet
930 3240 1057 3310 quamsi
1081 3239 1243 3292 rambreoi.
1284 3240 1353 3291 Orta

197 3321 265 3364 sunt
289 3311 383 3363 media
406 3327 442 3363 ex
463 3313 623 3381 posteriore
645 3310 793 3376 vocabulo,
812 3311 870 3362 ¹vel
896 3311 939 3382 bis
962 3311 1081 3378 scripto,
1119 3309 1168 3360 vel
1194 3307 1227 3357 ab
1252 3308 1353 3376 aliquo

197 3382 289 3450 scriba
309 3398 461 3451 perperam
487 3383 572 3435 lecto.
610 3383 672 3434 Mr.
1030 3391 1033 3397 ’
1119 3406 1121 3415 κ

268 3451 366 3518 paranti
380 3450 487 3520 poetae]
522 3452 585 3518 „De
603 3451 649 3503 his
668 3450 781 3520 quidem
800 3449 896 3501 minus
914 3446 1037 3523 gloriose
1057 3444 1189 3512 loquitur
1207 3444 1238 3495 in
1255 3447 1354 3514 prima

166 3526 169 3533 ’
196 3520 293 3587 Taso,
333 3522 389 3574 uod
405 3524 549 3592 poeticam
567 3521 663 3573 minus
681 3522 713 3571 in·
728 3519 824 3592 pretio
836 3519 913 3571 dicat
927 3517 1015 3569 misse
1026 3514 1129 3585 priscis
1142 3516 1354 3583 temporibus.⁴‘

197 3541 359 3660 (lamenqss.
379 3595 405 3649 2.
425 3592 464 3659 3,]
484 3625 518 3637 -
536 3593 613 3660 „Qui
631 3623 663 3635 -
687 3595 815 3644 oratores
838 3589 859 3645 i.-
879 3604 903 3640 e.
930 3602 1017 3656 quem
1038 3585 1135 3649 multi,
1163 3601 1249 3653 quam
1267 3588 1352 3645 clari,

196 3660 408 3741 interrogative
426 3664 590 3739 legendum.
611 3663 679 3729 [non
698 3678 755 3715 esse
772 3659 848 3711 hano
861 3655 1133 3731 interrogationem,
1152 3656 1200 3707 sed
1211 3657 1352 3711 exclama-

195 3736 324 3802 tionem,
339 3735 427 3788 facile
446 3735 538 3786 cnivis
556 3733 725 3803 inspicienti
749 3738 839 3801 patet.
866 3727 942 3780 dixit
968 3735 1066 3778 tamen
1090 3727 1177 3779 etiam
1208 3728 1299 3783 Hand.
1319 3730 1352 3780 iu

195 3805 362 3860 'l'ursellino
379 3823 408 3874 p.
427 3805 490 3870 562,
509 3808 603 3856 autern
619 3803 649 3858 h.
668 3802 691 3853 l.
711 3802 743 3853 in
761 3798 989 3874 interrogatione
1007 3797 1090 3867 poni:
1114 3797 1218 3863 voluit,
1238 3799 1350 3867 opinor,

194 3871 436 3937 exclamationes]
466 3875 527 3944 ipse
554 3872 585 3922 in
612 3873 701 3925 Bruto
725 3879 875 3942 percenset
903 3868 1075 3922 nominatim
1102 3866 1233 3920 infinitos
1259 3885 1352 3939 prope

196 3958 322 4002 oratores
339 3943 474 3997 latinos.“
492 3943 626 3997 Beroald.
663 3943 724 3995 Iam
742 3957 811 3995 vero
836 3940 895 3993 vid.
913 3939 1058 3993 Ellendtii
1076 3939 1149 3991 Hist.
1170 3938 1244 3995 crit.
1265 3938 1351 4008 Eloq.

194 4019 275 4071 Rom.
294 4015 476 4089 praemissam
494 4011 620 4069 editioniv
639 4012 723 4065 Bruti
747 4011 930 4067 ciceroniani
949 4011 999 4076 (Re
1021 4012 1122 4063 imant.
1148 4010 1240 4062 Pruss.
1262 4009 1351 4074 1825.)

196 4096 226 4141 et
244 4090 279 4140 Η.
299 4085 411 4157 Meyeri
430 4086 582 4138 Oratorum
598 4086 791 4137 Romanorum
809 4085 982 4158 Fragmenta
1001 4029 1117 4147 iTurici
1138 4079 1231 4144 1832).
1270 4081 1352 4133 Cete-

196 4177 263 4214 rum
280 4159 315 4212 ad
332 4177 359 4211 v.
380 4162 481 4222 autem,
508 4155 580 4226 quae
598 4156 722 4208 inservit
775 4155 902 4208 adationi
920 4153 1058 4207 orationis
1077 4151 1255 4215 indicandae,
1275 4167 1353 4203 com-

196 4228 278 4286 mode
296 4229 394 4282 laudat
411 4226 507 4280 Kiihn.
521 4227 607 4282 Tusc.
626 4229 659 4278 V.
672 4229 716 4282 29.
749 4231 773 4281 7.
799 4225 844 4280 Ad
861 4234 1036 4280 structuram
1054 4223 1140 4287 facile
1157 4226 1354 4294 uilappareat

147 4354 149 4361 .
169 4321 175 4335 *
196 4304 253 4357 vid.
275 4320 347 4372 quae
364 4299 529 4353 monuimus
547 4301 581 4354 ad
599 4300 636 4352 11.
655 4301 681 4354 4.
702 4301 751 4354 12:
771 4295 812 4351 iis
826 4303 857 4351 at
873 4297 966 4364 piterii.
991 4325 1024 4361 ,···
1061 4294 1121 4347 Mr.

266 4375 352 4429 simul
372 4377 410 4425 ut
434 4372 501 4424 uelle
523 4366 706 4442 coepissent]
743 4369 851 4422 Laudat
876 4369 922 4421 Or.
948 4366 984 4420 de
1000 4365 1061 4418 ibae
1086 4365 1312 4429 constructione,
1336 4382 1352 4416 a

196 4445 325 4505 librariis
344 4461 425 4517 saepe
444 4443 605 4511 obliterata,
624 4441 687 4495 Oic.
705 4440 741 4494 ad
759 4440 790 4506 Q.
811 4441 905 4493 Fretr.
924 4439 962 4495 11.
981 4440 1007 4492 6.
1028 4438 1053 4491 3.
1079 4433 1183 4489 Αόαάἀ.
1203 4436 1241 4490 11.
1261 4434 1284 4500 §-
1305 4437 1349 4491 51.
