2842 5070
125 313 132 324 '
196 339 257 406 iso
394 329 625 396 nicanorus
646 325 894 395 aasentias.
916 323 1148 391 nisenam.

137 515 180 567 60.
201 502 354 589 Negabat
374 519 479 586 genus
499 496 563 558 lioc
584 495 747 556 orationis
768 493 943 575 quicquain
960 491 1096 553 omniuo
1117 488 1159 552 ad
1179 489 1355 555 levandam

198 583 441 672 aegritudinem
464 580 657 661 pertinsem
677 575 714 637 id
734 578 824 638 cuim
845 579 956 656 ipsum
969 572 1149 637 dolendum
1171 594 1243 637 esse
1265 574 1356 637 dice*

197 670 265 746 bat,
287 664 434 748 quadiu
454 673 524 724 tam
545 658 714 721 crudelem
736 661 966 720 necessitatem
988 656 1230 719 incidissemus.
1264 659 1355 720 Nam

197 751 291 813 illam
313 744 446 830 quidem
468 745 655 807 orationem
677 761 718 802 eir
739 742 1055 801 commemoratione
1076 739 1264 800 alienorum
1286 761 1356 801 ma-

197 835 308 894 lorum
331 829 373 891 ad
395 827 574 889 malevolos
595 823 816 886 consolandos
837 841 909 884 esse
929 818 1223 884 accommodatum.
1262 821 1355 883 Mihi

196 935 281 978 vero
302 915 400 997 longe
421 908 557 971 videtur
574 925 679 968 secus.
704 905 790 967 Nam
812 911 847 966 et
867 905 1045 964 necessitas
1063 903 1217 964 terendae
1238 903 1355 965 condi-

196 999 300 1059 tionis
321 995 484 1055 humauae
505 991 597 1072 quasi
620 1007 696 1050 cum
718 986 781 1050 deo
802 1004 954 1073 pugnare
966 985 1113 1064 cohibet,
1134 985 1356 1070 admonetque

198 1175 357 1233 Necessitas
375 1173 461 1227 litera
476 1169 643 1236 maiuscula,
662 1186 729 1223 cuin
747 1168 860 1234 Cicero,
885 1167 1017 1232 liberior,
1042 1173 1076 1221 ut
1098 1162 1238 1237 ridemus,
1264 1162 1356 1228 inter-

198 1264 275 1373 ἓως,
292 1263 359 1298 usus
378 1244 416 1297 sit
432 1242 519 1297 verbo
537 1241 621 1295 iudet.
639 1240 795 1295 Beroaldus
812 1241 847 1292 ad
863 1239 894 1293 h.
913 1240 935 1297 1.
953 1240 1177 1308 ,‚Neoessitatia‚
1197 1234 1354 1315 aic'xquam

228 1319 306 1370 raeci
323 1309 447 1384 ἀνάγκην
463 1320 578 1385 vocant,
596 1312 788 1365 amarissimae
806 1319 873 1363 sunt
890 1311 970 1386 leges
989 1344 1020 1355 -
1041 1313 1205 1382 meritoque
1223 1315 1355 1369 aitPlatc

199 1388 232 1441 in
249 1390 415 1462 Protagora,
442 1383 615 1438 Necessitati
640 1399 690 1435 nec
708 1382 775 1435 deos
799 1382 910 1450 cuidem
937 1397 1104 1452 repugnare.
1141 1385 1242 1438 Livius
1261 1387 1356 1440 consi·
1369 1410 1385 1435 ·..

199 1459 323 1523 militer,
349 1457 466 1520 Pareat,
490 1455 596 1525 inquit,
620 1451 798 1516 Necessitati,
823 1468 905 1523 quam
932 1469 980 1506 nec
998 1454 1050 1507 Dii
1074 1452 1184 1521 quidem
1209 1465 1353 1526 superant.

199 1529 369 1594 Necessitas,
396 1534 430 1579 ut
448 1525 518 1578 scite
537 1525 614 1577 dixit
631 1524 709 1589 Cato,
728 1522 814 1590 feriis
832 1530 920 1576 caret.
956 1525 1036 1578 Plato
1054 1525 1243 1597 Plotinusqua
1260 1529 1355 1583 Plato·-

200 1602 283 1653 nicus
301 1599 410 1653 Pareae
428 1598 511 1649 aiunt
528 1594 612 1662 filias
631 1610 691 1648 esse
708 1592 894 1648 Necessitates
914 1592 997 1659 [Plot.
1018 1594 1094 1648 Eun.
1105 1595 1143 1650 11.
1163 1600 1189 1652 3.
1208 1596 1260 1665 9.];
1279 1616 1353 1667 quaa

199 1668 387 1739 ineffugibilis
406 1675 457 1734 est,
481 1674 515 1718 ut
533 1665 630 1736 inquit
648 1665 797 1735 Apuleius,
825 1665 954 1733 deumque
973 1682 1081 1734 semper
1099 1672 1125 1718 et
1143 1667 1239 1735 remque
1253 1668 1352 1722 ultrix

200 1743 359 1794 comitatur.
381 1738 499 1808 [Appul.
519 1736 553 1789 de
571 1735 687 1801 blundo,
711 1735 790 1788 circa
806 1730 870 1802 fid]
903 1735 1012 1790 Eadem
1030 1736 1210 1792 Necessitudo
1234 1738 1354 1806 dicitur,

200 1831 241 1939 ii
242 1807 591 1950 tffliiillttzssttt
593 1806 908 1931 tillut-{itit
918 1804 1295 1949 iltt‘tttttiltltt
1314 1812 1344 1865 ¹¹
1346 1848 1353 1863 ’

219 1970 272 2007 uae
290 1968 374 2020 neque
392 1949 498 2003 mutari
516 1961 601 2014 neque
620 1945 706 2002 leniri
722 1946 845 2017 potest.“
880 1948 922 2001 De
948 1950 1125 2003 Necessitate
1149 1950 1207 2004 vid.
1236 1919 1355 2024 pro’vsr-

120 2034 125 2044 ⁶
199 1972 247 2078 iia
269 2032 402 2077 veterum
425 2022 456 2073 in
479 2018 593 2073 Erasini
616 2019 795 2084 aliorumque
823 2014 939 2093 Adagiis
962 2038 990 2090 p.
1011 2018 1062 2077 530
1080 2053 1111 2063 -
1128 2018 1189 2077 533.
1222 2031 1253 2093 et
1278 2040 1355 2077 nunc

200 2094 377 2150 Braunhard.
397 2092 432 2145 ad
450 2091 549 2142 Horat.
570 2088 618 2141 0d.
639 2089 662 2142 1.
682 2090 725 2144 35.
748 2092 788 2144 17.
809 2106 840 2159 p·
861 2092 910 2147 121
928 2109 970 2161 sq.
991 2122 1023 2134 -
1057 2089 1102 2144 Ad
1125 2092 1245 2160 negabat
1267 2092 1356 2149 intel·

200 2164 261 2242 lige
290 2165 460 2224 Carneades,
487 2160 627 2212 nimirum
654 2160 704 2229 qui
727 2159 925 2230 Chrysippum
957 2155 1160 2233 reprehendit,
1191 2163 1356 2217 Stoicorum

200 2238 348 2311 porticum
366 2235 545 2287 fulcientem.
583 2230 640 2283 Sed
662 2229 697 2283 de
715 2229 781 2295 boc,
807 2237 837 2282 et
853 2231 988 2285 universe
1016 2230 1051 2285 de
1077 2241 1139 2286 toto
1161 2243 1262 2289 nostro
1279 2235 1354 2301 loeo,

201 2309 259 2360 vid.
279 2309 395 2383 linguat.
416 2304 450 2356 da
469 2301 632 2371 Chrysippo
649 2318 678 2371 p.
698 2304 750 2356 3⁰⁰
768 2318 830 2370 sqq.
853 2333 885 2343 -
920 2300 975 2357 Pro
993 2318 1082 2369 genus
1100 2301 1151 2357 doc
1169 2303 1237 2359 Cod.
1255 2305 1354 2359 Duisli.

201 2379 289 2431 habet
306 2375 357 2428 llac
373 2389 478 2441 genus:
497 2371 574 2424 idem
593 2388 661 2423 mox
679 2371 718 2424 ad
735 2370 808 2425 leni
813 2369 910 2439 gand
914 2391 965 2427 am
981 2372 1055 2441 (sic).
1079 2374 1168 2428 Retia
1189 2375 1229 2428 ad
1250 2370 1356 2432 lenieri-

204 2450 290 2503 dum.
328 2445 405 2498 Tum
416 2445 497 2498 Cud.
517 2444 550 2496 2!
563 2442 704 2495 crudelem
723 2443 988 2510 necessitatemque.
1027 2444 1087 2499 Mr.
1350 2486 1354 2495 .

225 2522 242 2585 j
274 2518 349 2570 Nam
366 2516 446 2570 iilam
463 2513 574 2584 quidem
592 2512 791 2567 orationem
810 2513 878 2597 etan]
915 2514 982 2568 Cod.
1001 2514 1090 2569 Rehd.
1111 2510 1258 2585 rationem,
1278 2518 1357 2589 quod

204 2597 247 2643 ‘est
272 2587 443 2641 correctoris
462 2586 632 2639 Ciceronem
653 2582 736 2653 loqui
758 2582 896 2637 docentis.
933 2578 1069 2639 Ceterum
1094 2584 1144 2639 liic
1160 2587 1241 2643 locus
1259 2599 1301 2642 est
1320 2607 1357 2642 ex

203 2662 239 2713 iis
257 2658 406 2715 Ciceronis
423 2656 504 2720 locis,
524 2654 635 2723 quibus,
655 2654 679 2706 si
696 2654 768 2706 libri
785 2655 868 2707 valde
891 2655 1065 2727 discrepant,
1086 2675 1139 2728 pro
1165 2667 1286 2728 unaque
1311 2659 1357 2713 le·

204 2732 300 2785 ctione
322 2728 399 2800 quod
422 2726 509 2790 dicas,
534 2725 670 2794 reperias.
701 2724 765 2776 Vid.
792 2725 927 2779 Creuuer.
953 2727 987 2779 ad
1013 2727 1133 2781 Cic-dc
1151 2730 1189 2783 N.
1206 2727 1283 2782 n..1.
1307 2733 1355 2786 37.

203 2820 233 2874 p.
254 2805 314 2857 167.
335 2800 377 2853 ed.
397 2799 445 2853 Cr.
469 2802 502 2851 ,et
519 2802 610 2849 nostr.
636 2793 720 2860 mai.;
745 2813 797 2848 nos
820 2796 855 2847 ad
873 2796 933 2850 Cic.
959 2792 996 2850 ite
1015 2793 1052 2855 N·
1071 2792 1105 2852 Ῐ).
1125 2794 1178 2853 111.
1200 2804 1231 2855 1..
1242 2817 1272 2870 p·
1291 2803 1356 2858 435.

205 2874 249 2931 ed.
275 2872 362 2925 eiusd.
387 2866 541 2938 Wyttenb.
571 2864 610 2922 ib.
633 2865 668 2928 ad
689 2867 742 2918 111.
771 2868 815 2921 lo.
866 2904 872 2915 -
898 2868 959 2922 833.
992 2871 1068 2921 conf.
1097 2870 1140 2924 ed.
1167 2879 1259 2924 nostr.
1283 2872 1355 2939 inin.

205 2963 234 3015 p.
257 2945 322 3007 1823
350 2957 401 2993 nos
427 2939 462 2991 ad
480 2938 540 2995 Cic.
559 2936 594 2989 da
612 2938 651 2989 Le
673 2954 701 3012 g.
720 2936 744 2988 Ι.
771 2938 813 2992 18.
833 2884 875 2992 ii.
894 2955 922 3007 p,⁸
945 2941 1004 2994 116.
1040 2940 1083 2993 De
1109 2941 1261 3012 utriusqus
1278 2943 1358 2997 vocis

207 3013 374 3067 contusione
400 3028 427 3063 v.
449 3009 536 3062 etiam
561 3023 612 3060 nos
691 3006 750 3060 Cic.
780 3007 814 3059 de
840 3007 905 3059 Div.
925 3009 963 3062 11.
983 3012 1026 3065 26.
1052 3029 1081 3082 p.
1101 3015 1162 3067 388.
1188 3041 1223 3051 -
1258 3014 1359 3090 Pergit

207 3085 274 3139 Ccd.
295 3085 334 3137 Re
358 3121 364 3134 .
384 3097 418 3134 ea
437 3080 790 3148 conmemoratione,
810 3077 920 3133 Gaui.
940 3095 1058 3149 expuo
1079 3099 1181 3136 neme.
1201 3083 1358 3151 ratione,

206 3156 282 3209 unde
302 3097 389 3219 iiico,
409 3150 551 3223 quomodo
569 3148 618 3201 vel
634 3149 666 3200 in
685 3148 810 3218 optimos
827 3148 915 3202 libros
933 3152 1053 3220 pessimi
1076 3170 1189 3207 errores
1216 3155 1357 3226 irrepant.

208 3226 322 3281 Codicis
341 3225 415 3297 Aug.
436 3234 565 3274 errorem
584 3225 616 3272 et
635 3216 949 3287 commemorationem,
978 3222 1029 3291 qui
1052 3224 1171 3277 tortasse
1197 3227 1359 3280 correctori

206 3297 328 3370 placuit,
350 3311 410 3347 non
427 3306 582 3346 moramur.
620 3291 682 3344 Me.
840 3322 845 3333 ·

279 3364 434 3420 alienorum
450 3360 595 3428 malorum]
632 3358 718 3415 Codd.
738 3358 822 3413 Vind.
842 3364 866 3415 1.
886 3359 982 3414 Duisb.
1009 3371 1038 3416 et
1056 3370 1115 3417 tres
1134 3365 1204 3418 Oxx.
1223 3367 1357 3423 aliorum.

207 3436 263 3492 Pro
280 3436 429 3491 malevolos
447 3432 513 3487 Cod.
532 3429 619 3485 ltlarb.
639 3429 711 3483 Edd.
730 3429 799 3484 Dav.
817 3428 937 3486 AWolf.
956 3430 1039 3486 Selia.
1065 3433 1172 3489 habent
1198 3439 1358 3505 malivolos,

210 3527 296 3580 quain
314 3506 440 3577 ,quidem
454 3502 658 3574 scriptionem,
686 3501 815 3571 quamvis
839 3501 1029 3556 Graminatici
1054 3506 1188 3559 nonnulli
1214 3526 1360 3562 commen*⁵

209 3581 287 3645 dent,
315 3577 421 3630 inerito
447 3568 685 3642 minusprobant
708 3570 848 3625 Cellarius
867 3572 957 3626 Ortha
996 3610 1003 3627 .
1029 3593 1057 3650 p.
1078 3579 1138 3631 188.
1165 3578 1360 3636 ed,}131=1,0t

210 3649 379 3704 Groteiend.
399 3643 534 3720 Orthogr.
554 3643 694 3725 (Gramin.
715 3642 766 3707 11.)
784 3640 887 3725 §.tta
910 3660 939 3686 -·
958 3592 1032 3698 Nox
1049 3646 1123 3700 Gud.
1144 3648 1170 3703 3.
1198 3648 1277 3717 Mids'
1295 3667 1360 3705 ou·

210 3728 288 3785 tem3
324 3729 388 3772 tuin
413 3716 497 3768 Vind.
519 3719 559 3778 1.‚
588 3730 685 3765 minus
707 3713 849 3782 probabili
878 3715 1033 3768 verborum
1058 3718 1173 3786 ordine,
1207 3722 1360 3776 videtur

205 3794 317 3861 ionga
340 3804 427 3843 secas.
469 3784 514 3838 Ad
536 3783 707 3837 sententiam
733 3784 964 3837 antecedentium
987 3785 1169 3841 simillimum
1186 3791 1283 3844 laudat
1300 3792 1361 3846 'Sc-

209 3879 297 3916 necae
314 3861 411 3914 locum
427 3854 594 3911 Beroaldus:
620 3853 759 3907 Maleuoli
776 3855 878 3908 solatii
903 3872 992 3923 genus
1010 3862 1052 3911 est
1071 3856 1153 3914 turba
1171 3861 1357 3917 miserorum:

117 3974 122 3979 .
210 3951 297 4005 quem
314 3931 388 3984 mihi
406 3926 537 3999 reperire
553 3940 613 3978 non
631 3923 710 3977 conti
732 3926 764 3976 it.
801 3926 836 3978 In
854 3945 933 4050 sepq.
954 3927 1021 3982 Cod.
1041 3930 1114 3983 Cud.
1143 3932 1276 3996 ferendae
1294 3949 1361 3988 con·

75 4007 84 4026 ·
210 4003 326 4057 ditionis
352 4000 488 4054 bunianae
512 3994 668 4050 necessitas.
732 4013 785 4048 nus
809 3995 858 4049 Ox.
903 4014 1010 4053 amana
1049 3999 1128 4073 Quod
1149 4006 1281 4072 sequitur
1297 4022 1361 4059 cum

211 4077 261 4130 dea
277 4086 408 4143 pugnare
425 4070 457 4120 in
474 4065 662 4137 proverbium
680 4063 760 4131 abiit,
780 4066 861 4120 cuius
880 4077 908 4121 et
928 4070 1038 4123 Graeca
1055 4081 1084 4124 et
1101 4073 1203 4125 Latina
1228 4078 1361 4146 exempla

118 4197 121 4201 .
210 4147 333 4200 collecta
355 4138 441 4194 habes
468 4138 501 4190 in
518 4137 632 4190 Erasini
657 4135 838 4206 aliorumque
863 4137 979 4214 Adagiis
997 4160 1024 4212 p.
1045 4144 1105 4198 324.
1144 4145 1202 4196 Nos
1228 4145 1279 4199 hic
1298 4155 1361 4199 ran.

209 4215 356 4269 tuiniuodo
381 4208 593 4263 admonebimus
614 4206 673 4259 loci
700 4207 883 4261 ciceroniani
906 4210 965 4263 Cat.
991 4213 1058 4277 maj.
1078 4210 1106 4279 2,
1129 4208 1160 4270 6:
1192 4217 1263 4284 quid
1286 4221 1361 4272 enim

209 4295 249 4341 est
268 4283 348 4339 aliud
357 4280 510 4349 Gigantum
527 4280 609 4332 modo
628 4277 802 4332 bellarecum
813 4279 881 4346 diis,
899 4281 958 4334 nisi
972 4291 1092 4337 naturae
1100 4288 1278 4355 repugnare?
1296 4290 1358 4343 Me.

279 4370 364 4443 prasi
381 4384 441 4423 cum
460 4368 511 4421 deo
526 4383 659 4437 pugnare
677 4365 827 4451 cohibet]
857 4368 1015 4454 „Probita
1032 4373 1196 4441 Lambinus,
1216 4379 1359 4447 quamodo

207 4446 282 4501 ratio
301 4443 383 4498 docet
401 4456 460 4496 csse
478 4439 640 4515 legendum.
679 4435 792 4493 Coisbet
809 4440 909 4495 durum
927 4440 976 4495 bic
993 4444 1129 4513 positum,
1148 4462 1243 4516 quam
1260 4456 1360 4518 postu.
