2842 5070
174 284 266 367 ‘ros
403 259 634 362 nonnosus
655 257 903 361 roscontn.
926 293 1154 359 n1svvrnr.

204 461 454 527 meditationem
479 463 588 536 futuri
616 463 708 542 mali,
740 471 799 524 aut
831 466 972 525 fortasse
1000 481 1042 523 ne
1069 460 1177 522 futuri
1202 457 1353 540 quidem:

203 548 285 608 satis
307 565 376 609 esse
398 545 550 611 odiosum
569 547 694 608 malum
716 563 824 616 omno,
846 565 947 624 quum
969 544 1131 614 venisset:
1159 545 1216 624 qui
1244 550 1354 603 autem

205 647 337 770 semper
358 630 583 727 cogitavisset,
605 627 757 690 accidere
778 646 874 709 posse
895 626 1018 707 aliquid
1046 623 1193 701 adversi,
1221 626 1253 685 ei
1280 625 1356 685 fieri

204 711 266 772 illu
309 712 548 791 sempiternum
569 711 710 771 malama
727 711 757 769 si
779 728 860 770 vero
892 729 934 770 ne
964 712 1115 769 futurum
1140 705 1272 788 quidem
1300 708 1356 784 sit,
1416 716 1418 720 ’

194 791 332 852 “frustra
354 794 478 874 suscipi
500 794 669 858 miseriam
690 792 933 853 voluntariam:
955 793 1003 851 ita
1024 809 1154 870 semper
1177 790 1265 872 angi,
1297 799 1356 850 aret

140 880 183 934 33.
203 872 411 956 accipiendo,
432 883 491 935 aut
511 873 688 960 cogitando
715 873 815 937 malo.
857 873 1077 935 Levationem
1103 879 1215 932 antem
1247 872 1356 954 aegri-

204 1075 265 1114 cam
282 1058 346 1124 illa,
366 1075 437 1129 quae
453 1065 527 1115 velat
547 1054 721 1116 imminentia
739 1059 887 1130 expavisti,
905 1061 979 1124 forte
998 1075 1136 1128 nunquam
1153 1066 1270 1114 ventura
1285 1063 1352 1116 sint.

203 1130 347 1188 Quaedam
371 1147 422 1184 nos
445 1133 539 1199 magis
562 1139 700 1202 torquent,
732 1146 813 1199 quam
837 1133 945 1185 debente
972 1132 1105 1199 quaedam
1130 1135 1192 1191 ante
1220 1137 1354 1198 torquent,

204 1217 287 1271 qaam
304 1201 415 1254 debent:
436 1202 574 1272 quaedam
592 1209 729 1272 torquent,
747 1218 808 1254 cum
827 1203 937 1255 omnino
956 1218 1010 1255 non
1029 1202 1153 1254 debeant.
1172 1202 1203 1252 Is
1219 1202 1354 1272 profecto,
1387 1251 1393 1256 .

204 1272 253 1341 qui
267 1271 489 1340 praemeditatur
506 1273 630 1340 latarum
648 1272 760 1337 rnatum,
778 1269 837 1326 iaia
855 1273 921 1326 inde
938 1289 973 1325 ea
991 1271 1085 1326 animo
1102 1271 1134 1336 fit
1152 1271 1254 1337 miser,⁴
1276 1280 1355 1325 ante-

204 1358 289 1412 quam
305 1343 364 1407 fato
382 1343 432 1408 fiat
448 1342 550 1396 miseri
568 1358 701 1410 praesens
718 1351 813 1398 autem
828 1350 935 1411 tempas
962 1342 1056 1409 futuri
1078 1347 1153 1394 meta
1176 1343 1297 1410 perdere
1315 1352 1355 1397 est

161 1476 169 1496 Ο
205 1413 266 1466 sine
283 1412 366 1466 dubio
383 1413 501 1467 stultam.
537 1415 669 1480 licceat,
696 1415 770 1483 quod
786 1414 913 1482 intelligi
930 1410 1019 1468 voluit
1042 1415 1182 1467 maximus
1197 1418 1354 1482 poetaram,

204 1499 266 1536 cum
284 1484 341 1536 ait:
547 1532 548 1535 ,
713 1535 716 1543 ,
804 1527 808 1535 ,
967 1526 970 1531 .

369 1586 401 1598 -
423 1587 456 1598 -
477 1587 509 1598 -—
529 1555 586 1609 Car
604 1562 666 1609 ante
684 1556 779 1608 tubam
796 1561 901 1610 tremor
921 1560 1034 1623 occupat
1057 1557 1160 1608 artas?

142 1652 144 1654 v
202 1622 295 1700 [virg.
315 1626 387 1678 Aen.
406 1627 454 1677 XI.
473 1625 547 1692 424]
567 1626 641 1681 Quid
657 1625 819 1692 dementias,
839 1642 921 1694 quam
939 1626 1009 1693 angi
1026 1625 1144 1691 futuris,
1169 1632 1197 1680 et
1221 1626 1252 1680 in
1277 1629 1352 1681 malo

203 1711 263 1749 esse
281 1703 345 1749 ante
362 1696 487 1749 ovatum?
503 1713 646 1767 arcessere
664 1696 721 1749 sibi
739 1697 881 1764 miseriae,
910 1712 981 1767 quas
1004 1696 1138 1765 optimum
1156 1704 1199 1750 eet
1225 1684 1352 1764 differre,

203 1766 232 1818 si
248 1767 388 1820 discutere
406 1784 461 1821 non
476 1767 618 1834 possis?“
656 1768 716 1821 Mr.

228 1851 231 1858 ·
274 1837 442 1907 stultamque
460 1837 547 1890 etiam
566 1853 626 1891 esse
644 1837 711 1905 etc]
747 1838 838 1904 „Huc
856 1836 960 1890 assumi
978 1846 1115 1907 poterunt
1138 1837 1191 1889 illa
1203 1837 1242 1892 'de
1260 1839 1355 1908 primo

202 1906 335 1961 Finimn:
355 1907 441 1963 Stulti
458 1908 595 1961 malorum
613 1905 750 1962 memoria
768 1914 941 1978 torquentur,
961 1908 1097 1974 sapientes
1114 1907 1185 1960 bona
1198 1912 1359 1976 praeterita

202 1985 335 2032 renovata
352 1985 438 2046 grata
457 1979 652 2037 recordatione
670 1980 811 2031 delectant.
848 1979 899 2030 Est
917 1985 1007 2031 autem
1024 1977 1110 2031 situm
1129 1978 1160 2032 in
1177 1978 1263 2042 uobis,
1282 1987 1314 2031 at
1326 1987 1355 2033 et

202 2050 322 2102 adversa
341 2049 424 2118 quasi
439 2056 573 2117 perpetua
591 2049 727 2102 oblivione
745 2051 892 2102 obruamus
908 2055 935 2101 et
952 2048 1073 2101 secunda
1097 2049 1215 2102 iucunde
1239 2055 1267 2102 et
1290 2066 1355 2104 sua-

203 2118 277 2172 oiter
294 2119 534 2172 meminerimus.“
555 2120 747 2174 Camerarius.
785 2121 877 2172 Locus
896 2129 939 2172 est
956 2120 991 2171 de
1009 2119 1093 2171 Pina.
1113 2121 1135 2173 Ι.
1157 2123 1198 2174 17.
1219 2127 1292 2172 extr.
1320 2122 1355 2173 ln

203 2189 272 2246 coa.
292 2189 366 2242 Gud.
386 2190 497 2264 legitur
513 2191 668 2260 stultaque
686 2193 793 2244 etium
810 2189 1008 2244 meditatio.
1039 2187 1112 2263 Aug.
1134 2190 1244 2242 omittit
1262 2191 1354 2244 etiam.

33 2311 35 2315 .
118 2281 123 2285 ·
204 2261 279 2314 Gud.
300 2263 325 2314 2.
346 2259 431 2313 habet
450 2275 510 2312 esse
528 2263 621 2325 etiam,
640 2261 755 2314 inverso
774 2261 883 2313 ordine.
921 2261 956 2313 ln
973 2260 1030 2311 fine
1069 2267 1112 2311 ost
1137 2260 1229 2325 futuri
1246 2261 1356 2330 quidem

106 2365 108 2368 >
204 2331 278 2384 Gud.
298 2330 383 2383 habet
395 2330 528 2452 Iqqlditum
547 2336 602 2383 ests
621 2339 651 2384 et
668 2331 700 2382 in
717 2329 775 2384 hoc
793 2330 911 2398 quidem
928 2330 1004 2400 quod
1022 2278 1245 2384 adstrueturam
1259 2349 1355 2386 secum

204 2401 357 2455 consentit.
431 2415 455 2451 r.
607 2401 609 2405 ⁴
1217 2452 1222 2462 ,

273 2471 489 2523 Meditationsm
506 2469 599 2536 futuri
614 2470 697 2538 mali]
728 2472 842 2526 Eliens.
860 2488 906 2543 pr.
927 2489 982 2526 sec.
1000 2470 1287 2540 praemeditationem.
1306 2472 1360 2540 Sic

201 2540 481 2610 praemeditationem
494 2543 651 2608 futurorum
667 2545 805 2596 malorum
829 2551 858 2596 st
874 2542 1150 2611 praemeditationem
1167 2560 1262 2596 rerum
1279 2546 1357 2610 futu·

204 2628 302 2666 raram
325 2613 402 2664 dixit
423 2612 543 2665 huiusce
562 2613 631 2664 libri
655 2619 735 2684 capp.
758 2617 862 2680 14,1o.
901 2612 956 2667 Sed
982 2614 1086 2683 optimi
1110 2614 1180 2666 libri
1203 2631 1262 2667 non
1280 2614 1357 2668 addi-

169 2703 172 2715 ¹
205 2691 290 2749 cunt,
309 2683 386 2734 nihil
406 2683 503 2752 itaque
521 2699 631 2737 moveo.
669 2683 714 2735 D..
1059 2714 1061 2718 ι
1291 2747 1294 2754 ¹

207 2802 210 2811 ,
274 2752 485 2808 meditationem
502 2752 593 2820 futuri
611 2754 701 2819 mali]
737 2751 839 2804 Probat
855 2751 946 2805 Bouh.
964 2755 1251 2822 praemeditationem,
1280 2755 1357 2825 qnod

204 2826 316 2908 reperit
340 2825 371 2875 in
389 2824 495 2886 duobus
520 2823 605 2876 codd.
632 2822 731 2876 Leidd.
767 2823 847 2875 Idem
863 2821 970 2877 habent
987 2844 1060 2878 unns
1086 2827 1136 2880 Ox.
1156 2827 1245 2880 Rehd.
1259 2826 1276 2891 -(
1295 2843 1357 2879 rae-

203 2911 289 2947 mssso
311 2894 381 2960 eam)
399 2893 471 2950 Edd.
490 2894 520 2945 P.
542 2895 623 2946 Junt.
652 2893 716 2947 Asc.
736 2897 761 2950 2.
782 2894 853 2945 Ven.
873 2893 977 2947 Alteri.
1015 2898 1103 2949 Recte
1122 2897 1169 2951 Or.
1198 2897 1233 2949 ad
1294 2896 1356 2948 ollii

203 2947 314 3017 scbdlas
333 2965 465 3017 consulto
483 2963 523 3015 ait
541 2964 644 3016 vitasse
661 2964 690 3016 h.
710 2964 731 3020 l.
752 2964 920 3017 Ciceronem
937 2981 1043 3019 nomen
1067 2968 1258 3036 compositum
1275 2982 1356 3033 prae·

175 3062 177 3066 ·
203 3033 362 3100 meditatio,
391 3034 468 3104 quod
489 3033 555 3087 aliis
578 3033 650 3086 locis
682 3043 781 3104 aptum
809 3035 992 3087 existimavit.
1029 3039 1094 3089 Post
1118 3036 1241 3100 sortasse
1268 3036 1354 3093 Oodd.

204 3106 278 3159 Gud.
297 3108 325 3162 2.
345 3113 374 3159 et
391 3105 487 3157 Duisb.
507 3103 614 3158 habent
632 3120 681 3158 nec
703 3121 757 3175 pro
776 3121 818 3169 ne,
844 3114 977 3158 consueta
1001 3107 1167 3162 confusione
1195 3110 1356 3160 formarum

203 3192 238 3230 ne
262 3186 291 3231 et
317 3192 358 3230 nc.
395 3177 472 3228 Tum
497 3193 570 3227 unus
598 3176 647 3228 Ox.
674 3191 734 3228 esee
761 3175 841 3230 odio
869 3192 1031 3230 summum
1057 3194 1143 3230 omne.
1180 3178 1261 3231 Idem
1289 3194 1356 3230 mox

204 3247 315 3301 omittit
342 3253 442 3301 autem.
473 3245 561 3299 Rehd.
581 3245 667 3298 habet
685 3263 792 3316 semper
815 3245 1050 3314 excogitavisset.
1077 3247 1151 3301 Gud.
1171 3250 1354 3316 cogitasset.

202 3320 284 3372 Idem
303 3319 413 3372 omittit
426 3332 511 3386 posse
530 3325 567 3382 et,
594 3317 692 3386 paucis
710 3317 882 3383 interiectis,
901 3320 1012 3371 malum.
1049 3320 1102 3371 Pro
1120 3321 1184 3385 fieri
1210 3320 1265 3371 duo
1284 3320 1353 3372 Oxx.
1401 3349 1406 3354 ·

202 3391 287 3454 fieret.
311 3388 336 3440 A
379 3389 516 3443 ,omittit
540 3387 624 3451 illud,
650 3386 723 3439 Gud.
746 3391 769 3442 1.
789 3390 814 3442 2.
836 3396 865 3442 et
882 3389 957 3440 Mon.
977 3391 1003 3444 2.
1022 3386 1128 3442 babent
1154 3406 1213 3443 nec
1230 3389 1356 3455 futuram

204 3458 322 3529 quidem.
384 3457 401 3508 b
429 3473 486 3510 uno
511 3457 561 3510 Ox.
590 3457 667 3509 abest
688 3459 734 3511 sit.
761 3461 836 3510 Mon.
861 3459 887 3511 2.
920 3458 1036 3512 exhibet
1058 3459 1207 3529 suscipit.
1232 3458 1307 3511 Gud.
1329 3463 1354 3516 1.

203 3545 306 3582 rocem
324 3526 511 3582 voluntariam
528 3543 586 3580 non
604 3526 690 3580 habet
707 3528 764 3580 nisi
783 3546 799 3580 a
817 3532 842 3585 2
862 3545 900 3582 m.
921 3529 1052 3581 additam.
1089 3531 1124 3583 In
1149 3547 1207 3584 uno
1235 3531 1286 3584 Ox.
1314 3530 1356 3584 le-

203 3601 287 3676 gitur
304 3599 373 3668 angi
391 3600 522 3663 animum,
551 3597 654 3651 omisso
673 3604 737 3655 aut:
764 3598 812 3650 ubi
836 3598 914 3650 haud
931 3600 1029 3669 inepta
1067 3599 1141 3655 losse
1167 3601 1289 3655 extrusit
1306 3616 1356 3654 ve-

204 3689 265 3724 ram
291 3671 441 3725 Ciceronis
469 3687 596 3722 manum.
631 3670 738 3721 Vocem
764 3669 839 3721 malo
858 3669 1018 3724 nonhabet
1064 3671 1110 3723 ud.
1133 3675 1158 3727 2.
1195 3671 1265 3724 Eius
1291 3671 1356 3725 loco

203 3759 276 3794 unus
296 3743 346 3796 Ox.
368 3742 397 3793 et
414 3740 472 3792 MS.
492 3741 523 3791 in
542 3757 633 3813 marg.
653 3740 738 3792 Verb'.
757 3741 893 3810 itemque.
911 3740 1007 3793 Duisb.
1027 3739 1134 3796 habent
1152 3742 1236 3797 mala.
1273 3739 1356 3794 Alius

203 3812 271 3866 aod.
292 3812 324 3862 in
341 3828 404 3863 mar
425 3848 431 3860 .
451 3809 535 3865 Verb.
563 3817 592 3862 et
619 3818 717 3873 noster
740 3811 828 3862 Marb.
857 3810 977 3876 malum;
1005 3812 1036 3862 in
1056 3830 1112 3866 uno
1131 3814 1183 3867 Ox.
1210 3820 1251 3865 est
1269 3813 1357 3866 male

204 3881 364 3950 cogitando.
402 3827 456 3932 der
478 3880 502 3931 ‘t
519 3880 586 3933 Ood.
605 3883 680 3932 Mon.
699 3883 727 3936 2.
752 3879 929 3934 Levationem
946 3881 1140 3950 aegritudinis
1158 3890 1257 3937 autem.
1292 3885 1357 3935 Post

201 3952 283 4021 ponit
305 3949 396 4005 Rehd.
425 3950 459 4002 ad
478 3951 502 4002 it
525 3966 548 4002 s.
578 3951 653 4020 quod
677 3959 720 4004 est
747 3952 949 4022 compendium
967 3954 1044 4006 vocis
1061 3957 1129 4013 sive,
1166 3955 1207 4008 De
1226 3960 1357 4007 constru-
1383 3970 1385 3974 ⁴

204 4023 300 4074 ctione
317 4021 376 4074 vid.
397 4020 463 4073 Otto
481 4021 516 4073 ad
534 4021 593 4074 Cic.
614 4021 648 4073 de
666 4021 751 4073 Finn.
771 4039 799 4092 p.
820 4025 872 4078 408
891 4041 952 4092 sqq.
990 4025 1050 4078 Mr.

274 4109 439 4163 avocatione
464 4125 482 4162 a
505 4107 656 4176 cogitanda
678 4109 826 4178 molestia]
862 4110 1031 4166 Avocatione
1057 4113 1200 4189 intellige·
1215 4113 1356 4166 avocanda

204 4181 307 4236 animo.
339 4184 419 4234 Unus
444 4181 494 4236 Ox.
520 4179 605 4236 habet
623 4180 808 4234 evocatione
827 4183 914 4235 Marb.
944 4183 1054 4236 omittit
1073 4200 1100 4250 a,
1125 4187 1199 4237 Itlon.
1220 4187 1245 4238 2.
1270 4183 1357 4236 habet

204 4251 346 4319 cogitand
352 4269 368 4304 o
386 4250 497 4306 molesti
503 4266 551 4304 as.
572 4252 644 4304 Gud.
664 4254 690 4307 2.
708 4257 830 4321 patere
848 4261 964 4306 autem
982 4263 1083 4308 censet.
1119 4256 1199 4308 Unus
1224 4257 1273 4307 Ox.
1294 4270 1356 4307 een·
1411 4251 1412 4255 ’

204 4328 275 4379 sent.
313 4321 386 4376 Gud.
415 4320 538 4395 animum
561 4323 668 4376 rationi
694 4330 790 4377 censet.
828 4324 901 4377 Gud.
928 4327 953 4379 2.
988 4327 1106 4379 omnia
1140 4323 1247 4378 rationi
1275 4341 1356 4394 posse

206 4392 318 4459 (omisso
336 4391 477 4457 animum).
515 4391 601 4446 Abest
620 4394 705 4447 etiam
724 4394 844 4458 animam
861 4397 895 4448 ab
913 4412 970 4449 uno
989 4397 1037 4450 Os.
1058 4395 1147 4450 Rehd.
1175 4397 1259 4450 habet
1278 4395 1356 4466 sequi
