2842 5070
480 274 612 338 nnnn
631 273 692 354 111,
711 275 775 352 s„
1176 275 1219 342 aa

65 438 288 529 aegritudine,
310 439 406 522 qnasi
421 445 627 522 tempestate,
647 437 826 518 quatiatur.
870 435 942 499 Nec
960 436 1218 502 absurdeCran-

67 627 136 692 lere.
171 626 252 678 lllud
267 625 355 676 habet
373 623 462 676 etiam
478 623 527 675 nr.
547 623 629 676 Fabr.
650 622 773 678 HWolt.
795 621 862 686 (hic
881 622 913 676 in
932 622 1042 699 marg.)
1059 625 1131 678 Edd.
1151 627 1221 680 reli-

68 714 140 764 quae
156 705 229 751 vett.
245 695 381 763 (excepta
398 697 427 746 P.
447 693 496 745 ubi
515 701 557 746 est
574 692 740 760 naturabile)
759 710 857 747 omnes
874 695 1041 748 naturale
1059 695 1089 748 ln
1106 696 1220 762 animia,

67 776 101 820 ut
120 767 207 820 Codd.
227 765 314 818 Marb.
334 765 418 815 Vind.
432 769 455 820 1.
486 763 605 832 Reliqui
623 763 708 817 Codd.
728 764 866 818 exhibent
884 765 1052 831 naturabile,
1070 766 1127 818 nisi
1146 769 1222 837 quod

69 855 106 892 ex
124 837 281 891 collatione
299 835 501 889 Oxoniensium
519 834 659 904 suspicari
684 850 776 906 posses
799 843 858 888 tres
880 835 986 891 habere
1015 843 1119 890 natura
1146 839 1220 903 terea

111 908 147 960 od
171 908 232 961 sine
258 906 343 959 dubio
367 907 471 960 fabum
495 912 545 957 est.
582 904 671 958 Rehd.
699 905 786 958 habet
811 906 966 960 naturabile
990 913 1033 961 erl
1055 907 1088 960 ire
1107 907 1221 963 animia.

69 927 139 1032 gbla
155 978 208 1032 Ed.
227 977 287 1030 Alt.
307 977 392 1030 habet
408 975 537 1031 naturale
554 975 629 1041 feret
661 993 698 1029 ex
715 994 781 1047 qua,
805 977 830 1028 si
847 986 980 1030 accurata
998 978 1133 1031 instituta
1150 987 1224 1033 esset

70 1049 187 1103 collatio
206 1047 291 1103 Codd.
311 1047 583 1110 Vindobonensium,
603 1046 748 1102 coniicere
765 1048 870 1101 liceret
888 1047 965 1102 idem
984 1048 1120 1103 exhibere
1136 1050 1222 1103 Vind.

69 1120 233 1173 secundnm.
271 1118 327 1172 Sed
345 1116 425 1179 secus
443 1127 494 1172 est.
533 1115 673 1188 Sequitur
694 1118 724 1170 in
750 1118 817 1173 Cod.
844 1118 918 1171 Gud.
944 1118 1075 1188 quiddam
1099 1127 1224 1175 teneram

68 1206 110 1243 ac
126 1191 265 1244 mobile.
301 1192 381 1244 Unus
400 1190 450 1243 Ox.
470 1205 524 1260 pro
542 1195 664 1242 teneram
681 1189 768 1242 habet
786 1195 939 1254 aeternum,
964 1190 1036 1242 alius
1054 1193 1171 1260 quidam
1189 1219 1223 1232 -

69 1262 150 1328 mole,
178 1263 268 1314 semel
294 1262 409 1332 scriptis
427 1260 533 1325 literis,
563 1277 635 1330 quae
660 1268 743 1312 erant
765 1261 962 1337 geminandae.
1000 1261 1121 1317 Quidam
1138 1263 1225 1316 habet

69 1333 160 1387 etiam
182 1335 309 1404 Mon.1,;
337 1331 439 1385 mobile
462 1329 556 1406 Aug.;
583 1330 665 1384 molle
689 1331 775 1401 plane
803 1332 916 1385 omittit
941 1331 1015 1384 Gnd.
1035 1336 1061 1389 2.
1076 1369 1087 1377 --
1106 1334 1141 1386 ln
1166 1335 1224 1388 line

68 1402 183 1458 Periodi
200 1421 274 1459 unus
292 1403 343 1455 Ox.
363 1401 532 1472 quatiamur.
569 1402 629 1455 Mr.

140 1473 198 1527 Nec
214 1474 336 1529 absurde
355 1474 477 1531 Crantor
493 1471 545 1526 ille
564 1470 639 1538 ete]
675 1472 789 1538 „Verba
814 1473 924 1526 Graeca
950 1473 1099 1527 Crantoris
1123 1492 1159 1528 ex
1176 1494 1226 1528 aa·

70 1545 151 1598 reolo
170 1545 223 1598 illo
242 1544 287 1610 (ut
305 1545 386 1615 puto)
403 1545 506 1599 libello
525 1543 559 1596 de
578 1545 672 1595 Luctu
690 1543 792 1597 inveni
809 1543 883 1614 apud
893 1542 1081 1597 Plutarchum
1099 1545 1131 1599 in
1149 1561 1226 1599 com·

69 1615 222 1681 menterio,
253 1617 331 1686 quod
351 1616 467 1687 scripsit
490 1614 524 1668 ad
548 1613 746 1685 Apollonium,
776 1613 924 1668 consolans
949 1616 1035 1668 illum
1061 1615 1096 1668 de
1123 1617 1225 1670 acerbo

70 1686 153 1739 obitu
170 1686 242 1742 filii.
260 1705 334 1755 quae
351 1687 492 1739 adducere
510 1702 612 1754 operae
630 1687 759 1806 pretium
777 1686 852 1738 mihi
870 1687 965 1738 visum
984 1696 1039 1741 est:
1060 1694 1127 1740 sunt
1146 1688 1226 1741 enim

72 1764 102 1810 et
119 1756 211 1826 polita
236 1765 266 1810 et
289 1757 405 1822 diserta,
437 1764 467 1809 et
490 1764 616 1808 nostram
653 1757 796 1810 actionem
820 1757 1005 1810 corroborant
1031 1776 1103 1829 quae
1121 1777 1176 1811 una
1196 1766 1226 1813 et

72 1826 170 1880 eadem
191 1835 233 1879 est
259 1834 346 1895 atque
364 1824 489 1879 Asnlana
513 1824 655 1891 [Aldina]:
686 1827 720 1877 ab
739 1842 772 1878 eo
791 1827 878 1891 enim,
902 1829 1067 1898 quicunque
1086 1829 1139 1883 ille
1157 1830 1225 1895 fuit,

71 1898 125 1967 qui
144 1896 304 1966 hosslibrcs
322 1896 485 1972 castigavit,
502 1895 582 1949 locus
600 1895 650 1948 hic
669 1896 821 1948 restitutus
838 1905 895 1961 est,
917 1915 984 1949 cum
1003 1900 1034 1949 in
1052 1899 1115 1951 aliis
1134 1901 1227 1953 omni·

70 1967 122 2020 bus
139 1966 282 2042 flagitiose
298 1968 467 2039 depravatus
485 1975 569 2020 antea
586 1966 751 2040 legeretur:
772 1967 825 2019 etsi
843 1984 948 2020 vereor
965 1967 1057 2020 adhuc
1075 1987 1110 2022 ne
1129 1970 1226 2023 mendi

71 2037 184 2108 aliquid
202 2047 293 2092 restet
312 2057 344 2092 ea
361 2048 453 2110 parte,
472 2054 505 2091 ne
522 2044 659 2104 aegrotae
677 2040 740 2103 eine,
760 2036 862 2108 inquit,
881 2039 941 2103 aed,
969 2037 998 2091 ei
1016 2039 1112 2104 faerit,
1131 2056 1228 2093 aeneae

71 2111 170 2163 adoil=
197 2110 246 2163 sed
264 2111 340 2180 quod
360 2110 451 2184 magis
468 2109 556 2162 verba
574 2109 762 2174 contaminet,
790 2127 877 2180 quam
893 2110 1065 2162 sententiam
1083 2109 1226 2164 immutet.

72 2183 147 2234 Nam
164 2181 206 2233 sic
224 2182 320 2264 potius
338 2182 450 2258 legitur
467 2180 500 2232 in
517 2179 644 2250 antiquis
663 2179 886 2251 exemplaribus:
909 2196 944 2233 ne
961 2179 1164 2250 aegrotantem,
1182 2181 1228 2235 sin

71 2250 140 2319 qaid
157 2253 255 2320 fueret,
273 2267 371 2306 aenens
389 2250 475 2306 adeil.
512 2252 589 2304 llaec
607 2259 705 2304 autern
726 2250 815 2304 lectio
839 2251 931 2335 magis
954 2252 1091 2326 congruit
1110 2253 1228 2306 Graecis

71 2322 179 2388 verbis,
202 2333 235 2376 ut
252 2322 372 2389 videbis,
402 2332 516 2377 etcum
533 2321 632 2392 paullo
650 2340 735 2393 supra
752 2320 782 2374 t'tt
803 2320 990 2387 uilmxisset,
1018 2322 1090 2392 quid
1107 2323 1228 2375 attinuit

71 2392 123 2444 hic
142 2392 251 2447 iterum
269 2393 418 2450 inutiliter
435 2397 586 2464 repetere?
608 2393 718 2446 Graeca
734 2341 822 2446 verba
839 2394 910 2446 haec
930 2403 1010 2446 sunt:
1039 2397 1078 2462 nr)
1104 2396 1159 2464 γὰρ
1178 2410 1227 2447 νο-

72 2467 173 2532 σοῖμεν
192 2496 225 2507 -
243 2460 362 2517 toscona
379 2463 410 2517 dd
428 2469 525 2533 ψυχήν
543 2463 612 2530 [vid.
632 2464 742 2516 Davisii
761 2463 839 2530 anm]
865 2464 998 2517 Eundem
1016 2465 1105 2518 finem
1121 2465 1228 2518 habent

73 2542 213 2606 utraeque
233 2535 393 2600 citationes,
412 2551 471 2589 non
489 2537 566 2588 idem
583 2534 885 2606 tamen-principium.
925 2535 1050 2588 Primam
1068 2536 1147 2588 enim
1165 2555 1228 2590 sen-

73 2607 196 2659 tentiam
215 2607 313 2660 omisit
330 2605 513 2672 Plutarchus,
529 2623 602 2676 qnae
621 2623 637 2657 a
655 2606 795 2659 Cicerone
813 2606 906 2677 posita
924 2615 976 2670 est,
998 2606 1047 2659 vel
1065 2607 1160 2677 potins
1178 2627 1228 2661 sex

74 2693 172 2730 versus
190 2684 297 2748 supra,
316 2695 383 2731 cum
406 2679 532 2730 nondum
550 2677 698 2731 Crantoris
717 2677 893 2730 mentionem
912 2678 1036 2744 lecisset,
1063 2678 1226 2730 collocavit.

73 2746 216 2801 Existimo
236 2748 314 2801 enim
333 2751 394 2804 eius
410 2749 465 2800 illa
481 2748 569 2803 verba
587 2765 656 2813 esse,
684 2765 756 2815 quae
774 2747 945 2801 Plutarchus
970 2757 1003 2801 ut
1027 2767 1076 2801 sua
1093 2749 1228 2818 protulit,

74 2817 167 2870 idest
191 2835 249 2871 non
274 2820 361 2874 citato
387 2818 514 2875 auctoris
531 2819 657 2884 nomine,
681 2836 754 2889 quae
773 2820 990 2883 tamen-facile,
1026 2819 1107 2872 cuius
1126 2827 1228 2884 essent,

74 2890 192 2963 agnosci
230 2898 350 2944 oterant.
388 2889 423 2943 ln
445 2891 576 2943 manibus
603 2891 681 2943 enim
700 2891 830 2944 omnium
856 2898 917 2943 erat
936 2890 1111 2944 mirabiliter
1127 2892 1229 2962 proba·

74 2967 122 3011 tus
139 2960 198 3013 libe
223 2977 257 3011 us
275 2960 338 3025 ille,
370 2961 606 3030 quemadmodum
631 2969 730 3013 narrat
757 2962 846 3014 etiam
868 2962 1000 3015 Laiirtins
1025 2963 1056 3013 in
1080 2963 1141 3015 eius
1158 2963 1228 3027 vita,

73 3029 122 3082 his
139 3030 248 3092 verbis:
267 3031 439 3118 coagitatae
456 3029 487 3084 δὲ
505 3029 589 3085 αὐτοῦ
605 3034 722 3098 μάλιστα
732 3035 839 3101 βιβλίον
855 3037 919 3103 nepl
935 3033 1063 3093 πένθους.
1088 3033 1229 3107 Intelligo

76 3097 275 3154 auternhaec:
304 3118 336 3153 ου
354 3102 408 3171 γὰρ
427 3100 514 3168 ἔγωγε
532 3133 565 3144 -
585 3105 774 3174 συμφέροντος
791 3099 882 3158 οὖσαν
900 3102 939 3168 [v.
959 3122 1024 3156 ann.
1044 3100 1142 3167 Dav.]-
1163 3104 1229 3168 Quis

76 3169 156 3224 enim
174 3185 232 3224 non
239 3170 335 3224 videat
346 3172 434 3224 verba
450 3172 522 3225 haec
531 3170 693 3227 Ciceronis:
713 3172 827 3227 minime
844 3173 988 3227 attentior
1005 3173 1061 3238 tte,
1080 3173 1127 3241 qui
1145 3171 1230 3225 iatam

74 3239 168 3295 neecio
187 3257 270 3309 onam
286 3240 473 3296 indolentiam
490 3258 656 3311 magnopere
675 3243 799 3308 laudant,
811 3260 888 3313 qnae
906 3251 1062 3313 nec'poteet
1081 3259 1142 3296 eree
1159 3243 1229 3307 alla,

74 3329 125 3366 neo
151 3311 239 3377 debet,
262 3313 297 3366 de
324 3314 519 3384 superioribus
538 3312 655 3375 Graecis
681 3331 812 3384 expressa
838 3332 909 3368 esse:
942 3332 996 3368 nec
1022 3314 1099 3367 enim
1117 3314 1231 3366 fidelius

75 3392 125 3437 aut
143 3383 188 3436 ele
210 3384 304 3438 antius
323 3402 423 3438 eorum
441 3386 582 3439 sententia
601 3384 683 3438 reddi
699 3385 804 3456 potuit.
842 3385 974 3452 Quarnvis
998 3394 1095 3438 autem
1120 3385 1231 3437 Plutar-

75 3454 146 3508 chus
163 3402 209 3524 μνῗ
220 3459 362 3524 νοσοῖμεν,
381 3460 469 3527 φησίν
486 3455 570 3522 dixit,
589 3472 642 3530 ego
661 3465 757 3510 autem
770 3474 855 3527 supra
874 3457 1035 3510 censuerim
1047 3456 1122 3509 illud
1140 3455 1232 3526 inquit

76 3526 162 3578 illinc
180 3527 341 3580 tollendum
360 3545 428 3594 esse,
448 3527 496 3592 (in
513 3527 604 3580 latina
622 3527 685 3580 dico
703 3527 970 3598 interpretatione‚)
988 3545 1045 3581 non
1064 3527 1231 3580 adversatur

77 3596 285 3720 itgsententiae
311 3615 399 3664 aneae,
428 3617 494 3651 cum
521 3599 585 3650 illic
612 3599 729 3653 omnino
752 3599 822 3668 poni
840 3599 980 3664 debuerit,
1009 3599 1059 3651 ubi
1077 3599 1230 3651 auctoritas

100 3669 223 3721 rantoris
248 3669 448 3722 adducebatur.
495 3669 586 3735 Quare
612 3687 677 3722 cum
696 3668 866 3723 Plutarchus
892 3687 924 3724 eo
951 3671 1015 3723 loco
1033 3671 1231 3723 testimonium

77 3740 223 3793 Crantoris
241 3740 421 3810 produxerit,
448 3749 528 3794 recte
553 3740 594 3793 ibi
612 3741 772 3794 collocavit.
810 3741 913 3796 Cicero
937 3758 1017 3807 vero,
1045 3741 1096 3811 qui
1114 3758 1131 3793 a
1148 3758 1231 3813 supe-

76 3811 154 3864 riore
170 3812 314 3866 sententia
326 3812 450 3877 ¹initium
468 3813 586 3875 fecorat,
606 3812 712 3877 debuit,
731 3813 780 3865 ubi
797 3812 884 3868 rerba
903 3813 964 3867 eius
981 3813 1105 3867 recitare
1124 3813 1229 3883 coepit,

76 3881 141 3934 illic
161 3882 253 3935 solum
271 3882 411 3952 ponere.“
437 3881 590 3936 Victoriae.

146 3971 206 4024 Nec
238 3970 356 4024 absurde
382 3972 509 4038 Crantor
536 3971 587 4025 ille
621 3974 694 4040 etc]
732 3975 823 4026 Locris
850 3974 998 4027 Crantoris
1025 3973 1057 4024 in
1083 3972 1231 4026 Plutarchi

77 4043 190 4096 Consol„
210 4041 245 4094 ad
262 4041 396 4112 Apollon.
417 4059 441 4094 c.
460 4045 487 4098 3.
505 4061 534 4112 p.
554 4045 616 4098 tot.
636 4062 677 4113 sq.
698 4043 742 4097 ed.
761 4045 917 4115 Wyttenb.
937 4043 1125 4113 quiquidem
1139 4045 1231 4113 Wyt·

76 4114 244 4167 tenbachius
271 4121 300 4165 et
322 4113 447 4165 aliorum
469 4115 643 4184 scriptoram
668 4116 757 4182 locos,
783 4117 834 4168 ubi
857 4117 888 4169 in
913 4116 1032 4169 eandem
1057 4115 1230 4171 sententiam

77 4185 249 4255 disputatur,
267 4185 421 4260 congessit,
440 4192 470 4236 et
481 4185 517 4238 de
535 4195 633 4241 nostro
649 4203 765 4258 quoque
782 4187 847 4241 loco
866 4186 990 4241 monuit:
1011 4202 1100 4241 unum
1118 4194 1230 4238 tantum

77 4257 143 4310 inde
161 4256 219 4310 huc
237 4257 344 4323 refero,
371 4255 459 4308 nimis
476 4256 614 4311 videlicet
635 4259 698 4312 fere
723 4259 758 4312 ad
780 4259 902 4312 verbum
923 4259 1042 4312 vertisse
1060 4257 1230 4311 Ciceronem

78 4323 221 4382 Graecum
239 4329 386 4382 Crantoris
403 4327 709 4396 vocabulumnaeabtto,
727 4330 807 4400 quod
824 4347 882 4385 non
900 4330 1054 4384 mercedem
1075 4327 1124 4379 hic
1141 4325 1230 4398 signi·

78 4400 156 4464 licat,
174 4399 223 4454 sed
237 4415 365 4470 menam,
384 4399 530 4454 damnamr
548 4417 720 4472 quamquam
738 4410 768 4456 et
777 4402 910 4468 Graecos,
929 4400 1022 4461 docet,
1040 4414 1111 4450 voce
1129 4393 1230 4462 μισθὸς
