2842 5070
445 290 453 299 “
541 344 543 349 ,
569 283 697 345 LIBER
717 284 776 363 Ill,
805 285 856 352 34.
983 311 985 314 ·
1225 292 1291 361 iii,

135 464 251 510 rerum
274 455 369 513 sunt:
402 467 481 526 uun,
505 455 544 510 ut
565 447 736 522 videntur,
766 449 896 513 easdem
918 469 973 512 res
994 451 1198 537 significant,
1230 455 1289 519 sed

134 529 265 612 aliquid
287 528 464 592 differunt:
487 527 575 611 quod
596 531 664 592 alic
685 533 758 594 lucu
780 536 921 594 sortasse
942 535 1181 596 tractabimus·
1214 537 1289 600 Hae

73 670 75 675 ,
134 622 213 675 suut
233 614 312 674 illae
333 614 437 674 fibrae
456 614 623 694 stirpium,
645 633 727 694 quas
748 615 849 677 initio
872 613 953 692 dixi,
975 617 1235 697 persequendae,
1256 627 1290 681 et

134 715 248 759 amnes
260 693 445 772 elidendae,
466 710 515 756 nc·
529 714 675 775 uuquam
696 697 765 760 ulla
787 698 890 779 possit
912 699 1081 760 exsistere.
1124 699 1287 785 Magnum

785 821 915 831 —m-v--n-
1162 825 1288 838 -n-—-..

134 835 170 986 ’.Μ
203 863 280 917 Haec
298 870 362 917 eunt
380 860 460 931 iliae]
480 863 528 917 Sic
546 863 615 938 Reg.
634 862 780 921 Pithcean.
799 865 873 918 Med.
894 871 924 920 c't
938 866 1007 922 Bak.
1025 864 1173 938 ἀρχαϊκῶς.
1192 869 1288 945 Vulgo

172 935 281 1059 sulp}
297 1011 362 1059 eunt
381 1005 451 1060 illue
468 1005 569 1074 fibrae]
589 988 668 1072 Quod
686 1006 727 1058 ait
744 1005 826 1072 Dav,
844 988 926 1060 ‘Haec'
940 1008 1081 1077 ἀρχαϊκῶς
1098 1008 1207 1062 dictum
1227 1027 1286 1064 essa

77 1144 80 1148 ⁴
133 1092 188 1144 pro
205 1073 266 1140 liae,
286 1077 316 1130 id
333 1078 379 1130 its
390 1095 496 1131 verum
512 1087 564 1144 est,
583 1086 615 1130 ut
634 1077 709 1148 apud
726 1075 859 1131 Plautum
879 1085 908 1131 et
926 1076 1098 1131 Terentium
1123 1078 1177 1131 ista
1202 1083 1288 1140 femi·

133 1147 198 1198 nini
216 1149 312 1200 forma
328 1149 502 1219 reperiatur,
525 1165 579 1220 pro
603 1146 694 1212 haece,
722 1158 875 1285 apocopam
903 1146 952 1213 (sit
974 1149 1060 1201 venia
1085 1148 1198 1214 verb0):
1225 1153 1284 1206 vid.

133 1218 327 1271 Ruddimanni
354 1221 423 1272 lnst.
444 1221 477 1272 1..
497 1221 528 1273 la
549 1221 572 1276 1.
592 1237 621 1290 p.
641 1222 701 1274 20⁰.
742 1229 839 1272 annot.
867 1223 910 1285 19,
928 1220 967 1281 ll,
986 1221 1024 1285 ὅ.)
1052 1219 1087 1272 G.
1107 1222 1135 1274 J.
1154 1223 1287 1275 Vossium
1363 1218 1366 1227 '

86 1348 89 1353 ,
112 1289 169 1353 ,da
188 1289 328 1365 Analogia
345 1291 393 1343 lv,
413 1293 439 1346 ὅ.
458 1308 487 1360 p.
509 1294 570 1348 196.
595 1291 645 1343 ubi
667 1290 747 1342 vides
771 1291 912 1361 exempla.
933 1289 1007 1344 sea
1028 1289 1084 1343 hcc
1111 1307 1169 1344 nen
1186 1294 1222 1345 ad
1240 1294 1289 1347 ei-

134 1376 270 1415 cercuem
296 1363 537 1415 transferendum.
574 1363 615 1415 Et
641 1369 761 1414 tuentur
788 1358 840 1415 itae
864 1361 992 1431 quinque
1019 1362 1089 1414 Oxx.
1115 1362 1189 1416 Gud.
1215 1369 1239 1421 l.
1258 1367 1285 1423 Ἰ,

133 1431 218 1483 vind.
239 1433 264 1484 l.
283 1436 310 1489 2.
339 1433 413 1486 Gud.
433 1432 521 1485 Marb.
542 1435 616 1485 Mon.
638 1437 662 1488 l.
681 1434 708 1489 2.
729 1440 758 1483 et
776 1432 847 1485 Edd.
894 1441 990 1494 raeter
1012 1431 1081 1485 Dav.
1108 1449 1215 1486 cinnes.
1251 1437 1287 1490 In

132 1501 231 1554 Duisb.
251 1513 295 1556 est
312 1500 370 1558 dee.
390 1505 480 1567 liehd.
500 1509 645 1574 postcunt
664 1501 743 1556 addit
760 1502 827 1567 fere.
893 1502 1001 1556 asendit
1020 1503 1105 1556 etiam
1123 1501 1175 1557 dae
1193 1506 1287 1576 Wop-

132 1573 248 1625 kensius
265 1575 286 1628 l.
307 1592 332 1629 c.
350 1593 379 1646 p.
399 1578 443 1631 44.
463 1575 503 1646 (p.
523 1575 580 1641 31.)
599 1575 666 1628 Gari
686 1577 761 1628 Mon.
780 1576 806 1628 2
829 1574 910 1639 fibra
927 1572 1064 1640 stirpam.
1086 1574 1139 1628 Ed.
1159 1575 1190 1628 G.
1216 1578 1285 1631 etir·
1394 1622 1398 1626 .

130 1644 208 1712 pium
226 1645 321 1710 fibrae.
358 1646 418 1699 Mr.
698 1685 701 1689 -
957 1700 961 1703 ,

203 1716 290 1780 fibrae
307 1715 450 1784 stirpiuen]
482 1715 592 1782 „Quasi
611 1715 755 1769 radiculae
774 1714 902 1769 minutae
921 1724 951 1769 et
968 1716 1062 1770 veluti
1081 1716 1286 1786 capillamenta

132 1783 165 1836 in
183 1793 313 1839 extremo
331 1787 521 1862 aegritudinis
538 1797 642 1841 trunco
659 1786 899 1839 adhaerescentes.
935 1787 1050 1847 Fibrum
1074 1787 1152 1840 enim
1171 1789 1285 1858 antiqui

132 1863 294 1908 extremum
312 1859 458 1926 dixerunt,
478 1866 510 1910 ut
528 1858 611 1911 docet
629 1860 666 1910 Μ.
684 1858 785 1922 Varro,
812 1858 888 1923 unde
907 1856 1009 1911 Fibrae
1036 1857 1129 1910 dictae
1147 1860 1285 1911 extremi·
1312 1863 1315 1870 '

130 1933 205 1978 tates
222 1927 253 1978 in
272 1927 379 1996 iecore,
404 1938 432 1984 et
457 1930 583 1995 fimbriae
612 1928 644 1996 in
667 1929 859 1991 vestimentis,
887 1936 917 1981 et
933 1929 1022 1992 fibrae
1040 1929 1071 1980 iu
1089 1927 1236 1980 arboribus
1256 1937 1285 1982 et

131 1992 239 2051 herbis.
258 1997 332 2052 Plin.
353 2001 385 2052 in
402 2002 483 2055 XIX:
505 2001 766 2060 Tuderaaacantar
782 1998 851 2052 iaec
867 1997 986 2064 undique
1009 2006 1090 2052 terra
1107 1999 1285 2053 cirmmdata

130 2068 268 2136 nullisque
298 2070 381 2136 fibris
410 2071 522 2134 innixa,
554 2078 603 2125 aut
622 2071 719 2124 saitem
745 2069 982 2139 capillamentis.“
1006 2070 1142 2123 Beroaid.
1181 2069 1285 2139 [Locus

132 2139 268 2192 Varronis
288 2151 330 2194 est
347 2142 383 2195 de
401 2144 434 2195 L.
454 2144 487 2199 1..
505 2143 553 2196 IV.
572 2160 600 2212 p.
620 2144 664 2198 22.
685 2141 727 2196 eti
747 2142 839 2207 Amat.
860 2142 937 2197 1623.
965 2159 999 2224 p..
1014 2143 1058 2195 8⁵.
1086 2140 1128 2193 ed.
1149 2140 1283 2214 Spengel.

128 2209 179 2331 {¹12³
190 2218 254 2332 ‘psit
271 2211 385 2348 pntppui
403 2214 430 2269 F
434 2214 550 2268 ebrum
566 2214 693 2268 dicebant
704 2220 864 2267 extremum.
884 2210 1054 2264 Plinirxtx.
1073 2212 1100 2267 ἢ.
1120 2216 1164 2267 11.
1179 2230 1208 2282 p.
1221 2215 1281 2268 159.

173 2297 189 2331 r
210 2300 270 2333 mn!
353 2301 380 2336 r·
1093 2300 1094 2304 Ἰ

141 2388 144 2394 -
202 2353 281 2408 Quae
306 2360 369 2407 nent
390 2359 420 2405 ut
441 2352 524 2407 initio
551 2352 618 2407 dini
643 2355 855 2425 persequendae
882 2360 910 2409 et
927 2369 1021 2408 carnee
1039 2352 1197 2420 eligendae]
1235 2352 1283 2408 Sic

128 2420 238 2477 Eliens.
263 2431 331 2478 tart.
368 2425 473 2506 yulga,
497 2439 566 2492 quas
589 2423 674 2478 initia
701 2427 773 2490 diat,
795 2426 1011 2496 persequendae.
1056 2424 1210 2476 Lambinus
1237 2442 1285 2477 re·

82 2538 85 2543 .
129 2491 313 2546 scribendum
339 2503 452 2547 censuit
479 2495 674 2562 perseeaudae.
710 2496 821 2550 Eliens.
848 2513 905 2549 sec.
929 2497 978 2549 dat
1001 2509 1071 2566 quas
1102 2495 1185 2549 initia
1219 2493 1285 2548 diei
1323 2493 1327 2499 ’

127 2564 334 2630 praecedendus
361 2570 387 2618 et
413 2581 509 2619 omnes
534 2566 679 2619 mendas.
716 2566 772 2621 Sed
800 2575 864 2620 tum
890 2567 1006 2630 demum
1028 2566 1110 2634 sequi
1141 2564 1225 2618 debet
1250 2581 1284 2618 ne

128 2648 247 2702 unquam
264 2634 323 2688 ulia
340 2644 445 2706 posset,
465 2653 523 2690 neu
539 2639 639 2704 parsit,
659 2636 804 2691 exsistere.
839 2639 928 2711 Lego,
955 2653 1024 2709 qaae
1048 2641 1124 2700 eunt,
1151 2642 1181 2688 ut
1199 2635 1282 2690 e'uiie‘c

128 2703 203 2772 disi,
221 2707 425 2776 praesecandae
444 2714 471 2761 et
488 2724 581 2762 amma
598 2708 751 2775 eligendae.
787 2710 825 2762 D.
1184 2755 1193 2760 .

199 2793 269 2846 quas
295 2777 380 2831 initia
404 2778 482 2845 diei]
518 2779 599 2832 Unus
618 2780 686 2843 Ora,
713 2780 775 2832 sine
799 2778 884 2832 dubia
912 2796 949 2833 ex
991 2778 1072 2840 losse,
1099 2776 1281 2847 aliquantum

127 2847 207 2901 favet
232 2849 423 2902 emendationi
447 2848 560 2901 Davisii
580 2846 666 2917 plane
696 2866 935 2919 supervacaneae,
970 2795 1057 2903 {abet
1089 2847 1167 2899 enim
1197 2863 1282 2916 puae
1339 2883 1344 2892 .

126 2924 225 2982 sunt,
244 2926 280 2971 at
298 2918 334 2972 e'n
352 2919 436 2972 initis
455 2918 529 2972 diei.
565 2920 632 2970 Ncn
651 2919 730 2972 enim
747 2919 778 2971 id
795 2921 860 2972 vult
879 2920 989 2986 Cicero,
1012 2939 1040 2974 se
1060 2918 1147 2970 initio
1166 2919 1280 2984 dixisse,

127 3003 173 3038 eas
191 3005 250 3043 esse
268 2989 433 3052 elidendus}
450 2989 500 3043 sed
521 2989 643 3058 respicit
667 2990 703 3042 ad
724 2991 871 3055 vocabula,
897 2991 1027 3060 dicitque
1054 3007 1083 3043 se
1111 2988 1147 3040 iis
1164 2991 1282 3044 vocibus

126 3056 225 3122 (fibrae
248 3058 405 3126 stirpium),
430 3076 503 3128 quae
529 3058 711 3128 aliquantula
735 3078 751 3111 a
768 3062 946 3131 proprietate
972 3059 1111 3130 loquendi
1128 3060 1280 3126 recedunt,

127 3143 195 3178 cum
213 3129 248 3182 de
265 3129 448 3202 aegritudine
467 3145 525 3182 non
543 3129 600 3180 nisi
617 3130 807 3198 μεταφορικῶς
825 3131 960 3200 usurpari
978 3139 1093 3200 queant,
1117 3147 1203 3199 supra
1221 3147 1281 3183 esse

126 3216 242 3323 magud
255 3201 294 3254 Le
317 3201 378 3252 itur
397 3199 540 3253 etiamid
562 3197 660 3265 initia,
679 3201 828 3269 frequenti
856 3217 965 3265 errore,
992 3201 1024 3252 in
1042 3198 1128 3255 eada
1147 3199 1233 3252 vind.
1255 3204 1279 3255 l.

127 3276 159 3321 et
203 3288 250 3322 u.
323 3287 348 3323 r.
372 3271 375 3276 ’
959 3269 977 3285 ”
1268 3319 1272 3322 .
1312 3275 1318 3279 ’

193 3341 400 3411 persequendae
419 3347 445 3394 et
463 3356 558 3395 cmnee
575 3337 734 3407 elidendae]
770 3339 850 3407 Quod
873 3340 915 3392 ait
931 3341 1001 3392 Dav.
1015 3339 1190 3394 Lambinum
1213 3355 1280 3393 con-

126 3410 235 3476 iecisse,
251 3414 450 3480 persecandae,
469 3429 527 3464 non
545 3411 632 3482 plane
651 3420 764 3465 certum
782 3419 833 3464 est.
862 3411 938 3478 Quae
956 3411 1034 3482 enim
1051 3420 1118 3464 sunt
1137 3411 1168 3463 in
1186 3428 1278 3486 marg.

124 3483 239 3536 Larnbb.
266 3492 296 3536 et
321 3483 409 3537 Goth.
434 3480 616 3536 euniecturac
642 3482 738 3536 addito
763 3483 849 3548 sart,
873 3498 923 3536 eae
950 3499 1007 3535 non
1032 3485 1130 3536 omnes
1147 3482 1279 3535 Lambini

109 3561 201 3625 nsunt,
224 3561 259 3605 ut
284 3555 390 3607 dudum
420 3555 520 3608 docuit
544 3553 593 3612 Or.
617 3553 734 3607 Tribuit
760 3561 857 3607 tainen
880 3570 943 3606 eain
967 3552 1104 3606 Lambino
1132 3551 1219 3606 etiam
1242 3552 1277 3605 A.

125 3623 261 3676 Schottus
279 3624 351 3676 Nod.
372 3625 432 3681 Cic.
451 3627 489 3678 11.
509 3627 554 3682 22·
574 3632 648 3678 extr.
669 3624 781 3677 dicens:
809 3622 964 3676 lambinua
988 3622 1107 3676 coniicit
1127 3638 1279 3691 persecan-

123 3695 192 3757 due,
224 3703 258 3746 ut
284 3693 363 3746 nihil
386 3695 562 3749 intentatum
587 3695 735 3764 relinquat
758 3695 850 3748 banus
881 3693 946 3759 vir,
980 3693 1030 3745 ubi
1052 3708 1173 3746 acumen
1204 3692 1279 3746 illud

125 3763 477 3835 eiaecziaeexperiatur,
508 3773 543 3818 ut
568 3782 604 3819 ex
628 3774 771 3819 mustaceo
799 3765 958 3819 laureolam
980 3753 1111 3840 colligat.
1147 3764 1207 3817 No's
1233 3779 1278 3817 so-

122 3834 220 3887 lemne
236 3834 316 3887 illud
333 3851 488 3902 servemus,
506 3843 540 3889 ut
557 3835 713 3910 vulgatam,
737 3853 794 3907 qua
818 3843 921 3906 potest,
948 3843 1091 3900 tueamur,
1119 3849 1186 3887 cum
1200 3839 1297 3894 vett..

123 3903 204 3958 codd.
224 3905 407 3971 auctoritate,
426 3922 509 3976 qaue,
527 3914 561 3959 ut
579 3903 637 3960 e‘sse
655 3907 749 3968 debet,
772 3915 949 3960 mmosancta
976 3914 1020 3959 est
1037 3905 1112 3976 apud
1134 3921 1190 3972 me,
1212 3913 1276 3958 tum

123 3974 251 4030 eiusdem
269 3975 365 4028 Tullii
383 3976 479 4050 gladic
496 3985 527 4030 et
543 3977 677 4031 Maronis.
715 3977 765 4031 Sic
783 3977 861 4048 enim
880 3977 932 4031 ille
949 3976 1026 4029 libro
1044 3976 1194 4046 proximo:
1213 3973 1275 4040 [lV.
1310 4042 1312 4047 Ι

121 4049 167 4104 26.
188 4045 277 4112 earn]
294 4045 366 4099 Sunt
383 4046 456 4100 eata
474 4043 567 4100 ameria
586 4044 644 4101 ieta
662 4064 697 4100 ex
714 4062 875 4103 errorum
893 4053 959 4101 arta
975 4044 1277 4115 radieiduea'quae

122 4117 317 4172 euellenda
334 4122 360 4169 et
377 4113 731 4186 extrudendapenitus,
751 4133 806 4172 nen
824 4117 1117 4171 circumcidenda
1140 4133 1190 4171 nee
1207 4131 1276 4168 ane-

119 4187 283 4258 putaeda
314 4193 388 4241 sunt.
425 4188 464 4241 Et
489 4184 596 4310 Vispiil.
620 4187 660 4242 il.
687 4188 793 4262 Geor-g.
819 4189 896 4243 idda.
919 4185 1170 4260 [persequitur
1192 4186 1276 4239 uitem

124 4259 280 4321 mandens,
303 4260 436 4327 fingitque
456 4263 543 4326 palan
564 4255 612 4309 e.“
647 4256 768 4310 Accedit
792 4257 820 4309 ai
836 4257 927 4310 Bcuh.
951 4256 1003 4328 qui
1020 4257 1158 4311 lambino
1184 4265 1276 4309 assem

124 4329 182 4381 tire
207 4330 249 4382 ait
266 4328 334 4384 llud.
354 4329 530 4384 Fames-ium
553 4328 620 4381 lter.
640 4325 754 4393 Quotid.
775 4328 798 4380 l.
817 4331 866 4383 80:
893 4327 1037 4399 additque,
1062 4325 1193 4397 persequi
1218 4339 1276 4377 esse

124 4399 344 4468 uccabrilumin
359 4399 544 4478 »agricultura
560 4396 726 4470 proprium:
742 4395 834 4469 {idque
851 4395 898 4457 eit.
910 4397 1009 4454 duceri
1025 4399 1101 4464 lucc,
1120 4407 1208 4467 quem
1214 4393 1276 4446 lau·
