2842 5070
146 319 149 332 ·
197 297 264 365 ⁷218
405 293 636 370 CICERONIS
657 296 904 366 TUSCULAN.
926 299 1156 368 DISPUTAT.

202 483 278 526 nom
298 471 464 527 vetustate
485 465 570 543 tolli,
601 465 687 528 banc
706 466 778 528 vim
798 486 865 528 non
894 486 965 546 asse
984 467 1022 528 in
1044 465 1277 550 dispositam,
1298 469 1358 532 sed

149 624 152 627 v
200 549 238 609 in
269 549 472 632 cogitatione
503 546 673 610 diuturna.
727 547 815 611 Nam
844 552 873 611 ci
911 559 946 612 et
981 551 1095 612 cadem
1125 571 1179 613 res
1215 545 1283 628 est,
1323 562 1359 615 et

198 627 291 690 idem
312 640 363 692 est
383 629 502 704 hom03
520 629 588 712 ‘qui
617 639 726 713 potest
752 634 927 715 quicquam
949 630 991 692 dc
1012 632 1129 706 doloro
1160 637 1296 710 mutari,
1327 639 1359 697 si

202 731 309 793 neque
337 712 450 790 deco,
484 732 545 795 pro
571 722 624 774 ter
652 713 740 797 qnod
771 712 873 788 dolet,
909 717 984 796 quic
1007 734 1083 777 uam
1106 721 1359 796 minutatum,

134 855 142 874 ‚
198 814 308 877 nequo
328 793 377 875 do
391 812 443 874 eo,
464 797 520 876 qui
542 733 662 870 deleti„
672 795 840 882 Cogitatio
861 799 970 882 igitur
985 735 1158 875 diuturna,
1179 799 1264 861 nihil
1285 820 1358 864 csso

202 878 239 938 in
260 897 299 940 re
319 877 410 954 mali,
433 877 544 939 dolori
566 877 729 956 medetur,
752 898 819 940 non
840 880 912 960 ipsa
933 880 1154 950 diuturnitas.

199 1069 243 1120 cet
255 1063 532 1132 exprimendum.
550 1065 636 1119 Ferri
650 1074 746 1120 tamen
754 1075 850 1136 potest
862 1067 951 1121 etiam
960 1066 1018 1121 boc
1029 1069 1180 1121 maximnm
1189 1068 1287 1120 nteit:
1307 1065 1359 1121 icc

204 1135 275 1203 qnod
292 1136 446 1190 monimum
463 1143 518 1198 ecte
544 1145 608 1191 tum
632 1138 839 1205 exprimendum
863 1138 1067 1210 explicandum
1086 1140 1151 1203 erit,
1172 1146 1204 1190 ut
1221 1141 1294 1192 fecit
1308 1139 1357 1193 Or.

200 1205 284 1272 Quod
296 1207 428 1277 seqnitur
446 1225 527 1275 quum
539 1226 612 1261 unus
622 1207 672 1260 Ox.
683 1209 804 1272 omittit,
824 1209 901 1263 idem
914 1226 981 1263 cum
993 1211 1051 1263 alio
1060 1225 1118 1262 non
1134 1209 1221 1263 habet
1231 1217 1335 1263 constet
1346 1229 1356 1259 .·

204 1276 340 1331 etidem
363 1279 510 1348 posterior
533 1279 644 1332 omittit
670 1284 815 1332 vetustate.
849 1281 937 1332 Mnrb.
966 1279 1053 1333 habet
1078 1280 1260 1347 aegritudine
1287 1298 1357 1334 cum

87 1389 91 1412 ,
202 1345 280 1404 Gud.
302 1354 328 1403 1.
349 1356 379 1401 ot
396 1348 470 1402 Gud.
489 1351 518 1404 2.
543 1349 656 1402 Habent
674 1364 713 1402 en
732 1355 862 1405 vetustate
881 1349 970 1405 codd.
985 1350 1075 1403 Rehd.
1096 1353 1173 1404 Mon.
1188 1356 1211 1406 1.
1230 1352 1355 1407 vindi.

203 1416 279 1474 End.
297 1420 366 1473 Ven.
380 1418 445 1472 Alt-
467 1425 497 1472 et
515 1428 604 1472 nostr.
627 1420 688 1472 Asc.
711 1425 734 1477 1.
754 1422 880 1477 nsunt
901 1422 931 1478 P.
950 1421 983 1474 A.
1004 1421 1037 1477 n·
1056 1421 1087 1475 C.
1118 1422 1240 1508 Legitur
1259 1429 1357 1475 autem

202 1489 281 1544 'tollit
297 1490 329 1542 in
348 1487 434 1543 codd.
447 1490 522 1567 lieg-
545 1489 619 1545 Gud.
640 1495 665 1547 1.
684 1493 719 1546 2..
740 1492 772 1544 in
790 1495 864 1546 Mon.
887 1495 911 1547 1.
931 1493 997 1546 tolli
1014 1498 1055 1544 et.
1075 1494 1121 1544 Ex
1139 1492 1187 1545 his
1205 1492 1357 1545 variorum

204 1559 292 1614 codd.
313 1559 486 1614 lectionibus
505 1562 641 1615 coniicias
665 1564 756 1616 fuisse
774 1563 805 1617 in
824 1563 953 1632 antiquis
973 1562 1122 1615 nonnullis
1143 1563 1357 1632 exemplaribus

204 1647 286 1700 quum
304 1631 508 1699 aegritudinem
527 1649 560 1684 en
578 1639 714 1686 oetnetote
732 1633 812 1687 tollit.
849 1633 952 1706 Pergit
969 1633 1068 1686 Dnisb.
1094 1632 1156 1687 tut
1162 1651 1177 1687 c
1202 1632 1356 1687 hanccine.

203 1702 249 1756 Ad
274 1700 345 1755 tane
367 1705 424 1756 cim
441 1702 541 1758 FAW·
562 1702 693 1778 intelligi
711 1704 777 1760 vult
795 1703 930 1759 tollendae
954 1703 1155 1771 aegritudinis.
1186 1703 1281 1758 Recte.
1320 1704 1357 1756 ln

205 1771 273 1827 eod.
293 1775 366 1848 Aug.
387 1780 430 1827 est
446 1771 521 1825 banc
536 1776 612 1827 vita
631 1789 694 1827 non.
723 1773 814 1829 Gebh.
835 1790 872 1827 ex
890 1773 948 1826 Pal.
970 1776 1065 1844 quint.
1095 1781 1124 1828 et
1141 1776 1203 1827 Vat.
1225 1775 1357 1828 enotavit
1414 1842 1417 1845 ἢ

203 1843 237 1898 in
254 1845 345 1899 diem
365 1859 418 1913 pro
436 1843 466 1897 in
484 1842 555 1896 die:
574 1845 650 1912 quod
669 1852 713 1898 est
730 1847 853 1899 fortasse
870 1843 1007 1910 hominis,
1026 1845 1077 1913 qui
1096 1860 1155 1897 non
1169 1844 1356 1920 intelligeret

202 1914 253 1968 val
278 1922 455 1979 structuram
484 1914 533 1967 vel
558 1914 803 1989 significationem
828 1912 973 1982 vocabuli,
1002 1933 1076 1984 quae
1101 1915 1171 1968 satis
1191 1914 1358 1985 explicatur

201 1984 270 2039 ioco
286 1987 385 2038 nostri
409 1983 478 2037 libri
501 1987 660 2048 c.16,35:
688 1986 826 2039 medicina
846 2017 876 2028 -
897 2001 979 2052 qnam
1004 1987 1088 2052 affert
1116 1987 1307 2053 longinquitas
1330 1991 1358 2039 et

202 2055 271 2112 dier.
308 2058 363 2110 l’ro
378 2058 501 2125 potitam
520 2054 595 2108 Gud.
616 2057 642 2111 2.
662 2053 750 2111 habet
768 2055 934 2124 depositam.
970 2056 1031 2109 Mr.

274 2145 332 2203 Sed
352 2147 383 2199 in
407 2144 577 2210 cogitatione
600 2143 744 2213 diuturna]
785 2143 926 2216 „Scripsi
959 2143 1063 2198 diurna
1095 2144 1245 2216 plerisque
1277 2143 1356 2197 MSS.

123 2251 131 2272 2
203 2215 318 2277 ductus.
337 2234 403 2269 nam
423 2216 533 2278 diurno,
553 2230 611 2268 non
630 2215 775 2282 diuturno,
800 2216 871 2268 Pall.
891 2222 960 2268 tert.
984 2223 1078 2284 quart.
1105 2217 1197 2286 quint:
1226 2216 1354 2268 Vatican.

202 2295 334 2343 ceterum
359 2303 468 2340 omnes.
505 2286 651 2338 Victorius
675 2294 772 2339 tamen
797 2303 862 2340 nam
888 2293 920 2339 et
947 2287 975 2338 ei
1004 2287 1114 2340 endem.
1138 2287 1210 2340 alias
1234 2303 1299 2339 nam
1328 2284 1356 2338 ai

203 2358 310 2412 eodem.
345 2358 394 2411 Sic
413 2355 512 2426 paullo
529 2362 608 2425 post:
628 2359 763 2427 cogitatio
781 2357 876 2427 igitur
894 2358 929 2411 di
935 2373 1038 2418 urna,
1057 2353 1138 2411 nihii.
1173 2348 1247 2409 Nam
1268 2364 1297 2410 et
1315 2355 1356 2408 ibi

203 2428 248 2482 sic
274 2427 429 2502 legendum
451 2425 553 2480 iubent
577 2423 648 2480 Pall.
676 2435 746 2481 tert.
772 2434 867 2498 quart.
897 2428 991 2498 quint.
1018 2427 1149 2481 Vatican.
1182 2444 1356 2497 quamquam

203 2498 291 2568 prim.
312 2497 453 2552 diotinc.“
476 2495 557 2551 cett.
595 2533 614 2562 „
623 2497 660 2550 At
684 2515 699 2552 e
723 2514 748 2563 o,
777 2500 849 2553 duce
867 2495 1010 2561 Bentleio‚
1034 2497 1140 2551 merito
1159 2498 1295 2550 diuturno
1324 2499 1356 2549 in

204 2574 335 2637 ‘veterem
353 2569 559 2639 possessionem
578 2566 675 2637 miti.“
701 2514 841 2637 ilerum.
878 2563 1128 2635 „Restituendum
1146 2576 1272 2635 utroque
1291 2568 1357 2620 loco

203 2637 338 2707 diuturna
365 2658 400 2693 ex
427 2639 495 2696 God.
515 2639 586 2723 Reg.
614 2637 779 2702 [inanitesto
807 2639 836 2694 h.
858 2639 878 2691 l:
897 2636 1072 2692 Bouhierius
1097 2637 1149 2693 rel
1168 2635 1288 2689 fallitur
1306 2634 1354 2690 vel

203 2709 299 2765 fallit:
318 2729 386 2764 nam
404 2709 526 2764 totidem
546 2709 642 2762 literis
661 2710 766 2763 diurno
786 2709 903 2766 exhibet
920 2708 1039 2762 collatio
1058 2714 1172 2759 nostra:
1198 2707 1245 2758 cui
1267 2706 1292 2756 si
1313 2715 1358 2758 ta·

205 2783 285 2834 centi
303 2798 363 2834 non
381 2799 497 2852 semper
513 2780 639 2841 fidimus,
668 2781 788 2836 nonest
807 2781 884 2850 quod
910 2777 1077 2832 diffidemus
1104 2773 1269 2845 loquentiz]
1297 2792 1357 2829 uno

203 2850 285 2907 laeid-
306 2852 349 2905 ed.
368 2859 506 2907 mearet.
527 2858 582 2904 etc.
620 2848 703 2905 idem
725 2851 792 2925 fieri
819 2849 947 2922 postulat
973 2847 1112 2905 ultimum
1137 2846 1243 2917 capitis
1269 2862 1357 2899 voca·

129 2916 136 2927 ’
171 2955 173 2961 .
204 2921 307 2976 bulum
327 2921 533 2978 diuturnitae.“
569 2918 656 2974 Boni.

273 2994 308 3046 In
326 2993 496 3062 cogitatione
515 2989 663 3056 diuturna]
701 2985 803 3062 inepte
821 2988 990 3044 Gebhardns
1008 2984 1111 3040 hicet.
1124 2985 1224 3057 paullo
1242 2995 1309 3055 post
1322 3004 1357 3040 ex

202 3064 354 3134 nonnullis
374 3062 461 3117 Godd.
482 3062 573 3118 edidit
591 3062 709 3116 diurna:
737 3075 804 3116 nam
822 3060 936 3115 Ballinl.
956 3058 1068 3114 Eliens.
1088 3065 1157 3112 tert.
1176 3057 1287 3126 aliique
1306 3074 1357 3112 ve-

205 3153 269 3190 ram
286 3135 441 3188 lectionem
460 3140 585 3188 servant.
622 3133 658 3186 D.

276 3206 333 3260 Sed
349 3208 378 3260 in
406 3207 574 3274 cogitatione
596 3200 736 3267 diuturna]
771 3200 854 3254 Unus
874 3200 925 3254 os.
951 3198 1064 3254 omittit
1086 3197 1125 3252 in.
1143 3198 1197 3250 Ed.
1220 3196 1252 3250 0.
1270 3196 1356 3250 habet

203 3276 369 3344 cognitione,
402 3277 452 3330 sed
476 3278 508 3329 in
534 3291 626 3349 marg.
655 3281 687 3327 ut
710 3271 849 3340 reliquae.
894 3270 1043 3346 Improbat
1068 3270 1139 3322 Ern.
1169 3285 1283 3338 quoque
1308 3285 1356 3321 re-

204 3357 321 3416 ceptum
341 3367 356 3401 a
375 3348 527 3402 Gabhardo
547 3347 657 3408 diurno,
677 3345 754 3413 quod
773 3341 859 3395 habet
878 3343 964 3394 etiam
984 3341 1053 3393 eod.
1073 3340 1171 3392 Guelf.
1197 3341 1258 3392 Nec
1276 3345 1356 3391 certe

202 3419 328 3471 fulcitur
354 3419 546 3487 inscriptione
568 3417 697 3484 antiqua,
725 3431 812 3484 qnam
835 3411 935 3464 laudat
960 3410 1120 3465 Forcellin.
1155 3427 1191 3462 ex
1216 3410 1353 3462 Gruterc.

202 3488 316 3542 Habent
334 3497 432 3542 tamen
452 3489 553 3541 diurna
572 3484 659 3539 Codd.
679 3485 720 3538 Re
743 3527 750 3540 .
770 3482 844 3538 Gnd.
865 3487 888 3537 l.
909 3485 934 3536 ‘i-
954 3480 1037 3533 Vind.
1058 3478 1176 3540 2.·(hic
1194 3487 1260 3548 post
1278 3477 1356 3544 cogi·

203 3560 320 3624 tatione)
339 3559 427 3615 Rehd.
465 3557 556 3622 Unde,
585 3573 650 3608 curn
670 3564 700 3609 ct
722 3556 800 3610 mira
819 3553 848 3606 le
869 3560 948 3605 atur,
963 3553 1065 3605 diurna
1084 3551 1114 3627 in
1134 3549 1354 3613 Gebhardianis,

203 3628 576 3754 ssuf⁸pii¹i¹¹¹⁰⁵2si¹ifflg³
595 3625 671 3748 Ggsd.
695 3625 819 3749 lgAug‘
845 3571 1355 3748 RQ’02¹¹Q⁵“1⁹·‘¹¹²⁸3.l⁰i2{223.¹22¹32⁰

255 3738 262 3752 .
351 3739 403 3753 ..
515 3715 533 3750 a
567 3716 598 3751 in
643 3714 690 3748 u.
731 3711 824 3748 torno·
857 3711 954 3748 susic
986 3711 1004 3745 u
1045 3711 1147 3746 atur.
1341 3718 1354 3730 -

225 3708 419 3837 anduriinesio,
439 3716 520 3822 ἑζίιιιηε
534 3736 643 3821 diurna
660 3714 699 3819 Ξῖ
717 3731 882 3834 corruptior
902 3711 1045 3829 diciturne,
1066 3710 1164 3832 utqpctc
1183 3759 1353 3813 vocabulum

202 3788 399 3910 ffiquentius,
429 3838 641 3909 interpretatio.
679 3836 806 3905 Scripsit
833 3847 929 3890 autem
958 3834 1019 3887 Cic.
1048 3833 1085 3887 ad
1112 3831 1222 3883 Famm.
1249 3830 1297 3883 XI.
1319 3832 1354 3910 βπ

204 3911 270 3964 odio
290 3939 322 3949 -
342 3909 510 3964 diutinae
529 3906 683 3961 servitutis:
721 3906 811 3972 Quam
829 3923 915 3974 saepe
933 3913 1031 3958 eutem
1057 3906 1264 3974 permutentur
1292 3901 1356 3951 den-

203 3983 280 4034 tinns
298 3990 327 4034 et
346 3984 507 4042 diuturnus,
526 3980 561 4032 de
579 3993 613 4031 cc
631 3978 690 4034 rid.
701 3975 846 4031 Drakenb.
866 3977 902 4031 ad
919 3975 981 4031 biv.
1000 3977 1045 4040 28,
1063 3975 1109 4037 24,
1127 3977 1153 4030 b.
1172 3991 1200 4044 p·
1211 3974 1272 4028 886.
1297 3969 1350 4022 Ed.

205 4049 314 4126 stuttg.
351 4051 435 4105 Nihil
454 4057 552 4119 tamen
574 4064 687 4107 moveo.
721 4046 787 4105 Mn.
898 4092 901 4094 .

274 4138 347 4193 Nam
367 4141 398 4193 ci
422 4146 453 4194 et
477 4139 573 4192 eodem
590 4153 638 4191 ree
657 4144 709 4202 ert,
732 4143 761 4195 et
777 4135 854 4188 idem
880 4141 922 4189 act
944 4131 1051 4198 iarun]
1089 4131 1157 4186 Cod-
1183 4131 1258 4186 Gud.
1288 4147 1356 4182 cum

203 4210 277 4264 Edd.
295 4211 328 4263 V.
348 4212 384 4266 Μ.
403 4208 473 4263 nob.
492 4206 592 4279 Steph.
618 4207 691 4287 illel.⁸
703 4213 730 4261 et
747 4205 790 4271 εἰς
818 4209 893 4260 Mon.
913 4203 938 4260 2.
961 4220 1031 4258 eum
1057 4203 1130 4255 End.
1156 4203 1184 4253 P.
1206 4201 1239 4258 A.
1265 4201 1297 4254 B.
1316 4199 1352 4252 E.

204 4282 237 4337 G.
257 4282 289 4338 ln
309 4280 372 4334 Gar.
394 4278 492 4350 Stepb.
511 4281 582 4333 Ven.
603 4286 691 4331 nostr.
711 4277 777 4332 Asc.
798 4281 822 4333 l.
841 4280 869 4334 2·
888 4275 999 4330 sturm
1020 4272 1142 4330 HWoli.
1160 4271 1248 4328 Goth.
1270 4272 1358 4325 omit-

161 4406 166 4411 .
203 4353 244 4406 tit
264 4353 347 4423 priur
374 4357 425 4412 et„
446 4351 528 4402 Prius
552 4346 834 4414 eatqomittit'Gnd.
851 4347 923 4401 'Per
944 4347 968 4397 ‘t
994 4345 1048 4398 Ed.
1076 4346 1156 4397 Junt.
1189 4348 1215 4395 et
1244 4341 1359 4395 eidem

172 4458 186 4483 ›,
202 4419 282 4480 ionia
299 4429 349 4484 eet.
377 4421 584 4477 l'osteriorum
601 4418 758 4490 verborum
773 4418 909 4490 ordinem
966 4416 1037 4471 bent
1064 4415 1153 4474 ctiam
1177 4413 1250 4468 Edd.
1271 4414 1301 4467 Ρ.
1320 4413 1353 4465 Α.
