2842 5070
509 238 641 351 menn
659 286 718 365 Ill,
745 286 775 353 ⁵.
1175 283 1215 351 31

67 455 219 521 Graecis:
243 453 331 538 quod
353 455 425 515 aliis
447 469 574 536 qnoque
593 453 708 514 multis
740 451 822 514 locis
841 452 1049 532 reperietur.
1091 450 1156 512 Sed
1183 447 1218 510 id

66 541 169 605 alias:
194 558 294 612 nunc,
318 536 406 618 quod
427 538 538 598 instat.
581 536 706 598 Totum
719 536 826 620 igitur
846 532 882 596 id
903 531 993 613 quod
1015 536 1219 614 quaerimus,
1239 537 1278 587 ll·

66 621 144 704 quid
168 631 201 683 et
224 622 317 704 quale
339 622 393 696 sit,
407 620 510 682 -vcrhi
531 620 582 679 vis
605 621 679 697 ipsa
708 616 864 682 declarat.
909 616 972 678 Eos
1001 618 1089 676 enim
1121 635 1218 678 sanos

67 706 224 785 quoniam
263 702 407 785 intelligi
439 719 570 762 necesse
609 708 669 777 est,
701 718 843 782 quorum
871 712 963 759 mens
992 684 1109 774 moto?
1125 702 1219 780 quasi

66 788 197 862 morbo,
220 785 412 866 perturbata
434 784 527 845 nullo
549 786 608 864 sit3
629 785 685 866 qui
707 789 825 844 contra
841 782 953 843 affecti
974 787 1063 857 sunt,
1085 778 1145 841 hos
1167 783 1219 840 in-

66 897 192 904 -0——-
861 891 1026 898 ...—.-—--
1038 891 1069 896 „-
1089 889 1219 896 --κ-..-

68 967 129 1020 qne.
167 953 200 1004 ln
219 969 297 1022 seqq.
318 952 384 1006 Cod.
403 952 437 1005 D.
459 960 488 1004 et
505 952 558 1004 Ed.
578 960 635 1004 ret.
655 949 805 1003 Bouhierii
823 949 929 1002 habent
946 954 1044 1002 vocato
1062 949 1219 1014 sunt‚ysive

69 1039 105 1074 ex
126 1022 225 1096 glossa,
251 1025 310 1076 sive
329 1041 365 1076 ex
387 1023 540 1076 literarum
564 1021 764 1074 similitudine.
803 1021 863 1074 Mr.

137 1094 211 1163 qnod
237 1095 306 1147 aliie
332 1111 435 1162 quoque
458 1093 555 1146 multis
584 1093 655 1146 locie
683 1091 857 1161 reperietur]
887 1091 954 1143 Cod.
974 1092 1048 1144 Gud.
1076 1091 1163 1144 habet
1180 1091 1219 1142 in

64 1162 143 1217 aliie.
164 1165 253 1219 Rehd.
272 1165 367 1218 multis
386 1182 496 1235 quoqne.
516 1165 590 1287 Aupi.
611 1164 721 1217 omittit
741 1179 852 1232 quoqne,
872 1162 946 1214 Gud.
967 1160 1043 1230 locis.
1074 1162 1220 1216 Scribitur

64 1234 211 1305 reperitur
230 1236 262 1287 in
280 1237 366 1289 Codd.
387 1237 459 1290 Gud.
480 1241 506 1292 1.
527 1235 567 1301 [se
604 1236 700 1288 eadem
718 1252 817 1285 manus
835 1235 1038 1304 superscripsit
1055 1232 1081 1298 e]
1101 1234 1174 1286 Gud.
1191 1236 1217 1289 2.

64 1306 125 1372 [sed
144 1307 255 1376 duplici
271 1307 299 1373 p]
329 1308 416 1360 lllarb.
436 1307 520 1358 Vind.
540 1309 565 1360 2.
591 1307 662 1359 Edd.
688 1307 720 1356 A.
739 1306 770 1357 Β.
797 1304 825 1357 S.
844 1305 879 1357 Ε.
900 1304 930 1357 C.
958 1305 1022 1357 Asc.
1045 1311 1068 1360 l.
1089 1308 1114 1360 2.
1146 1306 1217 1357 Ven.

64 1387 153 1432 nostr.
174 1379 250 1446 quod
268 1381 385 1431 fortasse
404 1379 530 1446 cuipiam
544 1377 668 1446 placeat,
688 1375 736 1428 sed
754 1376 945 1428 necessarium
961 1393 1018 1428 non
1038 1378 1089 1428 est.
1121 1376 1181 1428 Mr.

137 1447 249 1502 Sedit
272 1449 381 1516 aliem]
417 1450 454 1501 ld
480 1449 619 1502 omittunt
646 1449 701 1500 duo
729 1447 798 1500 Oxx.
825 1454 853 1499 et
879 1446 950 1498 Edd.
971 1446 1004 1499 Α.
1028 1448 1099 1500 Ven.
1127 1455 1216 1500 nostr.

65 1521 119 1571 Pro
138 1519 228 1571 instet
246 1521 334 1573 Rehd.
356 1529 384 1573 et
407 1520 490 1571 Vind.
512 1522 536 1574 2.
566 1525 678 1575 restat·
703 1517 867 1571 Pleniorem
890 1517 976 1570 habes
994 1527 1121 1570 nostram
1138 1518 1219 1570 loeu-

65 1590 177 1643 tionem
195 1592 300 1666 Virgil.
320 1593 420 1665 Eclog.
441 1592 489 1644 lx.
509 1595 557 1646 66:

24 1666 27 1675 '
231 1662 337 1716 Desine
353 1664 448 1730 ploro,
464 1677 545 1729 puer,
565 1667 602 1726 et,
628 1661 702 1730 quod
719 1676 791 1713 nunc
808 1657 904 1724 instet,
925 1674 1051 1727 agenna.

65 1733 131 1784 Post
149 1731 243 1798 igilur
261 1734 337 1785 abest
355 1734 388 1785 id
406 1751 422 1784 a
441 1733 526 1785 Codd.
545 1734 616 1784 Ven'.
633 1736 656 1785 l.
670 1733 695 1784 2.
716 1731 789 1784 Gud.
809 1731 904 1782 Duisb.
943 1734 976 1784 ln
994 1732 1066 1784 Edd.
1085 1731 1116 1783 B.
1135 1731 1215 1784 Jant.
1281 1762 1283 1766 >

66 1803 205 1854 omissum
224 1811 266 1854 est
285 1804 365 1872 quod.
385 1802 429 1854 Ad
446 1821 474 1853 v.
495 1800 560 1869 quid
578 1809 604 1853 et
622 1801 701 1868 quale
719 1803 757 1852 cf.
778 1801 837 1852 Cic.
858 1801 892 1852 de
910 1804 947 1853 N.
961 1802 995 1853 D.
1015 1803 1037 1853 1.
1057 1805 1106 1858 rte
1126 1804 1218 1878 Rogas

67 1890 124 1939 me,
150 1873 235 1940 quid
258 1881 305 1926 eut
332 1873 448 1942 qualit
473 1873 511 1925 eit
537 1873 613 1925 deut.
652 1871 732 1923 Alios
750 1872 827 1922 locos
851 1871 948 1924 laudat
964 1872 1060 1924 Kiihn.
1080 1873 1218 1927 videlicet

66 1942 99 1996 de
118 1945 203 1996 Finn.
224 1947 246 1997 1.
267 1963 291 1996 c.
311 1948 336 1999 9.
358 1955 386 1999 et
405 1949 447 1999 11.
476 1945 557 1997 etad
581 1942 755 1997 sententiam
773 1941 915 1994 formulae
938 1941 1053 1994 adhibet
1070 1943 1217 1996 Bremium

65 2016 101 2067 ad
118 2012 177 2068 cic.
198 2014 232 2067 de
251 2016 337 2068 Finn.
357 2018 395 2069 11.
416 2019 441 2070 3.
461 2034 488 2086 p.
512 2018 571 2070 109.
593 2042 626 2052 -
663 2016 717 2067 Pro
735 2013 781 2065 vie
797 2021 842 2065 est
859 2012 909 2065 eisc
927 2012 959 2064 in
976 2013 1045 2066 God.
1064 2012 1137 2098 Aug.
1174 2015 1219 2066 Ad

65 2087 237 2140 sententiam
255 2087 400 2140 Ciceronis
419 2087 453 2139 de
462 2088 581 2138 Latinae
600 2085 727 2161 linguae,
746 2102 814 2153 prae
830 2085 949 2149 Graeci,
968 2092 1142 2154 praestantia
1157 2085 1216 2139 rid.

65 2157 215 2240 chtuzel.
244 2159 276 2209 in
303 2158 402 2211 Jahnii
419 2155 514 2209 Anall.
535 2157 639 2210 Philol.
667 2166 696 2210 et
713 2155 830 2231 Paedag.
852 2157 929 2211 1832.
949 2157 982 2207 V.
1001 2157 1026 2210 2.
1048 2154 1098 2222 [6.]
1117 2175 1145 2227 p·
1166 2159 1218 2212 138

64 2245 106 2352 it:
124 2228 800 2355 limiti.it..‘¹553ininfleti:
818 2225 1217 2374 militellum:

65 2368 99 2422 de
117 2370 185 2438 Rep.
206 2370 229 2422 Ι.
249 2374 293 2426 te.
330 2371 392 2427 Duo
410 2372 548 2440 postremi
568 2371 627 2423 loci
645 2371 700 2422 sibi
718 2370 847 2423 invicem
864 2369 1074 2422 contradicunt.
1094 2369 1167 2422 Add.
1183 2371 1219 2423 de

65 2440 150 2492 Finn.
172 2441 194 2492 1.
214 2442 239 2494 2.
259 2443 277 2496 4
295 2458 335 2510 sq.
356 2442 390 2494 de
410 2441 455 2494 Or.
476 2443 513 2494 ll.
533 2444 559 2497 5.
581 2444 623 2497 ll.
659 2440 720 2493 Mr.
1117 2459 1124 2467 ·

138 2511 192 2563 lios
210 2511 283 2564 enim
301 2528 384 2566 aanor
402 2512 529 2580 intelligi
547 2527 658 2566 necem
677 2511 740 2578 eet]
776 2513 864 2577 „Non
880 2506 977 2582 placet
994 2510 1069 2562 mihi
1088 2507 1219 2578 qnoniam
1325 2525 1329 2533 ’

65 2590 129 2651 post
145 2597 233 2635 eonor
250 2584 389 2650 additum,
413 2585 542 2653 quamvis
561 2602 623 2637 eam
642 2583 816 2652 scripturam
834 2578 866 2634 in
883 2599 941 2637 uno
959 2596 995 2636 ex
1013 2582 1118 2634 nostris
1136 2599 1219 2651 repe·

65 2652 166 2709 rerim.
194 2655 247 2706 Est
265 2655 344 2706 enim
363 2655 511 2725 implicata
530 2662 559 2707 et
577 2654 920 2707 inconcinna.Praateree
931 2652 1075 2723 particula
1089 2654 1222 2722 qnoniam
1302 2661 1309 2674 ⁴

64 2721 116 2775 hic
135 2725 278 2777 nonsatis
301 2735 366 2796 apta
384 2735 433 2779 aut
452 2725 664 2784 accommodato
681 2724 746 2776 loco
769 2725 862 2795 posita
880 2735 932 2791 est,
952 2734 981 2778 et
999 2723 1119 2776 lectoris
1138 2724 1218 2798 cogi·
1290 2716 1296 2727 '

65 2794 203 2847 tationem
222 2805 352 2848 moratur
369 2814 401 2849 ac
419 2795 546 2848 turbat.“
582 2795 742 2848 Lambinus.
1256 2856 1259 2863 ι

139 2865 195 2918 Eos
214 2867 287 2920 enim
305 2884 389 2920 sanor
407 2865 551 2934 intelligi]
589 2867 718 2932 „illelius
738 2861 850 2938 Gryph.
877 2865 1040 2937 interponit
1058 2864 1221 2935 quoniam.“

64 2932 147 2986 Brut.
185 2937 388 3006 „Recepissem
413 2951 502 3009 paene
529 2947 595 2990 ante
622 2935 749 3004 intelligi
770 2938 801 2990 τὸ
821 2936 960 3007 qnoniam,
982 2937 1171 3006 conspicuum
1190 2937 1221 2988 in

64 3004 138 3056 Pali.
158 3023 213 3058 sec.
233 3005 301 3058 tert.
322 3017 415 3075 quart.
436 3009 526 3060 Vatic.
546 3009 571 3059 si
587 3025 631 3078 pr.
654 3009 748 3078 quint.
769 3009 840 3062 item
854 3010 929 3062 Vict.
950 3009 1018 3062 edit.
1038 3006 1220 3061 addixissent.

66 3074 300 3200 Quoni‘ainGvbe'po
326 3095 388 3130 cam
413 3079 505 3148 ipsam
528 3077 660 3130 exturbat
684 3078 781 3130 Lamb.
809 3079 975 3133 destitutam
999 3095 1056 3131 esse
1083 3073 1158 3148 passi
1175 3096 1222 3130 eu·
1275 3119 1279 3126 .

64 3163 139 3197 mus.
229 3163 242 3198 e
280 3186 286 3198 .

138 3211 278 3283 Quoniam
301 3216 430 3286 intelligi
455 3233 565 3271 necesse
592 3212 652 3283 eet]
689 3218 733 3270 lta
760 3227 839 3270 recte
863 3217 1026 3289 Gryphian.
1055 3219 1124 3294 Reg.
1149 3217 1219 3289 pall.

64 3295 134 3353 tres,
154 3294 183 3343 et
201 3286 292 3341 Vatic.
312 3289 407 3364 Vulgo
425 3290 552 3372 primam
570 3305 670 3342 vocem
694 3289 842 3342 reiiciunt.
881 3289 917 3342 D.
1211 3303 1213 3308 ·

137 3375 219 3414 renos
237 3358 346 3430 quoni
352 3376 403 3412 nm
420 3359 548 3429 intelligi
553 3359 564 3425 ]
589 3360 745 3427 „Quoniam
764 3360 849 3414 habet
867 3378 933 3413 eum
951 3362 1020 3438 Reg.
1041 3361 1128 3415 etiam
1146 3379 1220 3415 unus

65 3429 145 3482 Leid.
173 3432 303 3501 Utraque
322 3432 409 3484 lectio
427 3449 517 3516 aeque
535 3431 615 3491 bona.
643 3432 697 3485 Sed
715 3432 874 3502 repetitum
892 3449 1000 3487 necesse
1019 3440 1060 3486 eet
1075 3430 1218 3504 displicet,
1329 3474 1337 3488 .

65 3519 120 3553 nec
137 3501 254 3554 videtur
272 3520 329 3556 esse
349 3497 634 3556 ciceroms.“130nl.
670 3500 829 3569 „Quoniam
852 3521 867 3556 e
888 3502 966 3558 Mss.
995 3504 1124 3559 additum
1143 3514 1185 3558 est
1203 3523 1219 3556 a

65 3571 193 3625 Davisio:
223 3581 308 3642 atque
333 3573 362 3626 id
386 3592 476 3627 nexus
501 3574 640 3628 orationis
663 3574 799 3643 requirit,
829 3583 928 3644 estque
952 3575 1041 3627 etiam
1064 3572 1096 3625 in
1119 3572 1216 3627 Guelf.

65 3643 114 3695 sed
131 3660 184 3713 pro
204 3643 334 3711 intelligi
352 3661 461 3698 necesse
480 3651 522 3697 est
541 3647 659 3698 fortasse
679 3645 833 3721 legendum
855 3641 1056 3712 intelligimus:
1085 3662 1151 3696 nam
1169 3660 1219 3696 ne-

65 3729 142 3767 eesse
161 3720 202 3767 eet
219 3713 256 3767 ad
274 3716 488 3770 conclusionem
507 3719 536 3767 et
545 3730 719 3785 consequens
737 3716 874 3786 pertinet,
893 3713 968 3769 unde
983 3713 1041 3768 huc
1058 3716 1218 3785 repetitum

64 3785 213 3837 videtur.“
232 3785 298 3839 Ern.
336 3788 438 3840 Probat
456 3796 604 3856 receptum
625 3785 757 3856 qnoniam
781 3786 867 3839 etiam
885 3787 997 3857 Wopk.
1020 3802 1050 3857 p.
1073 3789 1123 3841 143
1147 3785 1218 3852 [202

66 3856 110 3909 ed.
130 3854 233 3922 Hand]
254 3856 308 3910 Sed
327 3858 404 3911 idem
422 3858 539 3929 scripsit
557 3857 769 3926 intelligere
793 3859 975 3911 nocentem
1002 3859 1122 3910 fortasse
1141 3857 1218 3910 invi-

63 3935 136 3978 tus..
156 3928 230 3981 Rece
253 3927 263 3979 i
289 3929 420 3999 qnoniam
443 3944 479 3981 ex
508 3928 593 3982 Codd.
621 3928 661 3982 lle
684 3968 690 3980 .
722 3925 795 3981 Gud.
824 3933 849 3982 l.
878 3929 903 3983 2.
932 3927 1007 4000 Aug.
1034 3926 1122 3980 lilarb.
1142 3925 1216 3981 Gud.

63 3996 161 4050 Dnislt.
186 3998 240 4051 duo
260 4017 292 4051 us
317 4000 387 4052 Oxx.
416 4000 499 4051 Vind.
521 4002 545 4054 1.
576 4000 647 4052 Edd.
663 3945 742 4051 diae.
768 4000 840 4052 Ern.
859 3997 1004 4054 FAWolf.
1025 4014 1100 4051 rece.
1137 4000 1218 4052 Unus

64 4068 116 4122 ox.
136 4068 197 4122 eius
216 4069 280 4123 loeo
298 4069 385 4122 habet
402 4068 524 4138 quidem,
552 4070 624 4122 alius
643 4067 785 4140 quomodo,
805 4068 894 4123 Rehd.
915 4070 1042 4140 qnando.-
1072 4071 1217 4122 erroribus

64 4141 272 4210 ecompendio
297 4141 376 4193 ortis.
415 4141 475 4192 Mr.
970 4144 972 4148 ’

137 4222 254 4285 qnorum
271 4227 350 4265 ment
367 4216 443 4263 motu
463 4208 545 4277 onan
562 4208 656 4264 morbo
694 4209 839 4265 erlerdctn
863 4210 939 4264 nullo
957 4210 1032 4280 eil3]
1070 4208 1157 4278 „Non
1174 4217 1218 4264 te-

63 4283 223 4337 merarium
241 4293 291 4349 est,
312 4280 387 4353 quod
404 4280 454 4333 hie
473 4279 621 4333 demutent
638 4227 707 4334 tall.
727 4298 782 4336 sec.
808 4288 875 4335 tert.
923 4292 997 4335 nart.
1025 4284 1124 4335 nella
1147 4279 1217 4335 eit.“

64 4350 147 4406 cett.
185 4351 276 4408 Habes
295 4355 424 4424 ineptam
448 4349 562 4422 ineptae
581 4352 746 4423 scriptionis
771 4300 1056 4406 commendationem.
1094 4355 1169 4404 Mon.
1191 4352 1215 4404 1.
1250 4409 1251 4412 ,

63 4424 151 4479 habet
169 4433 244 4478 metu
272 4441 325 4496 pro
349 4428 434 4492 mola,
459 4441 532 4479 unus
551 4419 847 4492 (imperturbatio
870 4439 924 4494 pro
941 4423 1114 4493 perturbate.
1152 4423 1217 4473 Pra-
