2842 5070
187 312 251 379 aa
386 305 616 371 caenosus
639 304 887 372 rosunum.
910 268 1142 373 nrsrurur.

79 480 93 500 ⁸
188 477 332 540 maxime
354 483 465 540 autern
484 453 726 550 admonendus,
750 482 897 556 quantus·
914 473 959 534 eit
978 475 1076 534 furor
1096 471 1235 537 amoris.
1256 473 1358 537 'Ome

188 561 287 621 nibus
310 561 400 620 enim
422 579 463 621 ex
483 560 588 619 animi
609 556 919 638 perturbationibus
935 563 985 616 est
1005 559 1156 636 profecto
1177 555 1275 616 nulla
1296 576 1356 619 ve-

188 641 397 703 hementior:
432 651 482 716 ut,
510 642 539 700 si
560 643 626 700 iarn
648 641 719 718 ipse
740 639 800 703 illa
821 656 978 699 accusare
999 639 1097 714 nolis,
1132 647 1253 719 stupra
1276 637 1355 701 dico

190 731 226 786 et
246 723 456 803 corruptelas
470 731 503 783 et
519 721 695 797 adulteria,
718 722 845 782 incesta
865 719 1016 801 denique,
1040 739 1183 800 quornm
1198 723 1355 784 omnium

190 807 384 868 accusabilis
408 813 457 868 est
485 803 679 886 turpitudo:
712 802 770 873 sed
796 803 937 864 ethaeo
958 804 1101 878 omittas,
1135 803 1355 885 perturbatio

265 975 408 1042 Tanquam
425 974 505 1032 clauo
523 971 641 1037 clavam]
661 972 856 1041 Hieronymus
875 971 910 1023 ad
926 971 1077 1024 Rusticum
1094 987 1159 1042 pag.
1179 972 1224 1027 39.
1254 969 1356 1026 Paito-

191 1044 272 1114 eopbi
289 1044 394 1097 saeculi
411 1046 499 1098 solent
518 1060 640 1096 amorem
663 1050 782 1095 veterem
806 1057 899 1095 amore
921 1057 1000 1108 aevo,
1031 1043 1113 1109 quasi
1135 1042 1246 1097 clavum
1264 1044 1355 1110 clavo,

191 1117 337 1185 erpellere.
375 1116 484 1167 Notum
505 1115 691 1184 proverbium
738 1135 740 1138 ·
945 1175 947 1178 y

352 1181 425 1250 Ἦλῳ
444 1187 493 1239 τὸν
510 1180 587 1252 ἧλον,
606 1184 732 1250 παττάλῳ
756 1180 806 1238 τὸν
828 1183 978 1239 πάτταλον.
1331 1246 1335 1255 Ι
1367 1230 1372 1234 .

189 1257 263 1309 Vide
287 1255 434 1308 Pollucem
458 1257 508 1312 lib.
535 1257 585 1308 lx,
610 1274 671 1326 cap.
697 1256 761 1321 Vll,
789 1258 849 1310 12⁰.
887 1255 1005 1308 Suidam
1030 1255 1062 1307 in
1075 1256 1159 1323 Ἣλῳ,
1188 1255 1354 1309 Lucienum

189 1327 274 1448 Alpol.
302 1344 355 1395 pro
367 1343 467 1450 lquere.
493 1327 574 1380 cond.
602 1345 666 1402 pag.
692 1329 754 1383 489.
784 1343 838 1396 pro
862 1327 942 1400 lapso
969 1327 1048 1379 inter
1076 1327 1167 1380 Salut.
1196 1345 1265 1400 pag.
1290 1331 1352 1386 499,

190 1398 262 1451 a‘os
284 1407 329 1450 ue.
397 1436 403 1448 .

188 1453 217 1467 '⁸
262 1415 396 1538 inaquam
414 1469 493 1521 clavo
511 1467 641 1538 clavam]
661 1467 728 1520 (iod.
749 1467 824 1520 Gud.
844 1469 1059 1533 clarummane,
1077 1485 1153 1519 unus
1166 1466 1217 1520 Ox.
1240 1467 1355 1520 omittit

146 1553 151 1560 ·
190 1539 307 1594 clavom.
352 1539 497 1592 Scribitur
527 1540 646 1608 antiqno
673 1555 754 1592 more
785 1538 940 1592 eiciendum
967 1539 999 1590 in
1025 1539 1111 1592 Godd.
1137 1537 1235 1590 Duisb.
1262 1538 1352 1593 blarb.

27 1674 31 1683 .
94 1660 97 1667 ,
191 1609 266 1680 Gud.
288 1615 311 1665 1.
332 1612 357 1664 2.
378 1613 454 1666 blon.
476 1614 500 1665 l.
538 1609 625 1662 Abest
651 1609 706 1661 boc
729 1609 849 1661 verbum
876 1629 892 1661 a
918 1608 985 1664 God.
1006 1608 1079 1682 Aug.
1117 1608 1247 1663 lnGud.
1271 1613 1295 1662 1.
1325 1617 1354 1661 et

102 1686 105 1691 ’
190 1680 265 1752 Aug.
290 1688 333 1735 est
357 1682 435 1734 davo
460 1681 582 1734 davum.
608 1681 674 1732 Cod.
703 1679 792 1732 Rebd.
818 1679 904 1747 habet
932 1680 1092 1744 eruendum,
1125 1678 1203 1749 quod
1235 1679 1355 1731 videtur

190 1750 363 1803 correctoris
387 1750 436 1802 vel
460 1751 633 1824 glossatoris.
671 1751 725 1803 Pro
750 1757 840 1816 uatem
862 1768 936 1802 unus
961 1751 1011 1802 Ox.
1037 1749 1125 1802 habet
1150 1765 1227 1805 ocra.
1267 1749 1355 1802 Abest

191 1838 224 1883 ea
241 1836 299 1872 vox
317 1839 332 1871 a
351 1821 418 1873 Cod.
439 1821 524 1885 Gud.,
543 1821 574 1873 in
593 1838 649 1892 quo
667 1821 895 1894 statimlegitur
918 1821 1150 1885 admonendam,
1177 1821 1209 1872 in
1228 1823 1306 1873 Mon.
1326 1824 1352 1876 1:

191 1893 408 1946 adorooendua.
447 1891 507 1944 Mr.
563 1950 566 1955 ,
703 1960 709 1972 1

190 1963 576 2084 aettdtztattttb
593 1963 884 2084 ...ididiae
907 1961 1165 2101 {tzitta}
1176 1963 1355 2102 diiii}

190 2107 378 2173 perrecturus
394 2103 572 2171 perturbatio
590 2105 655 2170 ipsa
675 2109 717 2144 -'
728 2133 759 2144 -
777 2103 861 2165 foeda
878 2118 929 2169 per
947 2117 977 2154 ee
995 2102 1043 2154 sit.
1082 2103 1174 2156 Habes
1198 2101 1354 2155 ἀνακόλου-

191 2178 255 2236 θον,
276 2174 410 2226 Ciceroni
427 2173 503 2226 haud
521 2174 705 2242 infrequens:
724 2173 797 2224 Vide
815 2173 920 2224 similia
940 2173 1062 2225 collecta
1080 2173 1155 2244 apud
1166 2173 1199 2226 A.
1212 2172 1353 2242 Matthiae

141 2258 142 2262 ’
193 2244 226 2307 in
243 2244 344 2296 libello
364 2244 398 2296 de
416 2243 604 2296 Anacoluthis
617 2243 705 2312 apud
728 2243 786 2296 cic.
812 2241 859 2308 (in
876 2244 984 2298 Wolfii
999 2240 1151 2296 =Analectis
1170 2244 1240 2309 111.)
1260 2245 1356 2297 Gern·
1399 2256 1402 2260 ·

191 2313 274 2367 hard.
299 2315 420 2367 Excurs.
445 2315 480 2365 ad
504 2314 562 2366 Cic.
589 2315 623 2365 de
642 2312 694 2366 Off.
721 2314 756 2366 de
778 2313 978 2378 Anacoluthis;
1007 2315 1102 2368 Otton.
1123 2315 1158 2367 de
1175 2313 1353 2376 Anacoluth.

192 2402 237 2454 ap.
259 2385 318 2448 Cic.
344 2385 378 2435 ad
402 2383 436 2436 de
454 2383 539 2435 Finn.
559 2402 588 2454 p.
608 2386 670 2440 394.
695 2385 747 2452 qui
769 2385 860 2436 addit:
892 2384 982 2436 Possis
1008 2393 1106 2437 tamen
1131 2386 1219 2438 etiam
1241 2390 1274 2438 ut
1297 2401 1354 2455 pro

192 2455 275 2520 velut,
295 2472 373 2506 zum
391 2454 568 2524 Beispiel‚
588 2454 726 2524 accipere.
745 2455 808 2508 vid.
828 2455 980 2507 Fritzsche
997 2454 1125 2525 Coniect.
1153 2456 1186 2507 in
1202 2456 1242 2508 N.
1266 2455 1303 2508 Τ.
1323 2473 1354 2526 p.

192 2528 236 2580 21.
258 2533 330 2576 extr.
351 2525 472 2599 Madvig.
493 2525 631 2578 Emendd.
652 2527 684 2575 in
703 2525 761 2576 Cic.
780 2525 848 2578 libb.
871 2526 978 2596 philos.
998 2527 1020 2578 1.
1045 2543 1074 2595 p.
1096 2528 1155 2582 193.
1175 2544 1238 2596 sqq.
1266 2525 1356 2579 Oche-

191 2613 255 2649 ner.
277 2605 305 2647 et
324 2596 489 2667 Hottinger.
510 2597 545 2647 ad
561 2596 621 2648 Cic.
640 2596 760 2667 Eclogg-
781 2613 809 2665 p·
819 2599 863 2652 51.
884 2597 944 2651 105.
965 2604 995 2648 et
1011 2598 1072 2652 458.
1092 2614 1133 2666 sq.
1160 2597 1356 2650 Locutionem

193 2666 220 2722 ai
238 2668 306 2732 iam,
334 2682 388 2736 pro
407 2668 587 2718 consuetiore
607 2665 729 2727 etiamsi,
749 2667 834 2717 habes
853 2667 939 2718 etiam
958 2683 1043 2736 supra
1062 2667 1109 2719 lV.
1129 2669 1172 2722 31.
1199 2667 1235 2719 de
1253 2667 1354 2720 nivini

192 2739 294 2790 1141.
323 2737 477 2805 utrobique
495 2737 683 2805 praecedente
701 2743 745 2800 αἱς
781 2737 815 2788 ad
838 2735 898 2789 Att.
918 2738 950 2786 V.
971 2739 998 2792 4,
1024 2752 1094 2806 quos
1118 2738 1197 2791 locos
1222 2738 1356 2790 laudavit

136 2838 138 2843 ·
194 2807 296 2860 Ochsn.
316 2807 336 2871 1.
357 2825 383 2859 c.
422 2807 557 2871 Ordinem
574 2825 642 2860 vere
662 2807 883 2859 ciceronianum
899 2806 962 2874 ipsa
980 2807 1033 2860 ata
1051 2817 1151 2860 contra
1168 2808 1307 2860 Beierum
1326 2817 1355 2862 et

193 2877 348 2933 nonnullos
376 2877 462 2928 codd.
490 2877 619 2930 defendit
651 2877 784 2943 Orellius‚
818 2885 1087 2946 cumquetuentur
1112 2879 1200 2931 Codd.
1230 2879 1308 2931 Gud.
1328 2884 1353 2935 1.

184 2944 240 3000 'Au
263 2991 269 3003 .
289 2947 372 2999 Viuda
392 2951 418 3003 2.
445 2947 542 2998 Duisb.
568 2951 644 3000 blon.
664 2952 689 3003 2.
722 2950 790 3002 Oxx.
819 2949 876 3000 nisi
895 2949 971 3018 quod
994 2967 1068 3000 unus
1086 2949 1197 3002 omittit
1216 2950 1280 3006 illa.
1321 2951 1356 3003 ln

195 2966 269 3074 cui.
289 3023 326 3082 2.,
357 3018 439 3070 oculo
464 3019 572 3072 scribae
599 3019 757 3084 aberrante,
789 3037 805 3070 a
823 3036 850 3070 v.
876 3017 942 3087 ipsa
960 3019 1102 3088 usquead
1120 3038 1147 3072 v.
1166 3021 1357 3088 perturbatio,

195 3108 282 3160 quam
305 3089 436 3158 sequitur
464 3091 622 3159 repetitum
650 3088 721 3157 ipsa,
757 3091 854 3143 omnia
882 3089 1076 3162 exciderunt.¹
1102 3093 1191 3150 Mon„
1206 3095 1232 3145 1.
1251 3090 1356 3144 'habet

144 3217 152 3224 ,
193 3159 318 3221 nolueris
344 3177 397 3228 pro
411 3160 502 3227 ¹aclis.
540 3161 583 3213 Ad
605 3179 633 3210 v.
660 3161 832 3227 corruptelas
850 3159 952 3214 Ochsn.
972 3161 1069 3213 laudat
1092 3160 1127 3212 de
1145 3161 1245 3213 Divin.
1264 3163 1288 3216 1.
1309 3164 1355 3218 53.

194 3231 381 3306 corruptelam
400 3237 427 3282 et
446 3231 617 3283 adulterium
636 3229 720 3282 domi.
759 3233 833 3283 Item
856 3230 890 3282 de
908 3231 1058 3300 voluptate
1083 3232 1206 3300 ponitur
1224 3233 1273 3292 Or.
1294 3232 1355 3285 Cat.

194 3293 217 3355 Ῐ.
238 3305 263 3357 θ.
289 3304 370 3364 Verr.
396 3302 436 3358 11.
462 3303 487 3355 2.
514 3303 558 3356 54.
584 3301 651 3354 eod.
678 3300 750 3354 Gud.
778 3301 889 3354 omittit
913 3318 1032 3370 sequens
1052 3307 1085 3354 et.
1121 3304 1198 3357 aton.
1220 3302 1357 3356 l.'habet

195 3374 337 3434 adaoltera.
366 3371 465 3443 Pergit
483 3389 557 3422 unus
576 3372 625 3425 Ox.
646 3372 819 3441 incestaque
838 3387 956 3438 qaorum.
985 3372 1161 3424 Vocabulum
1180 3373 1357 3426 accusabilis

195 3451 239 3503 est
257 3443 332 3500 ἅπαξ
351 3436 508 3509 λεγόμενον,
528 3442 691 3514 significans
710 3459 767 3494 non
786 3441 937 3512 culpabilis
956 3441 1006 3506 (sit
1023 3442 1108 3494 venia
1129 3442 1231 3507 verbo)
1250 3444 1356 3508 solum,

195 3513 244 3582 sed
272 3513 348 3583 quod
374 3513 409 3564 ad
432 3512 572 3564 iudicium
598 3513 696 3566 vocari
724 3515 828 3584 potest.
870 3511 966 3566 Duisb.
996 3511 1083 3566 habet
1109 3519 1149 3566 eat
1175 3515 1355 3580 recantata,

195 3601 268 3636 unus
288 3585 338 3636 Ox.
365 3583 476 3635 omittit
500 3588 550 3635 est.
588 3583 647 3635 Me.
1038 3587 1046 3611 s

200 3719 203 3723 .
268 3655 318 3708 aad
335 3661 364 3708 at
380 3652 447 3706 baec
465 3650 598 3717 omittas]
619 3653 696 3719 =‚,Sic
715 3652 805 3706 edidit
823 3654 978 3718 Victorius,
997 3653 1045 3704 cui
1063 3652 1268 3719 adsentiuntur
1284 3654 1355 3706 Pal.

183 3766 185 3769 .
216 3727 325 3795 uinque
344 3742 376 3776 ac
390 3723 471 3776 Fabr.
500 3724 535 3774 In
548 3724 674 3775 Vatican.
694 3732 806 3777 tamen:
825 3731 856 3776 at
874 3722 1127 3786 baec-comitae,
1145 3721 1359 3791 perturbatio.“

123 3815 127 3820 ·
196 3743 280 3850 gebi.
318 3794 441 3866 Legitur
468 3793 631 3862 emittamus
653 3794 685 3846 in
702 3794 773 3846 Edd.
793 3794 826 3846 A.
845 3795 876 3846 B.
896 3794 924 3847 S.
944 3795 978 3846 Ε.
999 3795 1029 3848 O.
1050 3793 1098 3858 [in'
1113 3811 1177 3846 mar
1199 3836 1206 3849 .
1226 3789 1357 3862 omittas]

185 3869 235 3927 llll.
255 3868 287 3917 1..
307 3866 376 3934 Ven.
397 3870 485 3931 nostr.
506 3864 586 3915 Junt.
607 3861 670 3915 Aso.
687 3867 714 3928 l·
737 3867 763 3925 2.
792 3862 855 3916 Ald.
875 3865 956 3916 Boul.
975 3864 1057 3934 sylb.
1077 3865 1160 3916 Brut.
1226 3865 1268 3917 th.
1292 3866 1358 3919 Car.

187 3932 298 4005 steph.
323 3935 420 3986 Herw.
442 3926 528 3985 Godd.
548 3932 625 3990 MSS:
649 3934 696 3985 sin
718 3935 838 3986 ularem‘
855 3935 962 3988 habent
986 3952 1148 3988 numerum.
1187 3934 1358 3991 Proximum

196 4006 265 4129 ‘at
281 4003 582 4143 ³lttb³dtdad¹tt
608 3951 1269 4145 1111013111·λὶλλλλῗλλλλ..
1288 4009 1360 4132 ἕλ’..

216 4131 218 4139 ,
250 4113 274 4136 ,·
423 4121 425 4125 ⁴
584 4113 590 4126 ·
868 4115 874 4127 ·
983 4137 987 4145 ,
1154 4113 1165 4146 ιτ

197 4140 302 4210 tatis,
322 4146 403 4213 quasi
420 4146 607 4216 praecesserit
624 4151 755 4216 quantam
771 4163 824 4216 pro
843 4162 931 4212 quam
958 4149 1065 4199 Vocem
1082 4146 1239 4201 mediocria
1255 4147 1293 4200 de
1312 4149 1359 4214 iis,

197 4235 271 4341 quae
295 4213 411 4268 modum
439 4232 498 4267 non
524 4217 674 4283 excedunt,
703 4216 799 4288 posuit
826 4225 924 4270 noster
949 4218 1038 4269 etiam
1061 4234 1146 4340 supin:
1170 4217 1227 4272 111.
1249 4220 1295 4273 1⁰.
1314 4220 1359 4274 22·

214 4296 263 4342 ‚ost
285 4284 323 4345 b.¹
335 4304 364 4338 v.
385 4285 421 4354 ¹in
438 4303 509 4340 uno
522 4287 572 4353 On.
592 4295 753 4357 sequuntur
771 4287 858 4339 verba
878 4287 1077 4341 Terentinam
1120 4286 1241 4354 aaucbo‚'
1263 4291 1360 4343 marii-

157 4354 270 4417 '''festo
293 4381 295 4384 ⁴
316 4355 475 4411 lossemate.
519 4357 579 4422 llis,
610 4374 687 4426 quae
705 4365 876 4426 seqosmtur,
905 4357 937 4408 in
961 4358 1014 4410 ille
1041 4357 1174 4412 Terentii
1199 4359 1360 4425 Comoedia

198 4373 341 4488 antecedit
358 4426 429 4480 haec
447 4427 630 4486 Parmenonis
647 4428 724 4480 serui
741 4427 867 4506 prudens
885 4427 1039 4487 sententia:
1307 4462 1313 4469 -
