2842 5070
201 284 263 351 132
303 228 307 247 ¹
399 269 628 348 crosnonn
650 244 897 349 enacmin.
921 280 1152 348 ossrcrir.
1199 347 1202 352 ,

201 453 322 524 tusque
344 442 443 520 liber,
465 443 524 522 qui
544 449 596 504 est
615 440 658 504 de
677 461 806 504 summo
826 442 925 519 bono,
947 445 1093 505 refertus
1114 451 1163 505 est
1183 449 1218 504 ct
1237 442 1353 507 verbis

136 525 179 581 43.
202 535 236 588 et
256 525 428 586 sententiis
450 524 584 585 talibus.
628 522 680 585 Ad
702 524 861 587 hanccine
882 525 990 608 igitur
1010 526 1114 586 vitam
1136 524 1353 606 Telamonem

145 612 149 619 '
201 609 297 668 illum
318 604 502 681 revocabis,
526 612 566 665 nt
585 607 674 667 leves
696 604 959 692 aegritudinem?
982 616 1026 682 et,
1049 609 1078 667 si
1099 626 1195 688 quem
1215 616 1354 668 tuorum

194 690 366 750 'afflictum
392 705 546 748 macrore
581 685 719 764 videris,
752 688 831 749 hnic
862 688 1086 770 acipenserem
1113 690 1225 768 potins
1253 707 1353 770 qnam

201 772 343 855 aliquem
366 768 576 831 Socraticum
606 770 757 838 libellum
785 769 899 832 dabis?
932 768 1085 849 hydrauli
1111 770 1290 831 hortabere
1314 778 1354 832 nt

202 937 265 989 dem
289 934 455 989 sententiam
478 934 554 989 dicta
580 940 652 1004 sant.
689 936 725 988 In
754 952 834 1007 seqq.
859 934 927 989 (lod.
947 933 1037 989 Rsbd.
1063 934 1176 989 omittit
1200 935 1287 990 verba
1306 936 1354 1006 qni

202 1012 253 1073 est,
272 1022 483 1075 supervacanea
509 1005 632 1059 scilicet.
668 1008 729 1060 Mr.

272 1077 393 1142 refertas
409 1084 433 1128 et
450 1078 542 1130 verbis
560 1082 587 1128 et
604 1076 750 1129 sententiis
775 1074 905 1142 tatiana]
942 1076 1009 1141 „Ita
1027 1075 1156 1146 quinqua
1172 1072 1247 1129 Pall.
1265 1073 1350 1129 Febr.

200 1147 293 1199 Vatis.
329 1146 564 1246 Vulporeiertus
582 1153 609 1200 et
632 1153 714 1200 sent.
734 1152 768 1200 et
789 1148 878 1205 verb.
899 1146 1004 1200 talibus
1025 1152 1089 1203 est.
1125 1145 1212 1199 Delet
1228 1147 1352 1217 'quoquc

202 1224 244 1269 est
260 1216 384 1272 Victor.‘
432 1216 513 1269 Gella.
770 1225 776 1231 '
1006 1269 1008 1272 ,
1405 1280 1408 1284 Α

271 1286 402 1350 Refertae
420 1295 449 1340 et
465 1288 556 1341 verbis
574 1292 601 1338 et
618 1285 761 1340 sententiis
778 1284 894 1351 talibas]
920 1283 996 1340 Bene
1014 1286 1132 1357 quidem
1150 1285 1261 1340 Eliens.
1281 1293 1351 1340 tert.

201 1358 324 1422 refertae
341 1364 385 1409 est
403 1364 429 1408 et
446 1358 546 1412 verbis.
583 1358 682 1409 Malim
709 1366 806 1410 tamen
829 1359 951 1422 referias
973 1364 1017 1409 est
1041 1356 1135 1409 verbis
1160 1363 1187 1407 et
1210 1358 1354 1410 sententiis

202 1427 313 1490 talibas,
332 1434 366 1478 ut
384 1427 508 1496 reliquis
526 1427 610 1481 libris
628 1427 795 1480 accedamus
814 1424 901 1497 quam
918 1427 1060 1497 proxime.
1096 1426 1133 1479 D.
1229 1467 1232 1472 .

273 1498 393 1561 refertas
410 1505 462 1549 est
480 1503 513 1550 et
530 1498 621 1551 verbis
637 1506 664 1551 et
680 1499 820 1552 sententiis
837 1498 948 1563 talibas]
967 1495 1041 1548 Mihi
1060 1494 1177 1564 quidem
1195 1501 1236 1548 est
1253 1493 1353 1550 abesse

202 1583 261 1620 non
285 1582 371 1637 posse
397 1567 550 1621 videbatur
579 1585 646 1620 cum
669 1566 739 1622 Dav.
768 1575 797 1621 et
823 1567 916 1619 Bouh.
958 1567 1050 1637 Quare
1074 1566 1173 1636 recepi
1200 1583 1237 1619 ex
1264 1563 1352 1619 Godd.
1375 1614 1379 1621 ,

194 1637 311 1692 Elisus.
332 1645 401 1689 tert.
426 1637 518 1691 llehd.
542 1636 641 1691 Duisb.
667 1639 788 1698 111662.
830 1637 932 1707 Neque
960 1635 1309 1690 eliciendumvidebatnr
1327 1642 1353 1690 el

203 1717 270 1762 ante
288 1707 389 1772 verbis,
409 1709 487 1778 quod
504 1706 611 1761 habent
636 1716 666 1761 et
683 1709 788 1778 optimi
811 1715 841 1760 et
856 1707 993 1776 plurimi,
1021 1707 1277 1777 quodquexipsum
1293 1707 1354 1761 tuit

60 1813 64 1826 .
190 1795 297 1847 causa,
316 1793 369 1829 cur
388 1778 419 1829 in
435 1779 586 1848 plerisque
605 1777 751 1832 excideret
768 1783 816 1830 est.
854 1777 916 1830 Hoc
938 1791 1009 1831 vero
1036 1778 1156 1831 verbum
1178 1778 1210 1828 in
1226 1778 1286 1830 fine
1303 1794 1353 1847 pe·

91 1860 94 1868 '
119 1874 120 1877 ¹
203 1847 289 1914 riodi,
360 1864 492 1918 amquam
517 1848 624 1901 babent
647 1848 720 1902 Edd.
745 1848 774 1901 P.
804 1846 836 1901 A.
856 1848 887 1899 Β.
913 1846 944 1900 C.
964 1848 1001 1902 M.
1020 1849 1052 1902 1..
1073 1846 1101 1900 S.
1120 1848 1155 1902 E.
1183 1853 1353 1916 nostraeque

203 1925 269 1969 ante
288 1918 331 1971 Ge
349 1918 391 1983 ln,
412 1927 532 1988 excepta
549 1918 619 1991 nob.
640 1918 689 1973 Ste
710 1916 751 1984 h,
776 1934 886 1985 omnes,
910 1933 969 1971 non
986 1916 1091 1985 placet.
1119 1917 1271 1971 Sententiis
1288 1923 1354 1972 ante

201 1986 295 2041 verbis
309 1996 424 2057 ponunt
450 1989 522 2042 item
547 1996 651 2042 contre
676 1990 700 2041 li
719 2004 766 2041 ros
792 1987 866 2041 Edd.
886 1996 953 2040 anto
973 1986 1065 2040 Gebh.
1084 1989 1147 2040 fere
1163 2003 1276 2054 omnes,
1304 2004 1354 2041 ex·

205 2059 297 2128 ceptis
314 2056 342 2109 S.
361 2059 396 2112 11.
416 2058 541 2114 HWolf.
568 2059 697 2125 Reserim
713 2058 804 2112 verbis
824 2056 911 2111 habet
929 2057 1024 2132 Aug.;
1057 2059 1178 2124 refertas
1194 2064 1232 2110 est
1249 2055 1353 2111 talibas

113 2134 115 2141 '
205 2136 231 2182 et
248 2129 339 2182 verbis
356 2135 382 2181 et
404 2128 553 2182 sententiis.
590 2130 651 2182 Mr.

239 2201 242 2204 '
275 2198 324 2251 Aa
348 2196 487 2252 hanccine
513 2198 605 2264 igitar
629 2201 715 2252 citam
740 2198 814 2264 etc]
853 2198 920 2252 cod.
950 2199 1023 2252 Gud.
1044 2203 1068 2253 l.
1095 2194 1233 2252 lancisae.
1278 2197 1355 2265 Tum

204 2267 304 2321 Duisb.
330 2268 471 2322 revocabis
494 2267 583 2320 illam.
621 2268 666 2322 Ad
691 2267 851 2322 dictionem
877 2270 915 2321 cf.
941 2269 1000 2321 Cic.
1026 2269 1062 2323 ds
1087 2268 1141 2320 off.
1166 2269 1219 2322 Ml.
1246 2270 1290 2325 21.
1310 2271 1354 2324 84.

87 2346 96 2355 “
204 2339 343 2391 rationem
366 2339 404 2391 ad
427 2340 572 2391 acritatem
596 2355 734 2392 revocare.
778 2339 821 2392 De
845 2338 911 2394 niv.
931 2339 968 2391 ll.
993 2341 1036 2394 76.
1057 2342 1123 2395 1466
1156 2337 1356 2393 laceratione

206 2407 347 2474 explicari
371 2415 396 2459 et
419 2407 459 2460 ad
484 2415 612 2461 naturam
639 2409 723 2475 facile
743 2408 878 2490 ‘revocari
890 2415 1022 2477 ‘passari
1064 2410 1131 2462 Mox
1156 2427 1231 2463 unus
1254 2408 1305 2462 Ox.
1330 2408 1356 2462 si

207 2481 661 2619 tt?'a.‡2{.t?‘1ittf¹⁴.tii:?
669 2478 1366 2615 1til?3‘“.'.”..l⁰¹¹1¹.¹t.¹¹{batilliaii..

205 2619 378 2670 memoriter
395 2619 493 2670 locum
511 2617 641 2672 laudasse
659 2619 793 2672 videatur
810 2620 860 2672 vel
878 2620 973 2672 obiter
998 2621 1171 2688 inspectum.
1208 2619 1265 2684 Pro
1282 2633 1357 2672 mae-

204 2703 271 2740 rore
289 2688 372 2741 Vind·
394 2693 418 2743 1.
449 2686 536 2741 babet
554 2689 659 2754 dolare,
687 2690 764 2759 quod
789 2697 832 2744 est
859 2691 970 2743 scribae
997 2690 1029 2740 in
1052 2688 1243 2744 describendo
1269 2689 1356 2758 plura

205 2759 293 2811 verba
309 2758 399 2811 simul
418 2759 603 2827 excipientis,
622 2759 726 2813 deinde
744 2759 780 2812 ad
799 2761 982 2823 sententiam,
1008 2767 1163 2828 postquam
1186 2758 1294 2811 oblitus
1313 2763 1357 2813 est

206 2829 271 2880 veri
290 2828 436 2894 vocabuli,
456 2829 618 2883 scribentis.
646 2832 674 2882 Is
695 2837 738 2883 est
755 2832 821 2882 fons
840 2829 1001 2883 multarum
1020 2829 1178 2882 lectionum
1196 2830 1357 2893 variarum,

205 2896 303 2951 minus
322 2898 424 2961 adhuc,
452 2917 539 2968 quam
564 2899 691 2965 debebat,
715 2898 891 2952 observatus·
915 2899 990 2974 Aug.
1012 2897 1099 2952 babet
1120 2916 1237 2963 morere,
1266 2898 1354 2951 Marb.

204 2985 258 3037 pro
283 2968 390 3021 videris
413 2968 501 3023 habet
524 2968 651 3031 vinculis.
697 2969 899 3039 Adscripserat
922 2972 1047 3022 fortasse
1073 2968 1166 3039 aliqui
1189 2969 1240 3022 vel
1262 2968 1356 3022 lector

204 3038 253 3091 vel
272 3039 416 3112 glossator
432 3039 552 3093 vocibus
577 3041 697 3105 afflictas
718 3056 856 3106 maerore,
905 3047 1007 3108 ropter
1025 3056 1067 3104 ea,
1093 3056 1165 3109 quae
1184 3047 1355 3110 sequuntur,

120 3154 126 3160 .
204 3109 293 3162 rerba
311 3110 340 3161 in
357 3110 483 3176 oraculis,
503 3110 646 3162 nimirum
664 3119 697 3162 ut
715 3110 843 3180 aliquem
862 3057 969 3162 librum
988 3108 1169 3162 Socraticam
1188 3111 1220 3162 in
1236 3108 1356 3163 ¹vincula

205 3179 351 3233 coniectus
374 3179 469 3255 legat:
498 3181 584 3250 idque
611 3179 840 3234 additamentum
862 3197 922 3234 non
944 3179 1032 3249 plene
1059 3187 1210 3250 receptum
1230 3179 1355 3234 extrusit

204 3250 325 3318 verbum
350 3252 552 3304 necessarium.
589 3252 648 3304 Mr.
1251 3268 1254 3275 ·
1291 3294 1293 3299 ,

276 3319 341 3374 lanic
359 3323 546 3390 acipenserem
565 3323 661 3391 potins
683 3336 768 3388 qaam
788 3320 905 3389 aliquem
928 3321 1002 3386 cet]
1038 3321 1148 3386 „Ludit
1174 3321 1353 3391 Epicurum:

203 3398 342 3459 tanquam
362 3408 396 3443 ex
420 3394 480 3445 eius
500 3392 634 3444 doctrina
655 3391 755 3460 potior
779 3392 818 3443 sit
840 3391 929 3460 piscis
955 3390 991 3443 ad
1016 3390 1168 3456 sanandam
1193 3392 1355 3451 tristitiam,

204 3460 1053 3601 attiiltlffalittlii?·..lialbistein
1067 3460 1355 3585 ti⁰i¹¹¹2.¹.¹.⁰l¹.⁵z⁸.i·

206 3608 251 3654 tra
270 3618 372 3671 aquam
390 3601 484 3654 nando
503 3609 599 3654 meat:
619 3600 654 3654 de
673 3618 729 3672 qno
748 3600 870 3666 Plinius,
890 3603 1073 3666 Macrobius,
1088 3601 1285 3655 Sammonicus
1304 3600 1355 3655 Se·

204 3689 303 3736 renus,
323 3672 476 3735 Martialis,
496 3672 644 3735 Horatius,
672 3672 736 3724 alii:
763 3671 798 3725 de
817 3687 874 3740 quo
893 3679 922 3725 et
940 3688 991 3725 nos
1011 3672 1179 3742 scripsimus
1197 3673 1229 3724 in
1248 3688 1355 3742 appen-
1399 3732 1402 3737 ,

205 3742 268 3796 dice
293 3742 461 3810 Tranquilli
487 3743 773 3807 commentariorum,
808 3740 986 3810 explicantes
1014 3745 1254 3817 corrigentesque
1279 3741 1355 3795 illud

205 3811 405 3863 Lucilianum:
426 3813 584 3877 acipensere
602 3829 662 3865 cam
681 3813 861 3865 deczsmano.“
880 3813 1014 3866 Beroald.
1042 3813 1155 3865 Plinius
1169 3811 1204 3864 H.
1218 3813 1254 3865 N.
1268 3816 1296 3878 9,
1308 3813 1353 3866 26.

206 3898 272 3934 enm
290 3883 401 3951 piscem
419 3897 471 3934 suo
489 3890 619 3952 tempore
640 3877 842 3952 non‘amplius
866 3884 898 3935 in
920 3883 1031 3936 bonore
1050 3901 1111 3937 esse
1129 3885 1261 3935 miratur.
1289 3880 1351 3934 Vid.

204 3951 357 4005 Heindorf.
386 3951 421 4002 ad
445 3950 544 4012 Horat.
574 3952 632 4008 Sat.
657 3953 694 4005 11.
719 3955 744 4007 2.
770 3957 814 4008 47.
838 3971 866 4023 p.
892 3957 955 4010 263.
982 3955 1033 4023 qui
1058 3951 1155 4006 laudat
1181 3951 1353 4006 salmasium

204 4021 348 4074 Exercitt.
375 4022 470 4087 Plinn.
498 4039 527 4090 p.
553 4026 631 4079 1316.
669 4023 759 4089 Quam
783 4023 836 4076 ille
861 4024 1016 4078 editionem
1039 4024 1148 4089 laudet,
1177 4025 1295 4077 nescios
1322 4023 1353 4075 in

204 4093 316 4162 optima
335 4092 527 4163 certe,('l¹raj.
549 4093 583 4146 ad
602 4093 657 4148 nh.
679 4095 757 4150 1689.
777 4095 799 4144 f.
819 4093 876 4160 m.)
904 4103 947 4148 est
963 4114 992 4165 p.
1012 4098 1064 4150 940
1083 4113 1125 4164 sq.
1146 4125 1180 4136 --
1217 4095 1353 4147 Ceterum

203 4163 237 4214 in
255 4162 394 4215 vocabulo
413 4162 621 4219 librariistam
639 4182 742 4233 parum
760 4165 878 4239 cognito
901 4165 933 4219 ab
958 4167 994 4218 iis
1018 4167 1134 4235 peccari
1159 4181 1246 4217 nemo
1265 4166 1353 4217 mira·
1394 4188 1396 4191 ·

202 4232 292 4285 bitur.
330 4231 476 4284 Scribitnr
498 4234 529 4284 in
556 4234 625 4289 Cod.
653 4235 727 4310 Aug.
755 4240 787 4288 et
810 4234 889 4289 leinc
912 4236 1088 4304 accipiens
1106 4237 1164 4288 eri
1185 4237 1290 4303 potins,
1321 4236 1352 4288 in

203 4320 260 4356 uno
276 4303 326 4359 Ox.
346 4303 486 4372 accipiens
503 4321 572 4371 rem,
591 4307 624 4358 in
640 4307 714 4360 Gud.
728 4309 754 4362 2.
776 4321 912 4375 aacnpens
929 4324 995 4359 rem.
1015 4306 1102 4358 Marb·
1122 4305 1198 4359 binc
1215 4307 1353 4376 accipiens

177 4368 181 4383 .
203 4391 279 4440 rem3
298 4373 390 4430 Rehd.
411 4376 605 4444 ancipiteram
630 4377 703 4432 lidd.
724 4379 793 4431 Ven.
813 4385 902 4434 nostr.
923 4384 952 4433 et
970 4378 1052 4433 lunt.
1072 4379 1280 4446 accipenserem,
1349 4400 1356 4425 .-
