2842 5070
348 333 351 340 .
447 320 464 354 .·
551 231 679 352 uuna
701 287 761 367 111,
792 289 840 353 ιο.
1088 320 1092 325 -
1235 293 1287 356 οι.

126 451 178 514 dis
199 451 306 516 dolet:
322 464 368 516 ut
396 452 648 532 Theophrastus
670 454 847 514 interitum
877 451 1055 535 deplorans
1082 450 1277 519 Callistheni

124 535 245 597 sodalis
267 536 330 612 sui,
354 536 453 596 rebus
475 534 663 596 Alexandri
679 536 851 617 prosperis
878 537 1032 621 angitur:
1054 536 1165 617 itaque
1195 537 1278 601 dicit

125 614 362 692 Callisthenem
384 616 540 681 incidisse
561 617 784 678 inhominem
806 637 935 680 summa
957 619 1106 700 potentia
1134 639 1277 681 summa-

125 802 192 854 (lod.
213 805 288 854 hlon.
301 795 327 857 2.
348 802 480 872 sequitur
497 802 601 877 glossa:
620 799 786 856 misericors
805 809 861 866 est3
882 804 930 870 qul
948 803 1022 855 dalet
1039 801 1162 856 alicuius
1181 796 1289 858 stesm'

125 871 180 938 ds's,
205 874 329 926 tumidus
350 880 406 928 est.
434 874 507 927 idem
520 873 617 937 ¹etiam
638 873 761 926 alicuius
783 874 913 927 secundis
938 874 1019 927 dolet.
1049 874 1145 926 Duish.
1166 876 1278 928 omittit

125 942 210 996 s'dem.
231 944 303 995 Gud.
324 945 434 995 omittit
452 943 536 996 etiam
554 947 584 996 e't
603 944 683 997 dolet.
704 941 792 999 Rehd.
813 953 842 996 et
860 947 933 995 lllon.
953 949 977 998 1.
997 951 1061 1013 post
1078 943 1153 996 idem
1170 946 1278 999 habent

124 1017 210 1066 etiam
227 1013 358 1067 alicuius.
379 1013 451 1088 Aug.
465 1024 493 1067 et
502 1015 585 1066 Vind.
599 1018 621 1068 1.
641 1016 718 1069 idem
729 1015 803 1067 dolet
824 1014 946 1068 alicuius
956 1014 1044 1068 etiam
1055 1016 1193 1072 secundis.
1213 1017 1275 1070 Mr.

195 1083 269 1136 idem
286 1084 407 1137 alieuius
426 1085 510 1137 etiam
528 1085 656 1139 secundis
671 1085 783 1151 solet]
823 1085 1091 1154 ,‚Ileeepi'Victorii
1110 1086 1276 1154 lectionem,

124 1153 210 1206 etiam
224 1173 239 1205 a
251 1155 309 1207 Pal.
324 1163 392 1207 tert.
404 1154 587 1208 redhibitsm.
607 1157 701 1229 Vulgo
720 1156 804 1209 dolel.
824 1155 855 1209 Si
871 1157 929 1209 inei
947 1173 992 1208 res
1012 1156 1084 1208 iuris
1103 1168 1184 1222 esset,
1204 1158 1277 1211 t'dem

124 1240 237 1293 quoque
257 1242 293 1277 ex
311 1226 394 1277 Febr.
414 1228 586 1279 auctoritate
609 1228 754 1291 tollerem,
792 1235 821 1279 et
839 1244 873 1279 ex
891 1236 939 1295 pr:
956 1227 1014 1280 Pal.
1035 1228 1076 1279 sie
1095 1227 1275 1300 digereremt

124 1310 190 1348 nam
208 1296 256 1363 qui
274 1296 348 1348 dolet
365 1297 447 1348 rebus
465 1297 586 1349 alieuius
604 1298 743 1363 aduersis,
766 1296 854 1349 etlam
880 1297 1002 1350 alicuius
1027 1298 1156 1352 secundis
1174 1299 1278 1352 solet.“

124 1363 262 1418 Gebhard.
301 1366 396 1430 „Solet
423 1367 509 1420 habet
535 1385 608 1419 unus
632 1369 711 1420 Leid.
731 1367 781 1420 sed
806 1367 861 1419 duo
879 1368 988 1436 reliqui
1008 1376 1036 1419 et
1054 1370 1122 1442 Reg.
1149 1369 1279 1440 itemque

124 1453 187 1488 inea
205 1437 258 1487 Ed.
284 1445 342 1488 ves·
371 1437 509 1490 exhibent
534 1439 616 1491 dolet.
654 1441 748 1491 Posset
770 1437 866 1490 videri
890 1447 1053 1506 suspectum
1078 1439 1134 1491 hoe
1156 1441 1279 1492 verbum

123 1523 191 1558 curn
215 1515 274 1557 tam
299 1509 397 1575 paucis
424 1508 587 1560 interiectis
609 1508 715 1560 redeat.
753 1507 809 1560 Sed
834 1508 952 1559 videtur
970 1508 1071 1561 Cicero
1090 1510 1201 1578 aliquid
1219 1512 1278 1564 ele·

123 1577 238 1651 gantiae
256 1578 381 1645 posuisse
400 1579 432 1629 in
451 1578 589 1630 eiusmodi
612 1577 864 1647 repetitionibus.“
886 1575 975 1630 Bauh.

195 1645 332 1700 Secundis
360 1648 449 1714 dolet]
485 1648 579 1723 Vulgo
602 1648 680 1702 solet.
718 1648 774 1701 Sed
800 1649 979 1702 commodior
1005 1649 1122 1702 videtur
1140 1667 1172 1702 ea
1190 1651 1278 1705 lectio

124 1734 212 1786 quain
229 1726 374 1785 praestant
392 1720 500 1773 Eliens.
520 1727 587 1770 tert.
606 1720 674 1771 Bak.
694 1719 807 1770 Balliol.
827 1720 899 1772 llled.
920 1727 949 1770 et
966 1728 1080 1772 veteres
1098 1721 1179 1773 editi.
1204 1723 1242 1774 D.

196 1786 325 1838 secundis
349 1789 460 1854 dolet]
498 1788 576 1841 Solet
602 1789 686 1841 habet
710 1788 836 1858 optimus
866 1798 964 1840 noster
990 1789 1063 1842 Gud.
1087 1795 1111 1844 l.
1141 1793 1221 1844 cuiuis
1246 1793 1279 1844 in
1325 1826 1328 1832 ·

122 1857 273 1926 plerisque
292 1874 394 1931 inagna
413 1858 638 1922 estauctoritas,
664 1860 791 1926 itemque
815 1876 888 1909 unus
913 1859 961 1911 Ox.
988 1858 1070 1911 Alius
1090 1861 1139 1916 Ox.
1158 1879 1211 1931 pro
1234 1880 1278 1916 se·

123 1927 227 1980 cunds's
244 1927 329 1996 habet
346 1929 471 1994 sceleris,
490 1930 562 1981 alius
580 1928 691 1981 omittit
707 1928 794 1981 verba
811 1928 1024 1984 taem-alicuius
1042 1929 1138 1983 etlam.
1150 1963 1183 1972 -
1201 1932 1279 1986 Solet

123 2014 161 2050 ex
178 2015 257 2068 seqq.
277 1998 334 2051 huc
354 2001 602 2053 translatumesse
627 2000 775 2052 contendit
792 1999 860 2051 Bill.
900 2001 959 2053 Mr.

198 2068 235 2122 Ut
264 2067 471 2137 Theophrastus
499 2070 646 2133 interitum
668 2071 819 2139 deplorans
844 2067 1041 2134 Callisthenis]
1078 2070 1113 2122 ln
1136 2070 1210 2123 libro
1229 2074 1279 2123 cui

123 2137 228 2191 titulus
246 2143 426 2207 Καλλισθένης
444 2141 460 2207 ἢ
480 2145 543 2212 περὶ
560 2141 688 2202 πένθους.
724 2141 795 2193 Vide
814 2141 980 2216 Menagium
997 2142 1032 2192 ad
1049 2141 1161 2193 Laertii
1179 2143 1213 2208 V,
1232 2145 1277 2198 44.

115 2208 213 2273 ¹(luam
231 2226 300 2264 vero
319 2221 443 2264 mortem
462 2213 567 2266 obierit
586 2212 787 2274 Callisthenes,
810 2212 889 2264 inter
906 2220 1036 2263 auctores
1054 2228 1112 2263 non
1130 2213 1275 2265 convenit.

123 2280 262 2333 Arrianus
280 2283 388 2352 Exped.
407 2283 458 2335 lib.
478 2286 526 2337 lV.
547 2300 607 2370 cap.
630 2285 670 2336 lt.
708 2282 896 2349 Καλλισθένην
919 2283 1121 2350 Ἀριστόβουλος
1137 2283 1191 2352 μὲν
1208 2283 1279 2350 λέγει

123 2349 276 2418 δεδεμένον
292 2351 323 2406 ἰν
340 2352 437 2415 πέδαις
456 2355 691 2421 ξαμτιεριαγεσθαι
708 2353 739 2424 τῇ
757 2358 882 2422 στρατιᾷ,
899 2354 1000 2406 ’ἔπειτα
1018 2351 1094 2418 νόσῳ
1112 2356 1276 2419 τελευτῆσαι.

123 2424 294 2490 Πτολεμαῖος
318 2423 350 2474 dl
365 2424 464 2491 Λάγου
483 2425 686 2494 στρεβλωθέντα
704 2424 751 2474 καὶ
768 2423 955 2494 κρεμασθέντα
973 2426 1136 2477 ἀποθανεῖν.
1172 2424 1278 2500 Dioge·

123 2509 173 2544 nes
191 2494 322 2546 Laertius
341 2497 374 2560 V,
394 2499 419 2552 5.
440 2495 630 2547 Callisthenes
649 2492 680 2546 la
698 2493 799 2563 σιέηρηῐ
817 2492 1124 2564 περιήγεταγαλεάγηᾳ,
1143 2498 1278 2564 φθειριῶν

123 2568 171 2616 καὶ
194 2559 348 2633 ἀκόμιστος,
378 2571 424 2619 καὶ
449 2566 522 2624 τέλος
546 2566 634 2618 λέοντι
651 2567 845 2634 παραβληθείς,
872 2561 945 2619 οὕτω
964 2565 1154 2632 κατέστρεψεν·
1190 2567 1277 2619 Plura

122 2641 256 2687 veterum
281 2636 344 2689 loca
372 2637 449 2690 dabit
472 2640 553 2690 loon.
588 2636 804 2689 Freinshemius
838 2636 874 2688 ad
901 2637 997 2688 Curtii
1029 2635 1079 2687 lib.
1108 2637 1184 2688 Vlll.
1214 2654 1274 2705 cap.

123 2706 203 2770 Vlll,
228 2709 271 2761 21.
309 2707 345 2759 D.

194 2775 337 2829 interitum
361 2779 510 2846 deplorans
536 2777 762 2832 Callistheni
783 2776 894 2830 sodalis
920 2777 985 2842 sui]
1021 2776 1063 2829 De
1089 2776 1276 2841 Callisthene,

123 2846 273 2914 Olynthio,
292 2848 456 2902 Aristotelis
474 2850 625 2918 discipulo,
644 2848 800 2901 Alexandri
819 2847 1016 2916 condiscipulo
1034 2848 1163 2916 itemque
1181 2848 1277 2901 Theo-

142 2915 235 2967 hrasti
252 2919 344 2968 multa
362 2936 414 2971 con
438 2921 504 2971 essit
520 2921 681 2971 Beroaldus.
718 2918 806 2972 Nobis
831 2919 956 2972 sufficiat
975 2917 1090 2973 laudare
1109 2917 1276 2975 Hoffinannl

149 3002 193 3038 ex.
213 2988 301 3037 Univ.
326 3006 346 3038 s.
364 3007 392 3039 v.
414 3009 425 3039 1
445 2990 484 3057 iq.
512 2990 605 3040 laudd.
631 2989 701 3042 Add.
731 2988 847 3042 Schiitz.
868 2991 937 3041 hex.
957 2988 1016 3040 cio.
1035 2988 1064 3039 h.
1084 3007 1112 3040 v.
1133 2990 1276 3058 Wytten-

122 3055 206 3108 bach.
226 3057 261 3106 ad
278 3057 425 3109 Plutarch.
451 3060 484 3109 Τ.
505 3058 541 3113 ll.
569 3078 596 3127 p.
616 3062 659 3113 27.
685 3060 727 3112 ed.
745 3060 824 3128 'liips
860 3058 972 3127 Scripsi
996 3058 1093 3111 autem
1112 3057 1276 3142 Caqls'sthens'

123 3141 179 3196 pro
199 3124 383 3181 Callisthenis
402 3145 467 3179 cum
485 3129 554 3179 Dav.
580 3130 611 3178 in
628 3129 682 3180 Ed.
702 3132 727 3182 2.
754 3129 842 3181 Orell.
869 3129 941 3183 Tbn.
964 3129 1102 3196 probante
1126 3129 1275 3190 K'uhnero,

123 3216 161 3256 ex
188 3195 272 3249 Codd.
300 3213 369 3266 quos
392 3198 488 3250 laudat
513 3199 653 3250 Goerenz.
681 3200 715 3250 ad
742 3199 802 3250 Cic.
827 3194 931 3249 Adadd.
956 3198 993 3250 11.
1018 3202 1045 3260 6,
1066 3202 1106 3252 16.
1133 3216 1161 3266 p·
1180 3201 1225 3252 36.
1247 3205 1276 3250 et

124 3275 222 3319 nostro
243 3268 315 3319 Gud.
346 3268 387 3319 De
407 3285 438 3320 ea
457 3268 701 3323 Genitiviforma
717 3268 775 3321 vid.
795 3269 885 3320 fusius
904 3276 933 3319 et
950 3268 1112 3319 accuratius
1130 3268 1276 3336 disputan-

124 3347 184 3390 tem
202 3338 236 3389 K.
257 3339 288 3389 la.
309 3337 520 3392 Schneiderum
538 3339 569 3390 in
589 3340 716 3392 Gramm.
736 3341 797 3391 hat.
809 3340 846 3391 11.
867 3336 1056 3403 (Formenl.
1079 3338 1120 3403 1.)
1138 3357 1166 3407 p.
1188 3341 1289 3393 163.-·“

125 3413 185 3464 167.
205 3409 275 3477 ibiq.
295 3409 397 3462 laudd.*
426 3410 468 3462 De
486 3409 684 3479 Theophrasto
711 3418 739 3461 et
757 3408 932 3480 Callisthene
952 3407 1014 3475 yid.
1039 3408 1126 3460 etiam
1145 3409 1222 3461 infra
1240 3409 1273 3459 V.

124 3483 150 3535 9.
177 3482 222 3535 25.
259 3480 359 3532 Plures
387 3481 472 3533 Codd.
501 3482 575 3544 (tres
603 3481 673 3533 Oxx.
700 3483 799 3532 noster
825 3479 929 3545 Marb.)
955 3477 1139 3536 Callisthenis
1170 3496 1275 3532 nomen

125 3550 253 3619 simplici
272 3550 284 3600 l
300 3552 440 3621 scripturn
458 3551 604 3604 exhibent.
641 3551 739 3624 Pergit
758 3551 824 3604 Cod.
843 3549 932 3603 Rehd.
954 3551 1001 3602 sai
1018 3549 1142 3606 mantis>
1162 3550 1272 3608 Gudzh.

125 3620 222 3674 socii
240 3620 299 3674 sui:
320 3622 397 3674 idem
416 3623 545 3674 alexand
551 3622 585 3674 ελ
591 3638 605 3674 s
624 3630 653 3673 et
671 3624 786 3688 agitur.
807 3623 860 3673 Pro
871 3620 942 3674 ‹ttca
960 3638 1032 3671 unns
1042 3622 1091 3674 Ox.
1108 3621 1191 3673 ds'as't.
1212 3621 1273 3672 Mr.

195 3694 226 3745 s'n
245 3689 381 3745 hominem
399 3709 506 3746 susnma
522 3690 660 3760 potentia]
688 3693 754 3744 Cod.
775 3688 863 3744 llehd.
884 3691 970 3757 babet
997 3690 1029 3761 in
1051 3688 1187 3749 hominem
1204 3690 1276 3744 tasi-

124 3762 210 3816 da'sse.
248 3762 327 3815 Unus
353 3764 402 3816 Ox.
432 3765 542 3815 omittit
568 3778 682 3825 summa,
711 3763 784 3814 Gud.
805 3765 830 3816 2.
855 3777 963 3815 summa
983 3761 1118 3829 potentia.
1151 3765 1227 3814 lllon.
1247 3765 1273 3817 2.

126 3833 243 3886 exhibet
265 3849 372 3885 summa
397 3833 598 3901 patientia,
628 3833 726 3885 Duisb.·
750 3843 779 3885 et
807 3851 880 3884 unus
900 3833 950 3888 On.
979 3847 1083 3886 sumum
1107 3832 1275 3890 audacia.-

125 3903 198 3956 alius
216 3905 266 3957 Ox.
294 3904 405 3955 oinittit
432 3905 647 3956 substantivum.
685 3906 782 3956 lllonet
807 3904 838 3954 in
861 3903 967 3955 scholis
989 3902 1165 3956 FAWolfius
1184 3904 1277 3956 nemi-

125 3992 193 4026 snen
210 3975 358 4027 hominem
367 3973 501 4026 Latinum
514 3974 564 4026 hic
578 3975 725 4026 dicturum
742 3974 963 4026 fuissesummae
977 3972 1126 4041 potentiae,
1145 3974 1276 4041 quamvis

126 4045 218 4107 (addit
235 4046 294 4109 Or.)
322 4044 436 4097 librarii
462 4044 600 4096 eiusmodi
618 4044 803 4113 Ablativosq
855 4045 932 4095 'tatis
954 4043 1117 4110 saepissime
1137 4042 1168 4093 in
1187 4044 1276 4096 Geni-

125 4115 199 4168 tivos
218 4124 338 4167 rnutent.
359 4117 425 4166 lllox
442 4114 494 4165 Ed.
515 4118 542 4167 P.
563 4115 644 4167 rebus
662 4115 788 4168 secundis
886 4114 1042 4167 admodum.
1074 4115 1108 4166 ln
1122 4112 1275 4174 CodGud.

121 4187 297 4238 exciderunt
314 4185 401 4238 verba
428 4185 511 4237 rebus
530 4184 658 4237 secandis
675 4186 718 4238 uli
737 4202 810 4238 cona.
822 4185 922 4252 ‘Atque
942 4185 1176 4251 quemadmodum.
1213 4183 1276 4234 Duo

127 4257 195 4309 On.
217 4258 355 4309 omittunt
372 4254 416 4309 uts'
434 4272 510 4309 cona.
536 4272 624 4323 usque
650 4256 685 4307 ad
708 4256 756 4308 alt.
777 4256 835 4310 reb.
860 4253 997 4307 secundis.
1018 4258 1091 4307 ltlon.
1112 4257 1136 4308 2.
1166 4251 1277 4305 omittit

127 4328 263 4380 secundis.
289 4327 362 4402 Aug.
389 4326 475 4379 habet
499 4325 634 4379 secundis¹
653 4326 740 4378 rebus.
769 4325 851 4377 Vina.
870 4328 895 4381 2.
925 4329 1080 4380 conueniret
1106 4323 1159 4377 ull.
1197 4322 1277 4374 Unus

127 4400 177 4451 Ox.
197 4399 240 4451 uts‘
257 4397 446 4454 maceniam.
466 4398 550 4451 vind.
570 4399 595 4451 2.
616 4397 647 4448 in
665 4392 747 4471 seqq?
765 4403 805 4452 est
824 4395 982 4462 aegritudo.
1020 4394 1119 4468 Pergit
1139 4407 1211 4443 unus
1226 4391 1275 4442 Ox.

1008 4467 1052 4528 5*
