2842 5070
444 342 447 349 ·
561 319 860 404 [immid.-
1181 323 1284 393 iil
1362 403 1363 406 Ἴ

187 526 190 533 ·
216 516 220 521 ·
299 490 364 556 Odi
383 490 552 558 hominene
573 493 681 556 iratus
698 507 830 572 pugno:
850 505 908 550 aec
928 486 1055 575 longio'
1073 488 1241 570 ρσὶσριιοιιι

296 575 412 654 Nobis,
432 595 525 658 quara
545 575 680 638 dextrae
696 573 840 656 gladium
860 572 932 635 dum
952 572 1163 634 accomodet
1189 573 1283 636 oller.

300 655 408 739 Usque
427 659 507 720 odeo
528 658 638 722 studio
658 666 756 739 alque
776 655 852 719 odio
873 655 964 720 illios
984 655 1112 736 ecferor
1131 658 1194 718 iro.
1279 714 1283 726 ,

125 782 128 789 «
191 737 258 801 .At
298 743 371 802 rinc
392 741 454 805 hac
474 741 675 828 gladiatoria
694 738 874 802 iracundia
892 739 1044 803 videmus
1066 735 1284 824 progredien-
1305 735 1347 798 22

113 418 116 428 ι
130 392 144 433 l

1305 819 1352 875 49.

201 912 289 968 Qrtom
305 895 438 982 gladiati
454 912 485 966 iu
501 911 653 978 stomacho,
675 929 751 978 sura,
781 927 817 965 oo
836 911 1013 980 γολοιοοίὸοι
1028 909 1114 978 sisto]
1131 908 1284 978 ,Liberior
1301 887 1329 942 b·

128 989 173 1036 est
189 982 245 1050 loa.
264 983 406 1058 scaligeri
425 983 601 1049 coniectura,
625 983 675 1037 cui
692 983 803 1054 placet‚'
980 1010 983 1015 ,
1063 1030 1066 1035 .
1110 988 1112 993 ’
1236 1039 1239 1048 ,

296 1056 385 1113 Qum
400 1052 531 1123 gladium
548 1053 697 1121 stomacho,
720 1055 809 1107 sicam
823 1053 992 1122 pulmonilu'
1009 1051 1088 1109 aiolo.

128 1121 250 1198 Vulgari
266 1124 393 1181 lectione
412 1126 443 1177 in
461 1124 584 1195 reliquis
597 1134 722 1192 servata,
741 1123 892 1181 Turnebus
909 1122 1028 1179 Advers
1049 1122 1116 1189 Vll,
1136 1123 1179 1179 18.
1198 1135 1283 1194 repo·

128 1194 174 1246 nit
196 1195 269 1259 fibro
282 1211 327 1249 oo
350 1195 518 1265 pulmonibu’
545 1187 625 1263 cisto,
654 1196 699 1248 uti
725 1196 808 1250 iecur
829 1195 926 1266 prima
947 1211 1018 1249 voce
1037 1195 1203 1258 denotetur3
1233 1190 1282 1246 v'el

128 1264 216 1319 otium
234 1265 309 1332 Iuro,
336 1276 371 1320 ut
394 1283 423 1319 os
444 1266 614 1333 ventriculi,
646 1268 699 1338 qui
723 1284 777 1321 ceu
798 1267 872 1336 utris
895 1274 945 1320 aut
966 1264 1210 1334 culeus'quidam
1228 1272 1281 1329 est,

127 1334 331 1411 intellegatur3
361 1355 394 1391 ac
422 1338 565 1408 posterior
589 1338 706 1407 quidem
728 1339 870 1391 sententia
895 1337 930 1391 D.
948 1337 1120 1391 Lambinum
1137 1337 1283 1388 fautorem

126 1407 247 1476 reperit.
284 1407 353 1461 lano
379 1407 494 1462 Douzae
517 1408 609 1462 Plaut.
635 1408 758 1480 Explan.
784 1409 836 1462 lib.
857 1408 880 1461 1.
912 1425 972 1478 cap.
997 1410 1041 1465 22.
1074 1407 1184 1465 arridet
1206 1403 1281 1471 lira,

169 1495 200 1531 ae
217 1478 391 1533 intestinum
410 1487 452 1532 est
470 1478 610 1534 ieiunum.
645 1476 684 1532 At
702 1495 773 1534 vero
790 1496 858 1533 cum
876 1478 908 1531 in
929 1478 1042 1535 Fabrio.
1060 1480 1118 1532 Pal.
1158 1484 1231 1531 uart.
1252 1482 1281 1529 et

101 1600 106 1607 ,
150 1549 242 1603 antab.
261 1548 378 1634 legatur
393 1549 483 1616 furio,
512 1548 713 1620 rescripserim
738 1565 820 1619 quom
840 1548 967 1618 gladium
988 1549 1020 1604 ite
1046 1554 1149 1603 olomuc
1207 1548 1281 1600 Furl

107 1618 1283 1761 1listlmlllllltstellit?sllrtttsltlltle“tellit

127 1757 208 1825 rdine,
237 1761 265 1812 si'
284 1778 374 1815 verax
399 1769 441 1814 est
462 1760 580 1817 Servius
603 1762 639 1816 ad
655 1760 732 1834 Aen.
757 1762 782 1830 1,
810 1750 871 1819 itu·
895 1764 1070 1833 ¹Utcunque
1092 1754 1140 1827 sit',
1164 1766 1283 1831 recepta

127 1831 273 1903 scriptura
290 1848 406 1903 prorsus
424 1832 542 1887 videtur
560 1832 733 1902 inducenda3
757 1834 829 1905 quip
850 1851 865 1888 e
882 1848 953 1888 turo
970 1848 987 1886 a
1004 1833 1149 1886 stomacho
1168 1839 1197 1886 et
1214 1826 1282 1900 pul·

127 1901 258 1954 monibus
276 1902 401 1954 nimium
420 1902 515 1969 distat,
534 1921 588 1963 nec
605 1903 726 1958 lethalia
742 1913 809 1958 sunt
827 1924 860 1957 m
878 1922 910 1957 ea
927 1913 1009 1975 parte
1028 1904 1159 1968 vulnera.
1195 1901 1233 1954 D.

186 1971 257 2026 'Odi
280 1970 448 2041 dominemz]
481 1974 548 2029 cod.
574 1977 650 2028 Mon.
671 1978 695 2031 l.
715 1974 807 2030 odii
831 1973 976 2030 hominem.
1018 1976 1072 2029 Pro
1097 1989 1147 2028 nec
1169 1973 1282 2042 aliquot
1327 1984 1330 1991 ·

127 2041 213 2097 codd.
234 2044 303 2097 Oxx.
323 2043 429 2097 habent
445 2061 488 2100 ne.
511 2045 599 2100 Rehd.
619 2046 718 2123 pergit
736 2046 815 2102 nolis
851 2045 987 2117 alequam.
1022 2046 1104 2103 Unus
1122 2045 1172 2097 Ox·
1195 2043 1282 2097 habet

126 2112 268 2183 largius.
305 2115 350 2168 Ad
375 2116 547 2169 sententiam
570 2118 637 2171 vid..
655 2127 753 2172 annot.
777 2119 838 2175 Bou
861 2118 928 2172 'erii
951 2118 983 2170 in
1000 2117 1134 2171 Excursu
1157 2112 1240 2167 adh.
1257 2112 1280 2167 l.

120 2186 179 2238 Pro
198 2186 278 2239 nolis
295 2186 383 2240 multi
401 2186 473 2240 libri
488 2187 595 2241 habent
612 2189 700 2255 colle,
719 2189 796 2259 quod
813 2207 830 2242 a
846 2188 990 2245 sententia
1007 2188 1065 2242 loci
1082 2187 1209 2242 alienum
1228 2192 1272 2239 est

124 2221 1282 2400 σλιῆιιῑῖλλιν·λεσῑιλγγλιῖςλλλὲλὲλ
1327 2340 1332 2347 -

125 2396 200 2450 Gud.
229 2396 327 2458 Duisb.
354 2397 439 2450 Vind.
462 2403 487 2452 l.
505 2402 531 2454 l.
561 2400 661 2454 colon.
691 2410 720 2454 et
742 2401 815 2456 Edd.
839 2409 904 2473 post
923 2400 1015 2456 Gebh.
1050 2401 1104 2453 Pro
1128 2398 1195 2451 dum
1213 2396 1280 2452 God.

123 2469 201 2520 Mon.
222 2472 247 2525 1.
266 2466 351 2521 habet
368 2474 409 2535 ol,
433 2469 509 2539 quod
527 2478 569 2525 est
587 2472 777 2538 correctoris;
809 2471 841 2523 in
865 2487 923 2525 uno
943 2471 994 2528 Ox.
1019 2479 1064 2525 est
1085 2468 1280 2537 accommodat,

123 2547 158 2591 ut
176 2539 208 2591 in
226 2538 279 2593 Ed.
300 2538 363 2611 Bip.
383 2540 502 2593 Lucilii.
540 2542 600 2595 Mr.

196 2609 698 2680 usqueadeoatudeo‚clque-]
724 2612 774 2681 „V
825 2608 1163 2699 g.aludio.⁴‘Dao.in
1180 2612 1279 2694 ΕΜ..
1326 2663 1329 2667 .

124 2681 255 2734 Fortasse
274 2698 310 2734 ex
327 2681 454 2734 Bentleii
472 2683 623 2736 sententia.
644 2682 784 2748 ',‚Studio
825 2700 853 2738 ιο
877 2692 935 2736 non
945 2683 1137 2738 'commodum
1153 2682 1278 2736 videtur.

123 2750 254 2804 Davisius
272 2752 379 2805 studeo.
406 2769 465 2806 non
482 2753 609 2823 placet.“
643 2754 710 2808 Em.

170 2878 173 2885 ,
198 2820 289 2893 thue
306 2825 377 2876 odeo
395 2822 502 2890 studio]
538 2826 646 2879 Laudat
664 2825 781 2880 Servius
801 2825 836 2879 ad
854 2824 925 2878 Aen.
944 2825 1009 2893 Vll,
1027 2824 1090 2882 646.
1126 2825 1164 2878 D.

197 2907 286 2962 usque
312 2895 381 2947 odeo
405 2894 500 2949 studio
526 2901 606 2966 σλριιε
627 2897 693 2950 odio
718 2896 792 2964 οῖσι]
827 2896 982 2963 „Studium
1009 2895 1094 2982 iungi
1119 2901 1215 2966 potest
1231 2891 1281 2947 vel

124 2979 191 3016 cum
215 2964 291 3029 odio,
322 2964 371 3018 vel
395 2981 462 3017 cum
485 2965 541 3023 iro.
579 2966 611 3020 Si
636 2984 702 3020 cum
721 2967 788 3023 odio
804 2967 945 3033 iunxeris,
971 2967 1107 3041 intellige
1121 2965 1279 3035 pugnandi.

123 3034 254 3103 Utraque
271 3034 347 3087 ratio
366 3052 432 3107 non.
442 3035 541 3108 inepta
552 3036 678 3104 videtur,
697 3039 751 3092 etsi
759 3040 829 3093 Dav.
851 3048 880 3093 et
889 3041 963 3100 Ern.
975 3038 1063 3091 aliter
1073 3034 1282 3092 censuerunt.“

123 3103 237 3157 Nissen.
272 3106 366 3158 Verba
387 3120 525 3175 usque-
542 3107 659 3162 Atacem
682 3109 785 3162 desunt
807 3111 839 3162 in
865 3109 933 3164 (lod.
956 3124 1014 3161 uno
1041 3108 1091 3161 Ox.
1127 3108 1164 3159 In
1181 3105 1279 3162 Duisb.

123 3178 189 3245 post
213 3177 261 3229 iro
284 3193 320 3229 ex
341 3177 547 3246 superioribas,
574 3179 635 3232 sine
657 3179 743 3247 dubio
765 3182 849 3233 oculo
871 3180 987 3233 librarii
1010 3178 1170 3243 aberrante,
1197 3192 1282 3246 repe·

123 3254 228 3298 tuntur
244 3246 346 3301 verbu:
366 3246 418 3300 loc
435 3252 506 3303 uiso
523 3250 640 3304 racione
657 3257 755 3303 contro
772 3252 877 3304 voturi
888 3249 979 3304 animi
993 3247 1143 3302 commocio
1159 3248 1203 3302 oel
1219 3248 1280 3300 bre·

124 3316 189 3370 vius
213 3323 244 3370 ιιι
267 3320 449 3386 perturbatio
475 3323 514 3375 eit
531 3323 584 3387 (ex
602 3321 624 3387 §.
643 3321 716 3386 λλ).
753 3323 851 3376 Prima
875 3330 934 3374 vox
956 3317 1009 3373 loc
1026 3328 1164 3389 corrupta
1182 3326 1225 3372 est
1244 3334 1280 3371 ex

124 3403 168 3453 oc,
188 3389 265 3458 quod
282 3391 314 3443 in
329 3390 402 3444 Edd.
423 3393 508 3446 Grut.
526 3400 568 3447 =et
591 3393 623 3445 in
645 3393 746 3446 multis
763 3393 851 3448 Godd.
877 3392 963 3445 initio
988 3408 1049 3462 cap.
1075 3408 1134 3461 seq.
1160 3389 1280 3462 ponitur

122 3476 177 3530 pro,
196 3466 235 3514 at.
272 3462 365 3515 Verba
383 3469 463 3531 alque
480 3462 546 3517 odio
564 3464 666 3517 absimt
683 3465 716 3517 ab
734 3481 791 3518 uno
811 3466 861 3519 Ox.
899 3464 961 3520 Mr.
1181 3522 1183 3526 Α
1324 3468 1327 3473 ’

106 3553 110 3559 ·
147 3566 150 3586 .
194 3531 262 3601 Cap·
279 3534 324 3589 22.
360 3532 401 3586 At
417 3534 479 3590 eine
496 3533 549 3588 loc
565 3534 754 3604 gladiatorio]
788 3534 885 3611 Vulgo
902 3549 937 3588 oe
954 3531 1015 3587 siue
1032 3530 1092 3586 loc.
1128 3533 1188 3587 Nos
1204 3531 1278 3586 Med.
1319 3576 1321 3579 .

123 3601 250 3653 Petrens.
270 3610 300 3655 ot
317 3613 456 3658 veterum
470 3601 623 3660 ‘editorum
640 3607 729 3660 fidem
753 3607 846 3660 secuti
869 3623 976 3670 sumus,
1007 3603 1037 3657 id
1061 3604 1139 3672 quod
1155 3620 1202 3656 res
1219 3604 1280 3673 ipsa

123 3671 260 3740 postulat.
292 3671 348 3725 Sed
363 3675 421 3728 hoc
436 3677 608 3736 leviculum.
636 3680 741 3732 Versus
758 3686 855 3732 autem
866 3675 1025 3741 Homerici,
1045 3690 1116 3745 quoa
1134 3674 1167 3728 in
1183 3675 1279 3728 animo

123 3747 221 3795 noster
237 3741 348 3810 habuit,
366 3745 400 3800 hi
419 3756 499 3801 sunt:

291 3843 324 3857 -
342 3819 414 3876 Alae
431 3815 504 3887 doro
520 3818 661 3890 πελώριος,
686 3817 766 3889 ἕρκος
782 3823 913 3890 Αχαιοῖν,
1206 3868 1214 3875 .

288 3885 436 3945 Μιιδιόων
451 3890 615 3960 βλοσυροῖσι
630 3887 803 3978 recordarer·
824 3891 912 3967 riola
923 3889 954 3944 di
971 3893 1076 3945 ποσσίν
1192 3918 1195 3929 ·

283 3957 348 4011 ”Hie
364 3961 456 4031 μακροὶ
474 3962 557 4048 (λιβὰς
572 3962 705 4031 κρασιιοιν
726 3961 902 4035 δολιχόσκιον
919 3961 1012 4031 ἔγχος.

292 4022 351 4080 Τὸν
368 4029 399 4082 di
416 4035 461 4088 aul
480 4035 593 4101 Αργιῖοι
609 4031 670 4099 μέγ)
690 4027 808 4099 ἐγήθεον
825 4034 1004 4106 eleccionem

291 4100 386 4164 Τρῶας
404 4101 435 4154 di
456 4097 560 4171 τρόμος
583 4101 662 4162 αἰνὸς
684 4098 807 4168 ὑπήλυθε
826 4109 893 4174 γυῖα
919 4105 1054 4159 ἕκαστον·
1078 4116 1083 4123 ’
1143 4143 1146 4149 ·

282 4170 394 4243 Ἕκτορί
409 4170 506 4240 τάὐτρῖ
523 4173 614 4242 θυμὸς
632 4171 676 4228 tel
692 4168 824 4239 στὴθοσσι
840 4170 991 4231 πάτασσεν.

121 4242 243 4295 Ruunt
261 4240 300 4293 Jl.
319 4262 345 4311 η.
364 4246 426 4300 211.
455 4245 537 4298 Dav.
585 4264 587 4269 ⁴
774 4250 783 4272 s
1018 4290 1021 4294 .
1258 4274 1263 4281 ·

110 4378 117 4384 ς
192 4311 242 4366 Ar
263 4311 324 4368 siue
346 4312 413 4383 loc]
450 4315 709 4391 „relegendum
735 4333 795 4371 non
811 4331 855 4383 uc,
878 4334 946 4370 cum
965 4306 1088 4372 Davisio.
1114 4317 1172 4370 'lte
1189 4315 1277 4372 eodo,
1316 4356 1319 4360 .

122 4381 222 4436 heidd.
251 4402 315 4439 mea
342 4387 385 4440 ed.
407 4395 468 4440 vet.
496 4395 525 4441 et
549 4389 620 4441 fere.
637 4403 736 4441 ornnes
760 4387 863 4459 seqq.“
887 4385 977 4444 Boule.
1014 4389 1075 4457 „Al
1098 4387 1176 4441 MSS.
1194 4387 1275 4441 leid

123 4453 220 4517 Guelt.
237 4450 308 4513 bene
325 4475 379 4530 pro
397 4459 477 4535 vulg.
496 4457 562 4516 oo.“
579 4458 648 4515 Ero.
685 4458 753 4516 Non
777 4459 870 4519 edidit
884 4461 957 4518 lim.
977 4476 1012 4517 oo
1029 4477 1097 4518 cum
1115 4456 1218 4525 Geth„
1244 4465 1278 4514 ut
