2842 5070
188 313 210 377 6
388 308 621 375 CICERONIS
643 308 892 385 TUSCULAN,
914 311 1148 375 DISPU'I'AT.

90 506 94 515 x
187 482 228 537 ut
248 475 377 542 animus
400 472 441 538 de
462 495 498 539 se
519 476 590 559 ipse
611 484 683 539 tum
705 473 844 553 iudicet,
866 497 966 558 quum
989 475 1026 539 id
1052 479 1174 560 ipsum,
1206 498 1271 562 quo
1293 480 1344 547 iu-

142 555 333 635 edicatur,
363 567 526 642 aegrotet.
570 556 666 623 Quod
695 559 723 620 si
749 559 831 621 tales
862 579 922 623 nos
951 571 1072 624 natura
1099 563 1279 649 genuisset,
1306 570 1345 625 ut

191 659 264 705 eam
291 642 395 722 ipsam
433 643 561 711 intueri
590 650 624 703 et
653 643 855 722 perspicere,
898 642 1077 725 eademque
1104 646 1230 725 optima
1260 643 1344 706 duce

190 741 326 786 cursum
354 724 445 784 vitae
474 724 640 795 conficere
672 742 861 804 possemus3
904 724 992 786 haud
1020 735 1092 786 erat
1120 747 1214 799 sane,
1256 725 1345 808 quod

197 854 381 878 ....--'-.-----„-

189 951 341 1007 iudicatur.
380 951 419 1004 At
437 968 495 1006 non
513 969 601 1022 aeque
619 951 692 1007 felix
720 957 781 1006 erat
807 950 856 1003 vir
875 967 1013 1014 summus,
1041 967 1106 1002 cum
1128 951 1261 1020 priorem
1278 967 1345 1021 par·

188 1031 250 1082 tem
269 1023 311 1077 sic
328 1022 492 1088 refluxerit,
520 1023 567 1084 Ito
585 1025 616 1090 pit
633 1031 662 1076 ut
676 1023 789 1081 *animus
809 1023 843 1075 de
860 1037 889 1074 ee
907 1021 969 1090 ipso
989 1037 1051 1074 uon
1070 1020 1193 1073 iudicet:
1221 1025 1245 1074 si
1265 1023 1344 1075 enim

188 1094 303 1157 animus
322 1093 357 1147 de
377 1110 406 1146 se
426 1094 487 1162 ipse
505 1111 564 1150 nou
582 1093 702 1156 iudicat,
722 1111 787 1150 oum
806 1100 956 1167 aegrotet3
980 1091 1096 1144 nullum
1115 1093 1233 1144 omnino
1260 1093 1295 1145 de
1314 1110 1344 1146 se

188 1165 250 1235 ⁸fort
266 1164 407 1220 iudicium
414 1182 423 1228 3
452 1164 595 1233 siquidem
622 1163 755 1219 homines
779 1181 795 1226 a
816 1164 914 1235 primo
932 1165 994 1219 fere
1021 1163 1131 1232 spiritu
1146 1163 1344 1232 perturbatio·

188 1235 283 1300 nibus,
303 1251 375 1304 quae
394 1234 489 1287 'morbi
517 1243 585 1290 sunt
607 1236 781 1300 animorum,
807 1241 958 1291 vexantur.
997 1233 1120 1287 Omnino
1144 1232 1213 1288 vide
1230 1233 1344 1287 Plutar-

189 1304 278 1359 chum
296 1304 378 1359 Tom.
398 1305 436 1360 ll.
456 1323 522 1383 pag.
542 1309 603 1365 5⁰0.
624 1307 658 1360 F.
695 1307 731 1363 D.

142 1412 145 1417 ·
188 1465 214 1519 A
242 1412 312 1517 Bqug
330 1394 486 1518 taglicgtuss]
522 1394 576 1522 Eslt
594 1395 684 1523 qpuof
701 1394 861 1518 ipdicoturd
875 1395 910 1480 in
919 1392 1172 1521 {dibfboxffihfdu
1195 1393 1342 1518 .Edkd·bP.

187 1483 623 1524 ·.....sc...
675 1483 753 1529 un.;
807 1481 1056 1522 uetustum
1146 1482 1233 1519 .r.
1283 1483 1342 1519 ar.

187 1535 303 1589 Lerubb.
324 1536 430 1593 Gouth.
450 1536 531 1595 Boul.
553 1535 645 1606 sylb„
665 1553 717 1606 quo
735 1482 893 1591 iuddcotin
904 1535 972 1588 God.
992 1536 1133 1590 Toletano
1152 1537 1230 1607 apud
1241 1535 1344 1599 Schot-

189 1614 253 1659 tum
273 1608 304 1659 in
323 1607 413 1662 Nodis
433 1606 492 1665 Cic.
512 1625 542 1678 p.
561 1610 621 1663 336.
640 1607 781 1678 probante
799 1606 929 1672 schotto,
948 1609 986 1660 in
998 1605 1071 1660 Edd.
1090 1607 1171 1661 Brut.
1190 1607 1255 1660 Ald.
1277 1607 1342 1662 Gar.

152 1695 157 1701 ·
189 1677 239 1732 Sto
261 1677 292 1730 h.
312 1678 397 1731 Leod.
417 1677 513 1733 Lamb.
532 1678 677 1734 FAWolf.
705 1680 737 1732 in
755 1677 809 1733 Ed.
828 1695 873 1748 pr.
894 1676 971 1732 unde
994 1678 1116 1748 recepit,
1144 1695 1211 1733 cum
1230 1678 1342 1744 Koelio,

182 1694 259 1802 ‘lind
296 1747 381 1802 Solus
401 1750 475 1802 Gud.
496 1752 522 1805 2.
542 1749 688 1804 iudicand.
707 1805 709 1808 Α
726 1750 788 1806 Mr.
895 1806 899 1812 ,
1103 1814 1107 1823 Ι

260 1819 385 1875 Quodsi
402 1820 473 1874 tutes
491 1838 541 1875 uos
559 1829 662 1879 natura
680 1819 848 1888 gencium]
868 1819 936 1873 Cod.
947 1821 1023 1876 Mon.
1036 1824 1059 1876 l.
1080 1835 1149 1943 ppos
1168 1822 1204 1874 ei.
1222 1817 1306 1873 Vind.
1317 1825 1340 1876 l.

189 1895 293 1943 nutura
312 1906 370 1944 uos.
408 1892 508 1966 Pergit
525 1911 600 1950 unus
619 1893 668 1946 Ox.
688 1900 718 1947 ut
737 1893 851 1945 eandem
869 1894 971 1958 ipsam,
990 1909 1066 1945 unus
1106 1891 1171 1945 abet
1186 1891 1339 1959 perspici,

179 1960 263 2020 alius
282 1962 396 2028 omittit
422 1965 539 2031 optimu,
562 1963 648 2032 idque
672 1963 768 2024 abesse
791 1962 907 2019 volebat
931 1962 1018 2016 Ern.¹
1044 1961 1196 2036 cogitabat
1214 1965 1342 2016 >fortasse

187 2035 258 2095 (non
283 2034 360 2087 euim
388 2035 451 2088 fere
474 2051 591 2091 suarum
610 2034 820 2087 sententiarum
846 2032 990 2085 rationem
1013 2031 1275 2096 reddere‘solebat)
1301 2034 1343 2084 ir-

188 2103 310 2172 repsisse
329 2101 407 2157 illud
424 2102 601 2162 adiectivum
619 2103 759 2166 sxlaelio
778 2106 816 2166 5.,
835 2108 978 2168 naturum,
998 2102 1131 2171 optimam
1147 2104 1213 2156 bene
1231 2101 1343 2162 vivendi

188 2175 292 2229 dacem.
330 2173 386 2228 Sed
412 2175 485 2228 bene
510 2174 598 2229 babet
621 2184 721 2227 nostro
746 2191 861 2242 quoque
889 2173 968 2226 loco:
1002 2172 1110 2240 optima
1140 2173 1196 2226 dux
1221 2171 1341 2238 dicitur,

188 2263 262 2314 quae
280 2260 342 2312 cup.
362 2263 420 2314 seq.
440 2246 548 2313 optimu
565 2244 713 2312 magistra.
732 2243 916 2306 Doederlein.
945 2245 1019 2296 Lat.
1040 2243 1170 2312 Synon.
1200 2262 1228 2295 ιι.
1247 2245 1342 2313 Ety-

188 2315 468 2385 mot.1v.p.3oe.
497 2333 551 2385 pro
579 2315 683 2371 intueri
707 2316 849 2384 scriptum
873 2315 965 2377 fuisse
990 2314 1025 2367 ‚iu
1048 2313 1122 2373 Edd.
1144 2322 1217 2376 vett.
1246 2314 1341 2368 tueri:

187 2386 270 2439 cuius
294 2402 347 2460 ego
372 2385 510 2441 lectionis
537 2388 569 2438 in
593 2395 682 2451 tanta,
708 2404 780 2455 quae
805 2383 840 2443 ad
866 2403 983 2448 manum
1007 2393 1061 2452 est,
1085 2386 1231 2441 librorum
1258 2385 1341 2455 copia

185 2456 302 2510 nullum
326 2457 425 2526 reperi
450 2458 616 2532 vestigium.
650 2457 716 2511 God.
744 2458 818 2513 Mon.
841 2462 863 2513 1.
889 2456 975 2510 babet
999 2457 1103 2526 optimo
1127 2459 1238 2520 educe,
1265 2454 1342 2509 idem

187 2527 285 2580 statim
315 2528 434 2592 efficere.
471 2530 525 2580 Pro
544 2526 619 2581 haud
636 2547 712 2581 unus
732 2527 781 2580 Ox.
802 2527 880 2580 itanc.
901 2526 974 2589 Gud.
994 2527 1020 2583 2.
1039 2525 1115 2594 daut,
1139 2545 1175 2592 ex
1193 2547 1249 2598 qua
1268 2528 1342 2581 scri-

181 2598 287 2653 .ticne
306 2599 470 2668 antiquiore
494 2606 592 2653 ortum
611 2600 704 2652 estin
723 2599 797 2654 Gud.
819 2605 842 2654 1.
868 2616 992 2668 pravum
1019 2605 1074 2651 out.
1112 2599 1167 2652 Pro
1190 2607 1252 2652 erut
1271 2597 1340 2650 (iod.
1395 2638 1397 2641 .

185 2615 277 2722 Rehd.
303 2668 389 2722 babet
413 2676 498 2721 esset:
536 2670 568 2722 in
596 2689 652 2739 que
678 2671 838 2740 scriptione
863 2671 997 2742 agnoscis
1022 2671 1197 2723 correctoris
1224 2687 1342 2723 manum

207 2741 238 2797 ui
257 2740 353 2793 Latini
381 2741 525 2793 sermonis
548 2758 631 2814 usum
658 2756 717 2793 nou
740 2749 846 2807 nosset,
876 2742 986 2810 dequo
1010 2757 1069 2795 nou
1094 2748 1139 2794 est
1163 2742 1238 2810 quod
1256 2742 1341 2811 plura

207 2812 289 2868 'cam
320 2809 385 2864 Vid.
411 2810 496 2871 modo
521 2819 596 2863 nost.
622 2819 719 2871 annot.
746 2811 782 2865 ad
806 2812 865 2868 Cic.
891 2811 926 2865 de
949 2811 1076 2865 Div.11.
1102 2814 1147 2871 43.
1166 2815 1209 2867 91.
1229 2829 1258 2882 p.
1278 2813 1339 2866 457.

185 2881 253 2934 Post
278 2880 353 2939 baud
377 2888 439 2934 erat
466 2889 628 2950 sequuntur
658 2883 689 2935 in
715 2883 784 2936 Cod.
809 2882 897 2936 Marb.
930 2883 1075 2948 benefecta
1099 2881 1134 2939 in
1155 2885 1231 2948 luce,
1268 2899 1364 2951 quae·

185 2952 272 3005 verbe
299 2968 335 3004 ex
353 2953 390 3005 11.
409 2955 453 3010 26.
482 2953 673 3022 irrepserunt.
712 2952 768 3006 Sed
796 2954 1024 3023 superscriptum
1044 2960 1087 3006 est
1104 2961 1221 3006 ara-cot.
1258 2955 1318 3005 Mr.

164 3041 166 3046 ’
257 3024 328 3088 quod
352 3025 498 3092 quisquam
522 3023 659 3079 rationem
684 3039 718 3076 cc
744 3025 901 3079 doctrinam
927 3023 1095 3093 requireret]
1127 3022 1207 3088 „Sic
1233 3023 1340 3078 habent

185 3109 285 3146 omnes
304 3095 366 3144 fere
384 3092 455 3160 libri
474 3094 567 3178 vulg„
596 3095 765 3163 quibuscum
785 3096 973 3166 consentiunt
991 3103 1050 3162 tres
1074 3093 1152 3153 MSS.
1178 3112 1271 3164 neque
1295 3095 1341 3155 ri,-

184 3165 247 3236 deo,
275 3180 363 3232 quare
382 3162 454 3218 haec
472 3164 561 3224 lectio
581 3180 640 3219 non
670 3166 709 3218 sit
726 3165 828 3220 multis
843 3166 940 3220 modis
959 3167 1058 3235 potior
1075 3165 1138 3232 ius,
1178 3184 1229 3220 uae
1247 3168 1340 3218 refer·

184 3244 235 3288 tur
265 3237 351 3293 etiam
384 3235 416 3287 in
445 3234 614 3303 quibusdam
643 3236 718 3291 MSS.
746 3241 867 3291 ratione
891 3243 932 3294 et
967 3236 1061 3290 doctri
1069 3252 1120 3293 na.
1172 3241 1227 3305 Χ,ὸς
1259 3238 1339 3290 enim

185 3306 333 3381 significat
352 3308 386 3370 Μ.
407 3305 533 3368 Tullius,
552 3307 578 3359 si
597 3306 668 3361 tales
687 3327 702 3362 a
721 3315 824 3362 natura
841 3309 913 3363 facti
933 3324 1069 3372 essemus,
1095 3313 1130 3362 ut
1152 3323 1218 3359 eam
1237 3307 1339 3358 ducem

159 3388 161 3393 “
185 3379 450 3446 εοιιιιίφοειειῐιιιε,
473 3379 608 3430 futurum
633 3379 734 3444 fuisse,
764 3387 799 3432 ut
824 3377 957 3435 doctrina
984 3385 1033 3430 aut
1068 3377 1255 3429 institutione
1281 3393 1340 3429 non

184 3464 345 3524 egeremus.
383 3447 464 3500 Solet
481 3456 579 3502 autem
598 3447 649 3501 hic
667 3449 796 3519 scriptor
814 3466 897 3519 saepe
922 3447 995 3503 baec
1012 3446 1195 3503 coniunctim
1218 3462 1338 3516 ponere,

184 3518 321 3572 rationem
340 3533 378 3576 uc¹
392 3517 549 3577 doctrinam
568 3518 602 3584 [l.
623 3523 665 3575 13.
686 3519 761 3589 30.],
784 3520 860 3583 oium
886 3525 914 3572 ei
932 3517 1081 3582 rationem,
1105 3531 1159 3586 pro
1186 3534 1227 3582 ea,
1252 3535 1338 3585 quam

185 3588 291 3650 Graeci
314 3587 441 3655 μέθοδον
459 3589 639 3663 appellant.“
657 3589 818 3652 Lumbiuus.
854 3588 1001 3656 ‚motione
1018 3594 1046 3643 et
1070 3586 1198 3643 doctriua
1222 3587 1337 3658 Gryph.

182 3661 293 3713 Victor.
315 3677 386 3729 quae
404 3658 479 3716 mihi
497 3659 585 3714 lectio
603 3661 751 3730 aliquanto
768 3661 931 3738 elegantior
940 3657 1089 3728 videtur.“
1106 3659 1222 3720 Brutus.
1242 3659 1339 3726 „iiiale

183 3731 237 3784 alii
254 3731 365 3783 ratione
384 3738 408 3782 et
428 3732 571 3785 doctrinar
590 3732 733 3802 >loquitur
756 3733 834 3791 enim
852 3731 887 3784 de
904 3727 1110 3800 philosophiae
1135 3729 1230 3784 arte.“
1257 3729 1336 3784 Goth.

182 3802 397 3866 „Accusativus
425 3801 555 3856 vindices
582 3821 616 3859 ac
635 3811 772 3873 patronos
798 3802 885 3855 habet
908 3800 941 3853 A.
962 3799 1139 3865 'lbrrnebum
1165 3801 1339 3855 Lambinum

183 3880 213 3925 et
231 3871 289 3924 Pal.
310 3873 456 3941 quintum,
476 3872 587 3926 librum
605 3881 716 3929 utnon
738 3874 893 3943 optimum,
917 3872 958 3925 ita
984 3873 1225 3942 necpeesimum.
1265 3874 1337 3940 Qua·

182 3950 250 3998 tuor
268 3943 340 4000 Pa'll.
360 3943 427 3998 Fab.
447 3943 523 3999 Pith.
542 3944 606 3997 Ulr.
626 3943 738 3999 ratione
756 3959 791 3996 ac
807 3941 967 3996 doctriua.“
984 3940 1121 3998 Gebhard.
1151 3943 1247 4009 „ese
1266 3959 1338 4014 quo·

182 4031 239 4084 que
259 4016 385 4068 Petrens.
411 4015 522 4070 ratione
548 4022 576 4068 et
601 4015 740 4080 doctrina,
769 4021 798 4072 et
823 4013 866 4071 sio
889 4013 943 4070 Ed.
964 4013 1063 4084 steph.
1083 4014 1125 4077 At,
1137 4015 1195 4069 MS.
1215 4015 1336 4068 Norric.

182 4084 294 4139 ratione
317 4093 343 4138 et
362 4087 488 4140 doctriua
506 4088 653 4141 sustineret
676 4085 829 4154 requirere.
866 4085 1012 4138 Probanda
1035 4087 1128 4161 magis
1151 4094 1195 4140 est
1221 4093 1338 4154 recepte
1386 4083 1390 4091 '

182 4154 280 4222 lectio,
309 4175 394 4226 quam
416 4158 541 4219 ‚firmant
564 4157 653 4211 etiam
676 4155 809 4209 Manutii.
846 4156 913 4211 Non
941 4156 1028 4210 aliter
1054 4158 1126 4222 Ven.
1147 4159 1223 4212 1492.
1250 4163 1336 4223 atque

181 4227 305 4282 Froben.
330 4230 362 4280 in
385 4228 423 4291 iis
440 4244 518 4292 ,vero
545 4233 612 4297 post
635 4225 719 4279 hasce
737 4241 822 4282 voces
847 4227 965 4298 additur
982 4244 1043 4282 cum
1065 4234 1167 4280 uotiua
1185 4229 1337 4292 sufficeret,

183 4299 287 4369 quibus
311 4316 378 4352 cum
403 4315 462 4352 non
484 4300 602 4351 faveant
625 4295 712 4351 Codd.
738 4315 826 4351 manu
850 4300 969 4365 exarati,
997 4315 1056 4351 non
1075 4296 1186 4362 dubito,
1207 4299 1278 4368 quin
1298 4299 1337 4351 sit

177 4369 328 4445 glossema
345 4371 379 4424 ab
399 4371 499 4438 inepto
539 4367 643 4422 nodam
660 4368 839 4428 intrusum.“
856 4371 956 4424 Dacis.
977 4369 1029 4423 Ed.
1048 4369 1073 4420 1.
1096 4368 1247 4423 Ablativos
1265 4369 1336 4422 istos

182 4441 291 4499 suusne
314 4457 349 4496 uc
366 4438 504 4516 ‚doctriua
551 4437 637 4494 abent
660 4440 752 4495 etiam'
777 4438 864 4499 code.
884 4441 955 4517 lieg·
981 4438 1056 4496 (iud.
1076 4443 1100 4494 l.
1120 4438 1171 4494 hic
1196 4458 1276 4513 apr.
1296 4457 1335 4495 m.
