2842 5070
327 361 347 386 ,,
568 311 698 376 LIBER
717 311 779 389 IV,
799 311 850 376 23.
1201 313 1279 394 Ι387
1330 306 1334 313 ’

123 481 243 548 salvan
264 479 456 551 escanella,
481 478 631 559 sesequi
657 477 764 538 iussit.
791 472 945 553 Nescio,
975 476 1093 557 ecquid
1121 479 1187 561 ipsi
1215 498 1277 541 nos
1294 483 1338 539 52.

122 568 263 630 fortiter
283 567 319 625 in
341 583 378 626 re
399 561 533 645 publica
550 558 746 624 lecirimust
768 560 799 620 si
819 557 899 641 quid
914 560 1064 639 fecimus,
1086 570 1177 624 certe
1197 563 1280 623 irati

125 645 205 711 non'
226 648 376 711 lecimus.
431 645 485 707 An
522 651 573 706 est
612 644 786 725 quicquam
819 642 971 711 similius
989 643 1149 722 insaniae,
1182 664 1281 727 quam

123 729 196 795 irai
218 747 316 813 quam
337 730 421 791 bene
441 727 580 788 Ennius.
594 728 720 789 initiam
752 723 839 788 dixit
865 725 1023 788 insaniae.
1041 797 1045 806 Ι
1068 724 1181 804 Color,
1203 738 1298 806 vox,
1372 733 1382 748 ‘

124 814 224 885 oculi,
245 813 397 895 spiritus,
419 810 618 890 impotentia
639 808 807 870 dictorum
828 827 867 869 ac
887 811 1064 889 laetorum,
1087 830 1183 892 qnam
1229 829 1282 873 ar·

102 905 193 958 rtem
233 895 356 957 habent
390 889 570 961 sanitatis?
606 923 608 925 ·
635 890 723 955 Ouid
758 890 890 959 Achille
918 889 1108 954 Homerico
1136 896 1190 955 loe
1215 895 1280 970 ius,

125 976 206 1061 quid
233 977 492 1062 Agamemnone,
521 978 557 1036 in
579 971 713 1063 iurgio?
742 973 976 1043 nam-Aiacem
1006 974 1138 1056 quidem
1164 978 1219 1037 ira
1239 974 1282 1037 ad
1355 1046 1359 1060 ι

124 1171 162 1218 nt
179 1165 293 1218 consul:
314 1163 345 1214 in
364 1164 466 1234 quibus
485 1162 615 1216 omnibus
665 1161 757 1214 noscis
769 1162 964 1232 interpretum
973 1181 1101 1217 manum:
1122 1167 1283 1218 correctori

124 1234 245 1289 fortasse
263 1236 391 1301 debetur,
412 1233 488 1305 quod
506 1234 539 1287 in
558 1233 631 1287 Gud.
670 1233 775 1289 .deest
794 1235 828 1286 ei.
858 1232 902 1286 Ad
920 1250 983 1286 rem
1001 1235 1073 1286 facit
1093 1234 1153 1292 Cic.
1174 1236 1208 1289 de
1228 1236 1283 1291 Off.

124 1307 148 1364 1.
169 1309 212 1390 22.
231 1309 275 1363 76.
295 1305 365 1376 ibiq.
390 1307 482 1360 Beier.
508 1323 540 1374 p.
559 1308 619 1360 178.
644 1323 686 1373 sq.
707 1332 741 1342 -
781 1305 862 1358 Unus
887 1305 936 1356 Ox.
961 1307 1072 1366 omittit
1099 1313 1181 1374 estet,
1210 1308 1284 1363 alius

125 1377 500 1515 tt;.³³t;.ttt.‘{ttn¹.·
516 1376 616 1515 tlt}
627 1376 895 1500 aladini.
909 1375 1285 1520 ,alati-laada&
1346 1492 1349 1496 ,

124 1520 253 1577 tissimis.
280 1521 316 1572 ln
334 1535 391 1571 uno
406 1519 455 1571 01.
474 1526 520 1570 est
538 1534 567 1570 re
586 1516 694 1586 loqui.
713 1517 767 1569 Ed.
778 1517 807 1568 P.
827 1533 881 1587 pre
899 1517 979 1570 vellet
996 1517 1082 1570 habet
1099 1520 1190 1573 velent
1208 1522 1283 1587 (sic).

196 1589 338 1657 Nescio,
358 1589 456 1658 ecquid
473 1586 532 1657 ipsi
547 1604 597 1641 noe
614 1590 730 1654 fortiter
747 1587 778 1640 in
796 1605 828 1640 re
844 1588 955 1655 publica
973 1587 1149 1714 fecerimna)¹
1170 1591 1216 1650 De
1230 1592 1286 1647 hac

125 1662 258 1718 formula
268 1661 434 1716 affirmante
452 1661 511 1715 vid.
531 1661 667 1713 Beiernm
678 1660 718 1710 ‘in
735 1659 855 1711 Excurs.
875 1659 979 1711 adCic.
1000 1660 1077 1712 Lael.
1094 1661 1119 1709 V
1136 1700 1142 1712 .
1163 1667 1187 1716 1.
1207 1661 1228 1727 q.
1240 1666 1289 1722 20,

147 1770 155 1786 .
176 1736 236 1792 216.
256 1733 312 1801 ubi
324 1733 487 1797 laudantur,
507 1749 573 1783 cum
591 1739 689 1785 nostro
707 1731 782 1793 loco,
800 1731 915 1782 Verrin.
936 1729 990 1784 111.
1012 1733 1054 1785 12.
1074 1734 1118 1788 29.
1144 1731 1179 1786 de
1197 1733 1285 1798 Finnv.

125 1751 174 1857 ΡΥ.
194 1807 238 1860 24-
258 1807 301 1860 67.
324 1812 398 1856 extr.
430 1802 540 1872 Ecquis,
561 1809 603 1856 est
621 1803 652 1853 in
669 1818 743 1854 nova
760 1799 814 1853 nd.
833 1800 1113 1869 ForcelliniGerm.,
1132 1803 1173 1856 ita
1188 1805 1287 1858 diver·

122 1880 190 1926 'sum
208 1893 224 1926 a
242 1873 317 1945 qais,
344 1881 387 1939 ut,
412 1873 461 1945 abi
480 1873 555 1926 illud
573 1878 708 1944 ponatur,
735 1888 802 1924 cum
820 1871 998 1924 ‹hubitatione
1017 1873 1057 1940 [h.
1078 1872 1099 1925 l.
1119 1890 1186 1929 cum
1201 1877 1288 1928 urba-

125 1944 230 2010 nitate]
250 1945 347 2014 aliqua
363 1945 762 2018 proponaturinterrogatio.
792 1940 864 1994 A'dd.
890 1942 996 2002 Handii
1014 1944 1179 2004 Tursellin.
1192 1944 1226 1999 T.
1246 1946 1285 2000 ll.

126 2034 155 2086 p.
175 2019 327 2074 351-355.
346 2015 470 2069 Turbari
487 2034 502 2068 a
521 2015 648 2068 librariis
667 2017 699 2066 in
717 2015 843 2066 formula
860 2012 916 2065 hac
934 2030 1018 2066 nemo
1037 2016 1200 2069 mirabitur.
1234 2018 1289 2071 Est
1363 2063 1368 2071 ,

97 2092 100 2095 ’
125 2088 158 2140 in
178 2087 253 2144 Gnd.
272 2090 298 2143 2.
317 2086 403 2140 Vind.
424 2091 449 2143 1.
478 2085 542 2158 (qni
560 2104 613 2156 per
635 2086 659 2138 it
676 2092 705 2139 et
723 2083 791 2154 ipss)
810 2088 835 2140 2,
851 2092 888 2138 ἐἰ
907 2085 983 2152 qaid,
1004 2083 1035 2135 in
1053 2086 1143 2142 Rehd.
1164 2089 1238 2157 qnod
1261 2094 1289 2141 et

127 2158 257 2228 nosipsi
275 2159 307 2209 in
325 2156 399 2231 Aug.
419 2155 487 2211 laec
505 2157 580 2226 qaid.
633 2173 686 2217 on.
698 2159 723 2213 2.
744 2172 775 2210 eo
794 2154 870 2226 qaid,
890 2154 921 2206 in
939 2173 996 2209 uno
1014 2157 1063 2209 Ox.
1084 2159 1161 2227 qnid,
1181 2160 1212 2210 in
1230 2159 1288 2212 alio

126 2229 212 2283 etiam
232 2228 307 2300 qaid.
343 2229 489 2282 similiter
507 2227 641 2281 turbatur
659 2228 723 2281 loco
743 2228 778 2280 de
798 2227 882 2282 Finn.
901 2226 1025 2292 laudato,
1058 2229 1108 2282 ubi
1132 2230 1196 2283 vid:
1211 2229 1288 2284 Goe-

126 2308 207 2362 rcnz.
226 2320 257 2373 p.
276 2302 337 2356 506.
359 2300 442 2354 (loni.
482 2309 611 2365 raeterea
630 2298 791 2352 Gernhard.
812 2299 844 2349 in
859 2297 977 2351 Seebod.
1003 2299 1040 2352 N.
1060 2298 1179 2354 Archiv.
1208 2304 1287 2359 1826.

127 2371 151 2428 1.
173 2376 197 2426 l.
217 2374 243 2432 2.
272 2373 364 2439 1133.
384 2402 417 2412 -
480 2388 532 2423 nus
556 2370 608 2425 Ox.
636 2369 748 2423 ornittit
771 2369 890 2436 fortiter.
927 2369 1027 2445 Pergit
1055 2369 1129 2426 Gud
1158 2373 1188 2426 t'n
1214 2389 1290 2427 rem
1358 2436 1361 2440 μ

124 2440 286 2511 publicam
304 2440 448 2505 fecimus.
486 2438 689 2493 Accusativum
705 2439 794 2491 habet
812 2440 899 2491 etiam
917 2458 990 2492 unus
1004 2442 1065 2507 On,
1085 2443 1158 2494 alius
1176 2443 1290 2497 Indica·

127 2513 231 2565 tivum.
250 2511 486 2581 Bulsinexhibet
504 2511 535 2567 in
551 2511 586 2563 B.
605 2528 633 2579 p.
653 2510 780 2575 fortiter.
809 2512 864 2562 Pro
882 2512 910 2563 si
927 2511 997 2579 qaid
1014 2530 1086 2565 unus
1105 2514 1154 2566 Ox.
1175 2517 1203 2568 si
1221 2518 1286 2584 qai.

127 2583 220 2636 Verba
243 2591 317 2637 certe
341 2581 415 2642 irati
439 2598 495 2635 non
517 2582 636 2650 fecimus
661 2582 764 2634 desunt
787 2580 820 2633 in
846 2580 912 2634 Cod.
934 2582 1007 2635 Gud.
1037 2592 1078 2638 et'
1091 2584 1197 2638 duobus
1216 2587 1293 2640 Onx..

128 2653 258 2723 itemque
277 2654 334 2708 MS.
355 2653 454 2724 nescia
474 2654 582 2723 quoin
600 2671 691 2727 marg.
715 2653 800 2708 Verb.
820 2670 906 2724 quem
925 2669 1132 2725 nonnunquam
1149 2656 1288 2711 Duisbur-

123 2741 254 2800 -gensem,
270 2727 321 2778 sed
338 2724 525 2800 negligenter
543 2724 692 2789 collatum,
717 2740 777 2777 esse
796 2724 938 2776 existimo.
975 2727 1037 2782 Mr.

198 2813 246 2866 An
264 2821 305 2869 eet
323 2815 476 2884 quicquum
491 2813 624 2882 siniam,
635 2812 790 2879 insaniae]
810 2812 901 2864 Hand.
917 2813 949 2864 in
961 2813 1128 2868 Tursellino
1141 2815 1164 2868 I.
1184 2834 1213 2886 p.
1224 2820 1286 2874 347.

127 2884 226 2938 locum
245 2886 286 2937 ita
304 2886 445 2955 explicat:
470 2885 654 2949 concedisne,
672 2901 730 2948 sne,
753 2883 778 2935 si
797 2883 867 2952 quid
884 2885 1006 2937 fortiter
1023 2887 1155 2953 fecerim,
1179 2888 1289 2943 iratum

127 2972 185 3008 non
204 2957 317 3020 fecisse,
347 2974 383 3011 an
400 2964 492 3025 putas,
518 2955 676 3025 quidquam
699 2954 823 3006 similius
845 2948 972 3009 insaniae
990 2972 1049 3011 esse
1067 2958 1183 3011 irai*
1219 2960 1287 3015 (lod.
1343 2971 1345 2976 ’

126 3029 204 3080 Mon.
225 3030 249 3081 l.
274 3026 363 3078 habet
380 3027 503 3090 cimiti83
530 3025 617 3079 Oodd.
637 3025 725 3078 Marb.
746 3025 820 3078 Gud.
841 3030 866 3082 1.
887 3029 911 3080 2.
936 3026 1010 3100 Aug:
1028 3028 1159 3083 insania.
1196 3031 1241 3084 Ad
1258 3051 1286 3086 v.

128 3096 243 3150 initiam
260 3096 391 3150 imam'ae
407 3097 574 3149 Beroaldus:
608 3096 744 3147 Horatius
763 3096 847 3164 [Epp.
860 3096 888 3155 1.
909 3099 934 3150 2.
952 3096 1010 3163 62]
1035 3101 1088 3151 ait:
1121 3100 1169 3153 ἱνα
1196 3102 1288 3156 drevic

128 3170 214 3235 saror
236 3174 288 3220 eet.
335 3167 456 3232 Quidam
483 3168 557 3218 iram
584 3165 720 3226 dixerunt
746 3167 853 3218 breuem
884 3165 1041 3223 insaniam:
1073 3170 1187 3223 Ennius
1213 3172 1289 3226 dixit

128 3237 244 3292 initiam
261 3238 401 3294 insaniae.
423 3264 456 3274 -
495 3238 532 3292 Ut
551 3235 638 3302 scias,
658 3236 698 3287 ait
717 3235 841 3300 Seneca,
855 3236 900 3301 [de
917 3239 964 3290 lra
983 3240 1006 3291 1.
1028 3240 1064 3306 1.]
1089 3257 1144 3294 non
1161 3257 1222 3294 esse
1241 3260 1289 3306 sa.

127 3325 191 3372 nos,
211 3326 279 3378 quoa
297 3309 345 3362 iro
361 3305 497 3377 possedit,
521 3308 616 3376 ipsam
634 3307 748 3360 illomm
766 3305 891 3360 auditam
907 3307 1032 3362 intuere:
1058 3313 1200 3380 flagrant,
1220 3314 1289 3366 emi-

124 3387 193 3434 cent
211 3381 286 3435 oculi
303 3381 497 3446 irascentiam,
528 3381 634 3432 multus
658 3393 707 3430 ore
730 3383 787 3430 toto
806 3378 890 3429 rabor
914 3384 955 3431 est
972 3389 1028 3433 etc.
1065 3385 1146 3436 Unus
1164 3382 1213 3436 Ox.
1234 3403 1288 3456 pro
1358 3445 1361 3447 Α

128 3451 240 3506 initium
257 3453 343 3505 habet
360 3452 490 3516 insitam,
524 3450 598 3503 alius
616 3449 731 3512 citiam)
755 3449 787 3499 in
804 3448 887 3500 vind.
910 3455 933 3504 l.
954 3453 979 3505 2.
997 3452 1076 3507 Edd.
1101 3453 1134 3506 A.
1153 3455 1184 3506 B.
1204 3455 1232 3508 S.
1252 3458 1288 3510 E.

129 3531 173 3576 est
192 3522 269 3576 aira
288 3523 406 3577 initiam
424 3521 566 3584 insaniae,
585 3521 616 3572 in
633 3520 704 3570 Ven.
725 3527 814 3570 nostr.
839 3517 920 3572 dixit
944 3519 1120 3577 in'diciam
1143 3525 1288 3582 insaniores

129 3593 208 3662 quod
229 3594 327 3645 deberi
351 3594 468 3647 videtur
493 3591 667 3648 correctoris
698 3589 820 3642 alieuius
853 3589 980 3664 ingenio.
1018 3596 1099 3647 Unus
1125 3598 1174 3648 Ox.
1202 3597 1289 3651 habet

130 3664 200 3717 dicit
221 3679 275 3732 pro
302 3663 387 3716 atra.
410 3663 485 3739 Aug.
510 3663 626 3718 initiam
657 3660 787 3735 insaniae
812 3660 899 3714 dixit.
944 3665 1043 3738 Pergit
1070 3666 1136 3719 Cod.
1160 3667 1234 3720 Mon.
1262 3673 1287 3725 1.

130 3734 242 3797 Galam
266 3733 340 3785 Gud.
360 3737 386 3789 2.
414 3751 469 3804 pro
486 3735 606 3802 spiritns
623 3732 714 3786 habet
731 3733 790 3802 nic
828 3731 863 3784 ln
886 3749 964 3803 seqq.
984 3745 1048 3804 pust
1066 3737 1204 3792 aiceomm
1223 3758 1290 3794 cum

129 3807 199 3859 Dav.
219 3804 323 3874 scripsi
341 3820 384 3870 ae,
403 3821 457 3874 pro
474 3813 572 3875 atqne3
591 3806 667 3858 illud
685 3806 763 3858 enim
778 3803 842 3856 sine
861 3802 946 3858 dubio
965 3807 1055 3860 edidit
1073 3809 1143 3861 Dav.
1166 3828 1201 3862 ex
1219 3812 1288 3866 Cod.

128 3879 199 3950 Reg.
220 3893 286 3927 cum
304 3874 381 3928 idem
398 3876 437 3927 sit
454 3877 577 3942 inGud.
599 3880 623 3930 1.
644 3881 670 3933 2.
690 3876 777 3930 Mart.
797 3875 870 3948 Aug.
895 3876 986 3930 Rehd.
1012 3879 1085 3932 Gud.
1112 3881 1225 3945 Duisb.3
1257 3885 1290 3938 in

130 3950 206 4003 ltlon.
226 3951 251 4002 l.
272 3954 314 3997 est
330 3954 368 4012 et,
399 3947 431 3997 in
455 3947 547 4000 tribus
566 3948 636 3999 Oxx.
657 3955 712 4001 ant.
740 3949 829 4004 Rehd.
859 3947 977 4002 exhibet
1001 3951 1150 4005 Homerico
1167 3953 1288 4021 Aetate,

129 4018 218 4073 narb.
240 4014 350 4074 Achile.
370 4019 444 4070 Mon.
467 4020 491 4071 l.
520 4018 762 4086 Agamenonem
789 4021 894 4087 iurgio.
917 4021 991 4094 Aug.
1017 4024 1226 4090 Agamemnone
1244 4027 1289 4079 in·
1315 4048 1316 4054 ¹

124 4087 328 4159 jurgiosius
343 4088 423 4154 (sic),
443 4088 516 4140 Gud.
537 4088 618 4145 2.·ἰη
632 4088 730 4156 turgio
750 4091 921 4144 atrociae.
943 4093 1118 4164 Verba'qaid
1135 4096 1289 4164 Agamem·
1309 4096 1323 4134 ‘-

129 4173 200 4217 neae
219 4161 320 4213 absunt
344 4160 378 4212 ot)
402 4176 459 4213 uno
479 4160 528 4213 Ox.
566 4160 627 4211 ΜΓ.
1219 4191 1222 4196 -

161 4271 169 4286 .
198 4234 236 4297 ln
254 4231 362 4299 iurgio]
392 4231 535 4284 Homerus
554 4229 637 4283 lliad.
657 4229 772 4296 Α,.122.
792 4249 871 4302 seqq.
897 4233 954 4287 hoc
972 4236 1064 4288 refert
1082 4236 1224 4313 iurgium?
1249 4236 1288 4290 D.

200 4318 268 4357 nam
291 4303 409 4356 Aiacem
433 4303 562 4372 quidem]
599 4301 644 4355 Ad
666 4303 864 4357 antecedentia
888 4304 1055 4361 Beroaldus:
1087 4309 1151 4377 „De
1172 4308 1289 4363 Achille

129 4372 265 4431 Horatius
287 4373 340 4441 [Α.
359 4378 387 4429 Ρ.
409 4375 489 4442 tat]
641 4373 646 4388 “

295 4447 432 4518 Impiger,
450 4445 614 4519 iracundae,
629 4444 827 4515 insonabas,
849 4463 930 4504 acer:
954 4476 964 4483 -

997 4557 1063 4622 25*
