2842 5070
461 280 464 287 ’
517 312 646 376 monn
666 311 738 392 ιιι,Δ
757 313 807 379 ιι.

190 454 375 562 ἨεῙιὶςενι
396 479 498 542 oculi:
519 465 636 558 seirpus
655 481 755 541 rnacr'e
775 475 940 542 estinan.-

207 559 383 624 Lacrr'mae'
400 562 551 641 peredere
570 560 697 622 linare
722 560 900 642 exsanguis
919 579 1039 642 genas:

205 642 287 708 Siti
308 645 432 708 nidoris
453 643 553 706 bdrba
571 645 712 725 paedore
737 643 870 707 inirrida
898 655 995 726 atqae

84 843 161 896 quae
183 825 298 878 divulsa
317 827 348 878 in
366 827 473 879 itinere
491 827 613 898 reperit,
633 843 763 881 maerore
788 836 818 882 et
840 826 961 881 tristitia
986 829 1136 881 confectus
1163 835 1242 881 exta·

85 897 169 949 buit:
190 905 219 950 et
237 897 277 949 ita
295 896 484 949 inducebatur
507 898 655 974 atragieo
681 901 775 968 potita.
813 897 899 951 Nunc
922 900 957 950 Μ.
978 896 1097 952 Tullius
1128 906 1243 952 accusat

89 967 207 1020 Aeetam
225 966 419 1021 insolabiliter
437 965 583 1023 dolentem
613 976 642 1021 et
665 984 697 1022 ae
735 966 846 1022 itudins
869 969 1064 1023 tabescentem
1088 969 1124 1022 ob
1143 987 1241 1025 casum

89 1038 147 1090 filii
165 1046 194 1092 et
211 1038 289 1091 filiae
308 1037 434 1092 scelus.“
458 1038 647 1093 Beroaldue.“
684 1077 702 1105 ‚‚
726 1058 745 1091 n
770 1041 888 1110 antiquo
915 1047 974 1092 est:
1010 1041 1105 1096 Quid?
1128 1039 1244 1094 Aeeta

90 1110 176 1174 filiam
202 1108 279 1162 Solis
304 1110 383 1164 eto.“
414 1109 545 1162 Ursinus.
574 1109 627 1162 Ed.
648 1110 677 1160 P.
697 1109 783 1163 habet
801 1111 875 1165 Quid
897 1110 995 1176 tiliam,
1025 1113 1128 1164 emisso
1151 1111 1240 1163 illum.

10 1227 12 1231 ,
89 1179 156 1232 θοὰ.
176 1178 250 1255 Aug.
270 1180 353 1232 illurn
371 1178 449 1232 Solis
465 1181 560 1246 filiurn.
581 1178 670 1234 Rebd.
691 1181 914 1235 omittitSoIem.
933 1179 1034 1234 Duisb.
1048 1181 1136 1234 babet
1153 1182 1243 1248 filium

87 1251 252 1303 alienam
269 1251 338 1302 salis
355 1250 492 1303 nornine
510 1253 611 1320 patris.
633 1249 707 1304 Gud.
728 1254 754 1306 l.
776 1254 889 1305 omittit
907 1253 1005 1318 ipsias.
1030 1252 1083 1305 Ed.
1105 1252 1136 1306 O.
1157 1252 1243 1309 habet

87 1323 203 1388 dignam
221 1337 275 1390 pro
295 1321 450 1389 indignam.
484 1322 566 1374 Unus
584 1323 633 1375 Ox.
654 1322 766 1374 omittit
780 1331 870 1390 putas.
908 1324 983 1377 Μι.Ι

158 1392 247 1444 lllum
267 1391 357 1457 filiurn
376 1391 466 1458 Solis]
502 1392 641 1445 Testatur
666 1393 791 1446 Ursinus
819 1395 849 1446 in
869 1411 920 1447 suo
942 1402 1044 1448 vetere
1068 1394 1098 1447 lu
1122 1395 1131 1446 i
1155 1395 1242 1449 Aeeta

84 1462 174 1527 filium
189 1462 276 1515 Salis.
297 1460 405 1515 Saltem
425 1463 575 1516 Librarius
594 1463 721 1516 scribere
741 1463 838 1517 debuit
856 1465 975 1517 Aeeten.
997 1463 1081 1518 Sedi
1140 1464 1242 1533 lectio,
1319 1526 1322 1531 ¹

87 1535 112 1586 si
132 1550 235 1586 revera
254 1533 321 1586 talis
342 1552 460 1605 usquam
479 1534 549 1598 fuit,
569 1533 760 1596 Glossematis
780 1542 823 1587 est
841 1535 1006 1589 damnanda.
1044 1536 1081 1588 D.

157 1604 300 1672 Refrrgere
324 1606 399 1657 oculi
422 1603 494 1669 eto]
531 1603 574 1657 De
600 1603 658 1657 hoo
680 1605 745 1657 soni
770 1605 906 1670 artifieio,
936 1605 1009 1677 ipsis
1036 1605 1243 1673 vocabulorum

85 1673 234 1728 vocalibus
255 1676 430 1728 sententiam
450 1675 654 1748 significantis,
680 1675 823 1745 loquitur,
848 1690 933 1746 'quem
951 1693 1009 1728 non
1039 1677 1130 1730 semel
1148 1672 1244 1731 lauda-

86 1747 196 1808 vimus,
220 1747 348 1796 Maranta
373 1745 555 1810 Quaestionn.
582 1744 697 1797 Lucull.
724 1764 752 1815 p.
778 1746 839 1801 208.
882 1746 1006 1811 „Posuit
1030 1745 1119 1800 hosce
1141 1765 1244 1801 versus

87 1816 207 1868 Vossius
225 1815 256 1866 in
274 1817 318 1867 fra
372 1816 445 1868 entis
463 1812 656 1888 Tragicorum
677 1816 797 1867 incertis
817 1814 857 1900 [p.
880 1820 939 1872 lte.
966 1819 997 1868 in
1015 1814 1156 1870 Seriverii
1176 1818 1244 1872 Col-

88 1885 213 1938 leotann.
236 1893 307 1938 vett.
320 1832 384 1940 gllio
406 1885 446 1960 g·]
473 1885 527 1937 Est
544 1893 650 1949 tamen,
670 1885 746 1954 quod
765 1888 921 1956 suspiceris
941 1902 988 1940 eos
1011 1903 1071 1939 esse
1099 1906 1134 1940 ex
1150 1889 1244 1941 Ennii

88 1955 225 2024 [Pacuvii
245 1957 287 2008 ait
305 1957 351 2012 Or.
387 1905 473 2010 liledo
494 1962 633 2026 sumptos,
662 1956 743 2008 cuius
761 1956 873 2010 fabulae
897 1974 930 2009 ar
951 1965 1103 2008 omentum
1127 1957 1245 2011 videtur

88 2045 150 2082 esse
175 2027 251 2097 apud
274 2028 425 2105 Hyginum
450 2025 514 2080 Feb
538 2029 589 2082 27:
614 2043 787 2096 quamquam
812 2027 853 2080 ibi
877 1975 983 2092 Medus,
1011 2026 1125 2081 Medeae
1153 2028 1243 2093 filius,

89 2099 245 2152 interfecto
265 2098 360 2163 Perse,
389 2100 440 2167 qui
458 2099 560 2151 Aeetae
585 2115 616 2150 re
639 2115 706 2150 num
727 2107 928 2170 occupaverat,
955 2098 1017 2169 ipse
1040 2099 1075 2162 lit
1098 2114 1150 2152 rex
1177 2099 1245 2152 Col·
1275 2111 1278 2118 ’

89 2167 192 2222 chidis.
231 2167 287 2226 Sed
306 2187 372 2222 cum
391 2168 587 2239 Apollodorus
632 2168 903 2232 ‘b1.11.[1.9.28.
928 2172 954 2224 o.
979 2169 1016 2220 ib.
1041 2171 1135 2240 Heyn.
1165 2169 1243 2224 Obss.

110 2281 115 2293 .
136 2237 200 2304 93]·
219 2240 253 2292 ab
275 2240 362 2294 Aeeta
390 2248 594 2312 recuperatum
620 2256 681 2292 esse
708 2255 833 2315 regnum
852 2244 973 2305 referat,
997 2241 1061 2292 veri
1086 2242 1120 2294 fit
1145 2241 1243 2294 simile

87 2258 198 2364 diedum
225 2325 282 2362 non
306 2313 399 2380 prius,
428 2329 514 2380 quam
542 2311 596 2362 illo
619 2318 745 2373 mortuo,
776 2327 899 2386 regnare
925 2311 1083 2379 coepisse.“
1110 2310 1241 2364 Bouhier.

89 2383 182 2433 Verba
200 2381 336 2449 refugere
353 2383 427 2434 oculi
448 2381 627 2435 FAWoldus
651 2383 682 2432 in
709 2380 817 2433 scholis
843 2380 985 2455 explicat:
1025 2381 1100 2435 Der
1127 2383 1242 2434 Glana

53 2509 56 2514 ,
88 2454 218 2506 seiner
237 2452 361 2528 Augen
381 2453 431 2505 ist
450 2451 580 2504 dahin:
607 2448 814 2504 sie'sanken
837 2451 873 2504 in
900 2451 1243 2524 diedugenhtiblen'

87 2521 237 2575 zurich.
258 2554 289 2564 -
313 2523 395 2577 Unus
415 2523 464 2577 Ox.
485 2519 612 2576 cumEd.
622 2520 650 2572 P.
672 2521 702 2573 in
721 2525 783 2574 aer'e
800 2538 854 2593 pro
872 2526 961 2576 macie
979 2522 1112 2588 exhibet5
1132 2522 1206 2580 Gud.
1217 2529 1241 2579 1.

87 2594 255 2660 extabant3
273 2594 432 2664 posteriori
450 2610 468 2646 a
488 2593 722 2664 superscriptum
741 2595 785 2645 est
803 2609 827 2644 a.
864 2594 926 2647 Mr.
1078 2647 1084 2653 ,

158 2663 312 2734 lacrymae
336 2667 471 2732 peredere
490 2692 522 2701 -
543 2678 699 2729 exsangues
722 2664 829 2729 genas]
864 2691 926 2728 ‚‚-
950 2663 1074 2718 Videtur
1099 2666 1140 2718 ita
1165 2663 1244 2719 ordi·

87 2734 198 2787 nandus
228 2753 289 2789 esse
314 2743 426 2801 textus3
452 2737 594 2805 Iaerpnae
618 2735 762 2802 peredere,
795 2732 853 2787 hoo
878 2741 922 2786 est
949 2733 1146 2788 exhauserunt
1175 2754 1244 2801 cone
1295 2763 1296 2767 =

88 2815 332 2876 surnpseruntque
355 2822 446 2874 genas
467 2805 618 2858 oculorum
642 2802 776 2857 humoris
802 2804 952 2879 largitate.
982 2813 1012 2858 et
1030 2806 1072 2857 ita
1094 2805 1174 2878 leges
1189 2806 1244 2873 =Irre-

87 2891 166 2929 rnore
187 2904 218 2913 —
237 2876 345 2929 velita
369 2877 539 2928 distinctum
565 2874 674 2949 legito:
706 2878 849 2942 lacrymae
870 2877 1006 2942 peredere
1030 2875 1181 2942 hamorem,
1208 2885 1244 2930 ut

89 2943 128 2999 sit
146 2963 237 2996 unum
257 2944 349 2998 colon.
376 2949 442 2998 Mox
461 2952 606 3014 sequatur,
626 2944 778 3012 Eranguee
794 2959 883 3010 genae
901 2945 957 2998 sita
975 2947 1097 3010 nidoris,
1117 2948 1244 3001 alterum

88 3015 184 3068 colon.
231 3015 287 3066 uod
312 3016 418 3084 placet,
444 3024 478 3066 ut
496 3030 588 3081 genae
612 3014 640 3065 le
663 3033 692 3066 as
717 3022 797 3067 recto
816 3032 883 3067 casu
904 3014 1084 3084 plurativo.“
1106 3019 1242 3071 Beroald.

87 3034 410 3158 ,‚Vanelegitur‘hic
434 3102 535 3136 versus
560 3085 590 3134 in
609 3033 685 3138 Μξὸ.
712 3085 743 3135 in
762 3099 820 3136 uno
840 3072 918 3136 εἰιίιιι
944 3096 1001 3139 est:
1035 3085 1176 3140 Lacrimis
1193 3089 1244 3140 du-

86 3160 161 3207 rnent
180 3169 325 3223 exangues
341 3170 431 3223 genae
449 3154 507 3206 situ
530 3156 656 3223 liventes,
667 3173 669 3177 ·
681 3155 712 3205 in
731 3152 825 3208 altero
843 3153 995 3208 Lacrimae
1016 3157 1169 3224 perdidere
1192 3157 1242 3210 ba-

85 3223 214 3279 nrorem“
241 3233 295 3278 eto.
328 3225 458 3279 Ursinus.
500 3224 556 3276 Est
580 3224 667 3276 etiam
690 3221 830 3275 humarent
853 3225 885 3275 in
909 3241 966 3277 uno
990 3225 1039 3280 01.
1062 3227 1135 3280 Gud.
1162 3230 1242 3284 ΜΖ

98 3297 150 3351 hio
168 3312 234 3348 cnm
255 3294 321 3350 dist.
342 3295 424 3361 mall}
451 3295 526 3370 Aug.
552 3293 639 3348 Marb.
664 3291 708 3359 [hi
725 3294 888 3361 perdidere]
912 3295 998 3351 Vind.
1019 3298 1044 3349 l.
1068 3289 1143 3350 Mon.
1170 3304 1194 3353 1.
1209 3298 1242 3363 2,

98 3367 149 3421 bio
164 3367 297 3434 perdere]
324 3365 398 3421 Edd.
419 3364 551 3420 lunt.‘P.
571 3365 605 3417 A.
625 3364 656 3420 Β.
677 3362 705 3417 S.
725 3363 760 3421 E,
779 3366 849 3417 Ven.
869 3373 961 3419 nostr.
997 3367 1032 3419 ln
1051 3366 1119 3421 eod.
1142 3367 1240 3423 Duisb.

84 3446 129 3492 est
145 3452 241 3505 genae.
278 3439 340 3490 Mr.

157 3507 220 3562 Sita
238 3507 361 3574 nidoris]
399 3543 417 3572 ,‚
426 3507 517 3572 Situs,
535 3516 569 3559 ut
588 3508 630 3560 ait
647 3507 776 3573 Servius,
797 3515 841 3563 est
858 3506 965 3586 lanugo
986 3527 1022 3563 ex
1038 3510 1161 3565 humore
1172 3530 1242 3582 pro-

88 3587 193 3647 creata,
214 3579 265 3646 qui
283 3579 319 3631 fit
337 3579 368 3630 in
387 3578 460 3631 locis
481 3579 645 3631 carentibus
666 3579 734 3632 sole.
771 3577 901 3632 Donatus
926 3596 1071 3649 exponens
1090 3582 1167 3634 illud
1185 3587 1243 3648 Mae

87 3650 254 3712 ronianum,
275 3666 309 3702 ex
327 3648 392 3703 vll.
413 3647 532 3702 Aeneid.
571 3648 628 3702 Sed
651 3656 677 3700 te
701 3648 777 3702 ricta
799 3653 855 3702 situ
873 3648 985 3721 veri'que
1003 3653 1083 3716 effeta
1109 3659 1241 3721 senectti&
1304 3716 1305 3720 Ἰ

62 3729 64 3734 “
88 3720 132 3775 sic
152 3720 266 3773 scribit:
286 3717 367 3772 Situs
386 3727 426 3771 est
442 3720 585 3788 corruptio
604 3736 638 3771 ea
656 3718 772 3772 iuniore
790 3726 815 3771 et
834 3721 1015 3773 diuturnitate
1037 3726 1185 3786 eontracta.
1209 3734 1242 3764 -’
1295 3728 1297 3733 ’

88 3789 168 3844 Solet
187 3797 280 3842 autern
298 3793 328 3843 in
348 3792 418 3844 tocie
437 3791 579 3843 lutulentis
598 3789 671 3843 ridor
694 3791 808 3861 quidam
834 3797 925 3844 taeter
942 3797 970 3843 et
993 3795 1182 3861 aspernabilis
1200 3798 1242 3849 ol·

87 3860 255 3929 fretantium
273 3876 357 3912 nares
375 3862 523 3929 offendere,
544 3861 593 3931 qui
611 3862 715 3930 etipse
734 3863 830 3914 ritas
849 3862 974 3925 dieitur„
996 3861 1107 3916 Plinius
1125 3866 1156 3921 L.
1169 3866 1241 3919 XXI.

86 3933 245 4003 pessimum
261 3948 320 3984 esse
333 3947 450 3983 crocum
469 3933 520 3997 ait,
539 3933 616 4002 quod
635 3937 719 3987 eitam
738 3932 857 3986 redolet.
878 3934 913 3989 ln
931 3931 1018 4002 quem
1039 3952 1154 3987 sensum
1174 3937 1243 3990 duci

86 4010 184 4075 posset
193 4003 248 4055 ista
259 4002 412 4065 sententie,
431 4009 465 4053 ut
475 4000 546 4057 sitas
555 4004 667 4059 nidoris
677 4002 869 4077 significetur·
877 4002 1059 4072 ὑπερβολικῶς
1077 4021 1136 4058 non
1147 4000 1242 4068 solum

88 4071 208 4143 squalor
227 4081 256 4125 et
275 4069 468 4135 decoloratio,'
480 4073 528 4124 sed
548 4081 576 4127 et
596 4075 669 4127 odor
691 4071 866 4141 inamabilis{
891 4074 984 4142 qualis
1008 4077 1044 4126 'ex
1062 4092 1094 4126 re
1113 4076 1242 4130 ambusta

87 4145 223 4198 sentitur.
261 4142 397 4195 Nidorern
416 4144 493 4195 enim
512 4144 583 4212 poni
607 4160 660 4213 pro
688 4143 775 4196 odore
797 4143 950 4211 ‘epularum
976 4151 1005 4195 et
1030 4145 1144 4210 culinae
1173 4147 1241 4198 satis

87 4214 187 4267 claret.
208 4242 241 4251 -
259 4217 367 4265 Verum
388 4213 474 4265 etiarn
494 4215 616 4282 ponitur
634 4231 687 4284 pro
705 4221 808 4283 putore
827 4214 957 4265 ustrinae
977 4221 1005 4266 et
1024 4215 1068 4266 rei
1087 4216 1240 4278 ustulans,

87 4293 121 4337 ut
139 4285 216 4353 apud
233 4283 339 4358 Virgil.
360 4278 430 4335 xll':
462 4283 514 4335 lili
535 4284 635 4349 ingens
660 4285 747 4339 barbjo
773 4285 885 4346 reluxit,
910 4282 1088 4352 nidorernqae
1115 4287 1242 4335 ambusta

88 4356 182 4408 dedit.-
206 4370 264 4424 quo
290 4354 456 4437 significatu
476 4353 525 4407 hic
544 4355 638 4424 accipi
661 4354 809 4406 videtur.“
827 4355 960 4406 Beroalds
999 4355 1080 4419 „Pro
1100 4358 1141 4406 'eo
1165 4352 1257 4420 quod
1306 4419 1307 4423 Ἰ

88 4425 200 4501 legitur
218 4429 276 4480 ritu
292 4428 409 4490 attaris,
429 4422 537 4498 reperi,
557 4432 589 4478 ut
607 4426 648 4479 ita
666 4425 770 4492 dicam,
800 4426 832 4478 in
855 4425 990 4493 mystiois
1018 4422 1102 4475 libris
1120 4425 1176 4476 situ
1198 4421 1243 4476 li·

959 4526 1029 4588 sr
1132 4607 1133 4610 Ν
