2842 5070
208 315 272 393 ctu
408 310 638 377 CICERONIS
660 311 909 378 TUSCULAN.
931 312 1162 381 DISPUTAT.

208 474 361 565 separata
384 483 499 551 >etiam
531 480 693 560 utilitate,
724 475 925 554 laudabitis3'
958 501 999 541 ax
1030 496 1069 542 ea
1099 479 1371 560 proficiscuntur

195 567 367 633 honestae
402 567 604 642 uoluntates,
643 567 856 640 sententiae,
879 565 1038 640 actiones,
1067 564 1241 645 omnisque
1271 573 1368 627 recta

208 650 316 718 ratius
347 666 554 730 quamquam,
582 651 654 729 ipsa
686 650 796 709 virtus
832 647 1030 708 brevissime
1059 653 1151 706 recta
1179 648 1268 708 ratio
1298 647 1375 711 dici'

207 741 325 811 potest.
376 731 488 792 Huius
510 733 617 816 igitur
647 731 784 791 virtutis
817 732 988 790 contraria
1017 738 1069 790 est
1090 729 1283 808 vitiositass·
1304 733 1368 805 (sic

207 816 301 879 enim.
323 814 423 885 melo,
456 813 757 894 quammatitiam,
786 811 955 894 appellare
994 831 1078 888 eam,
1108 830 1205 892 quam
1242 812 1369 880 Graeci
1407 832 1411 837 ·

208 890 326 978 κακίαν
348 897 537 978 appellant:
568 916 657 956 nam*
671 896 811 972 malitia,
833 895 920 956 certi
945 892 1118 974 cuiusdam
1134 895 1217 955 uitii
1243 916 1367 962 nomen

810 989 1364 1018 -1-———·——·———-⁶—.

205 1033 312 1102 etalio
332 1080 362 1090 -
385 1064 465 1117 quium
485 1047 634 1099 cernimus.
655 1078 688 1088 -
721 1047 780 1098 Pro
805 1047 917 1115 quando
941 1064 1016 1097 unus
1035 1045 1084 1098 Ox.
1114 1045 1199 1098 habet
1223 1045 1365 1113 quoniam.

207 1120 266 1187 Qua
285 1119 319 1171 de
338 1136 370 1171 re
389 1118 488 1189 paullo
507 1117 637 1188 superius
655 1119 828 1168 monuimus.
853 1117 946 1168 Verba
965 1116 1061 1182 igitur
1078 1135 1168 1189 usque
1187 1118 1222 1169 ad
1240 1121 1366 1184 efficiens

119 1210 123 1215 ·
206 1192 308 1243 omissa
330 1199 397 1241 sunt
421 1192 452 1241 in
477 1188 545 1241 God.
570 1187 657 1240 Marb.
702 1189 736 1240 In
760 1188 845 1240 Vind.
867 1193 891 1242 1.
908 1186 1029 1260 iegitur
1059 1179 1150 1241 inimi
1174 1196 1215 1241 est
1245 1191 1366 1256 affectio.

206 1262 267 1314 Vox
289 1260 512 1330 conveniensque*
530 1259 678 1313 omittitur
707 1260 738 1310 in
765 1258 872 1311 duobus
897 1259 982 1317 Oodd.
1011 1260 1080 1311 Oxx.
1117 1259 1188 1311 Eius
1211 1260 1277 1312 loco
1306 1263 1366 1337 legi

206 1332 319 1386 volebat
336 1333 408 1385 Ern.
429 1331 661 1399 consentiensque,
688 1346 755 1381 cum
773 1328 830 1382 hoc
848 1330 936 1382 verbo
956 1347 1070 1398 semper
1088 1331 1190 1384 Cicero
1210 1333 1241 1383 in
1259 1331 1315 1384 hac
1334 1351 1367 1387 re

206 1398 314 1456 utaturss
353 1402 548 1460 consentiendi
573 1401 661 1454 verbo
686 1401 848 1470 saepissime
872 1401 917 1452 uti
944 1401 1125 1467 Ciceronem,
1159 1401 1368 1472 nonnunquam

206 1476 293 1528 etiam
311 1475 361 1541 ita,
380 1483 414 1526 ut
433 1474 526 1527 eidem
544 1479 674 1526 constare
692 1469 838 1546 adiungat,
864 1488 949 1523 nemo
968 1475 1131 1545 negaverit:
1161 1475 1232 1538 vid,
1259 1483 1294 1526 ut
1311 1476 1368 1531 hoc

206 1554 281 1609 utar,
302 1546 348 1598 Or.
368 1561 422 1614 pro
441 1545 555 1598 cluent.
576 1546 620 1605 22,
639 1545 689 1598 ὅθιΔ
709 1542 766 1596 siti
783 1549 915 1595 constare
933 1548 1006 1595 et-
1027 1545 1183 1598 consentire
1201 1545 1366 1615 debuerunt3

206 1616 241 1669 de
259 1617 347 1669 Univ.
367 1619 397 1680 2,
416 1619 446 1670 6:
465 1614 522 1670 sits·
540 1619 644 1667 constet
663 1619 689 1664 et
708 1641 741 1651 ·-
760 1629 851 1667 senum
869 1613 932 1682 ipsu
949 1616 1112 1668 consentiat.
1142 1615 1197 1680 Sed
1216 1619 1287 1686 quid
1304 1628 1367 1672 erat

206 1687 285 1757 quod
302 1703 360 1740 non
378 1687 580 1761 recordaretur
598 1686 669 1736 Ern.
689 1684 831 1748 locorum,
852 1685 951 1752 quales
976 1694 1042 1736 sunt
1067 1686 1102 1739 de
1121 1687 1176 1741 eff.
1197 1688 1248 1741 111.
1271 1692 1297 1744 8.
1317 1695 1365 1746 35:

206 1764 292 1811 recta
307 1782 338 1796 -—
357 1763 385 1810 et
400 1754 657 1810 conuenientia
681 1761 709 1808 et
732 1756 943 1808 constantia
968 1762 1069 1809 natura
1094 1758 1253 1824 desiderata
1284 1762 1323 1819 ib.
1343 1764 1366 1814 1.

205 1832 251 1884 to.
282 1833 345 1884 lta:
383 1829 612 1897 quemadmodum
638 1826 667 1878 in
692 1829 819 1880 oratione
841 1831 1041 1892 constanti}
1067 1829 1112 1882 sic
1134 1832 1165 1883 in
1186 1831 1252 1883 uita·
1272 1833 1392 1892 omnin,

172 1904 175 1910 '
207 1899 266 1953 sint
285 1931 318 1941 —
337 1899 613 1963 convenienttu3
630 1897 665 1950 de
684 1897 749 1948 Div.
764 1899 801 1950 11.
812 1901 858 1952 39.
874 1901 923 1952 82ι
943 1901 1155 1954 conueniens
1174 1906 1199 1962 t!
1217 1904 1368 1956 coniuncto

143 2019 146 2025 .
206 1972 430 2035 constantien
449 1970 483 2022 de
502 1972 538 2023 N.
558 1970 592 2024 D.
614 1969 716 2024 11021.
736 1971 788 2023 54:
816 1970 1033 2023 conueniens
1056 1978 1278 2043 constansque
1300 1991 1368 2028 con·

167 2069 168 2076 .
206 2042 323 2111 νςνείαςΙ
347 2042 382 2094 de
399 2043 511 2094 invent.
533 2041 555 2093 1.
576 2043 601 2095 9.
621 2040 669 2093 lt:
698 2055 769 2100 cum,
798 2047 824 2092 et
842 2040 908 2106 quid
925 2043 1029 2106 fuctum
1048 2044 1095 2108 sit,
1123 2043 1305 2107 conuenit,
1338 2051 1367 2098 et

207 2130 261 2181 nuo
279 2114 311 2168 αἱ
331 2145 364 2155 -
382 2113 493 2166 nomine
521 2111 662 2180 appellari
687 2117 826 2176 oportent,
851 2118 1004 2164 constat.
1043 2114 1126 2179 Haec,
1144 2115 1254 2184 opinor,
1280 2117 1365 2166 suffi-

165 2217 170 2239 ι
206 2185 285 2237 cient
310 2185 344 2237 ad
367 2183 629 2246 demonstrandum,
661 2181 774 2234 nnllam
800 2181 887 2236 fuisse
913 2184 1044 2237 idoneam
1060 2185 1180 2238 Ernesto
1207 2185 1365 2236 mutandae
1409 2216 1412 2221 -

206 2255 344 2307 lectionis
363 2271 482 2308 causam.
520 2253 605 2304 Tales
631 2251 844 2305 emendationes
870 2253 947 2306 haud
969 2254 1270 2324 paucae‘exciderunt
1296 2257 1367 2308 viro

207 2326 242 2378 de
262 2325 402 2377 Cicerone
421 2325 571 2392 ceteroqui
591 2303 785 2375 meridssimo.
809 2353 839 2365 -
876 2326 975 2399 Pergit
997 2326 1066 2394 Cod.
1087 2327 1171 2379 Vind.
1191 2328 1216 2378 1.
1246 2333 1277 2378 et
1302 2328 1368 2378 luu-

207 2395 437 2448 dcbites.-Marb.
460 2394 546 2447 habet
572 2400 737 2461 seperatus
772 2396 848 2447 unde
878 2396 984 2465 aliquis
1010 2397 1146 2449 coniicias
1167 2399 1369 2466 ,desperata

207 2467 296 2520 etiam
321 2465 457 2530 utilitate,
485 2482 553 2518 cum
577 2465 680 2518 Cicero
706 2481 763 2517 non
789 2467 878 2531 cernel
905 2467 982 2520 dicat
1011 2469 1162 2537 desperare
1188 2468 1303 2535 aliquid
1326 2470 1371 2521 ael

208 2536 337 2607 aliquam
355 2553 423 2601 rem,
441 2554 470 2592 v.
491 2553 515 2588 c.
536 2537 583 2589 Or.
604 2537 635 2586 in
653 2535 736 2588 Catil.
757 2537 795 2588 11.
815 2541 841 2594 9.
863 2540 910 2593 19:
929 2536 1059 2603 honores,
1080 2556 1189 2609 quos-
1202 2540 1367 2604 demerent.

208 2610 271 2660 Nec
290 2617 386 2660 tamen
405 2624 459 2682 ego
477 2607 588 2676 aliquid
605 2607 790 2660 mutaverim.
827 2609 862 2679 ln
881 2626 958 2678 seqq.
980 2602 1023 2666 ed'.
1049 2613 1079 2662 P.
1104 2609 1189 2663 habet
1211 2603 1369 2677 uoluptates

85 2673 86 2676 '
153 2714 154 2718 =
207 2679 445 2750 prominulam,
465 2677 693 2741 eodemerrore,
723 2695 810 2746 quem
833 2681 948 2749 correxi
974 2681 1049 2750 apud
1067 2681 1127 2734 Cic.
1154 2681 1188 2734 de
1203 2683 1277 2750 Bep.
1298 2683 1321 2734 I.
1341 2683 1365 2735 2.

156 2798 164 2802 -
230 2787 236 2801 .
258 2753 299 2805 13.
319 2751 368 2802 ubi
387 2757 485 2802 tamen
504 2755 594 2812 etant,
615 2749 666 2817 qui
684 2748 875 2802 defenderent
893 2751 1078 2804 manifestum
1098 2768 1228 2804 errorem
1247 2750 1368 2805 rationi-

207 2769 260 2873 Bus
278 2838 382 2890 parum
399 2820 519 2872 idoneis.
547 2820 629 2873 Coni.
649 2819 742 2872 Beier.
767 2820 802 2872 ad
825 2822 958 2874 Laelium
983 2828 1025 2888 16,
1045 2827 1088 2880 61-
1109 2841 1137 2892 p.
1157 2827 1201 2878 et.
1231 2822 1367 2877 Ochsner.

209 2892 245 2944 ad
262 2891 322 2954 Cic.
341 2890 463 2966 Bclogg.
481 2909 509 2960 p.
531 2893 591 2946 244.
613 2890 654 2942 ed.
676 2893 701 2944 3.
720 2891 813 2944 Beier.
834 2893 868 2944 ad
887 2893 947 2946 Cic.
968 2893 1049 2964 Brut.
1069 2896 1113 2958 20,
1132 2887 1176 2949 68.
1195 2896 1280 2962 pse.
1307 2888 1366 2947 Mr.

209 2960 763 3087 sardii&iiiiii-ii.Uni?
790 2964 840 3103 t}
860 2964 1125 3090 Eiif‘itiii'
1147 2963 1367 3104 initiet

198 3097 286 3156 ‘cun
306 3106 332 3158 2.
351 3103 437 3155 habet
455 3106 518 3171 ipsa
536 3107 638 3159 iustu
657 3103 828 3157 breuissime.
842 3053 952 3158 qOrtus
976 3115 1019 3159 est
1043 3122 1127 3158 error
1152 3124 1188 3158 ex
1212 3107 1368 3177 scriptione

193 3174 295 3243 'iustu
318 3174 384 3228 God.
405 3175 501 3227 Duisb.
522 3175 639 3228 exhibet
656 3176 719 3243 ipsu
737 3175 832 3228 uirtus
849 3176 955 3234 breui,
975 3193 1104 3230 summa
1121 3184 1199 3229 recto
1217 3178 1294 3230 ratio
1313 3178 1370 3232 dici

140 3266 145 3281 ν
208 3253 307 3315 potest.
344 3245 478 3299 Ridicula
495 3246 549 3298 illa
569 3247 711 3322 elegantia
732 3248 876 3321 originem
903 3248 987 3300 debet
1010 3248 1163 3317 scriptioni
1187 3249 1367 3312 brevissume,

231 3335 297 3369 uam
313 3315 399 3370 habet
418 3318 491 3370 Gud.
513 3322 537 3373 1.
575 3315 722 3371 scribitur
739 3318 854 3371 inverso
873 3319 974 3372 ordine
992 3321 1068 3373 ratio
1087 3325 1165 3372 recta
1191 3319 1223 3370 in
1241 3317 1314 3374 Edd.
1334 3320 1366 3371 A.

208 3336 239 3440 B.
261 3387 289 3443 S.
310 3389 344 3440 B.
364 3389 395 3440 C.
415 3390 448 3440 V.
471 3387 544 3441 nob.
574 3386 672 3458 Steph.
701 3389 800 3442 Herw.
823 3390 900 3442 *Ven
926 3399 1015 3443 nostr.
1033 3389 1104 3456 Asc.
1125 3393 1151 3445 2.
1178 3391 1260 3442 Junt.
1285 3390 1368 3442 libris

208 3458 287 3513 MSS.
307 3474 365 3511 non
382 3459 608 3511 assentientibus.
645 3458 690 3511 Ad
716 3460 888 3512 sententiani
911 3463 949 3512 ct.
970 3460 1030 3513 Cic.
1059 3460 1094 3513 de
1121 3462 1210 3534 Legg.
1231 3461 1305 3515 1..,7.
1326 3463 1366 3516 12.

209 3529 244 3583 de
262 3529 348 3581 Finn.
368 3530 421 3582 111.
436 3534 467 3592 J.
487 3530 571 3614 Dicg.
592 3519 686 3583 licent.
703 3530 771 3588 Vll.
790 3534 834 3587 90.
864 3529 909 3583 Ad
926 3549 1002 3597 eum,
1021 3531 1072 3600 qui
1090 3530 1141 3584 hic
1152 3532 1272 3584 -cbtinet
1290 3531 1369 3584 vocis

208 3599 304 3667 igitur
320 3618 414 3665 usum,
441 3610 474 3653 ut
492 3601 530 3653 sit
549 3620 568 3652 1.
589 3616 616 3668 q.
644 3600 768 3669 iuquam,
796 3603 833 3653 cf.
854 3601 997 3656 Goerenz.
1024 3603 1059 3654 ad
1073 3602 1133 3655 Cic.
1153 3602 1188 3654 de
1207 3603 1295 3654 Finn.
1316 3602 1366 3655 111.

144 3691 149 3700 ·
184 3714 187 3727 .
209 3674 235 3727 5.
256 3676 299 3727 tt.
319 3690 347 3741 p.
368 3675 429 3727 330.
449 3691 491 3742 sq.
522 3671 616 3724 Verba
633 3669 715 3723 liuius
734 3699 767 3710 -
785 3671 931 3727 uitiositas
950 3673 1051 3726 omissa
1068 3681 1135 3724 sunt
1153 3673 1185 3725 in
1203 3672 1366 3747 Cod.·Aug.

197 3743 276 3795 ‘God
288 3744 363 3795 Gud.
377 3743 463 3795 habet
476 3742 648 3806 huiusmodi,
667 3742 874 3816 Bageia-tus.
894 3747 948 3797 Pro
967 3743 1001 3797 εἰ
1010 3760 1025 3798 c
1043 3746 1115 3798 enim
1124 3744 1177 3796 Ed.
1192 3746 1265 3797 Van.
1278 3753 1367 3797 nostr.

209 3814 274 3867 ssd
292 3814 459 3867 suim'Gud.
479 3815 505 3867 2.
530 3812 617 3865 habet
634 3812 738 3865 muium
754 3830 807 3883 pro
826 3815 910 3868 molo.
948 3818 1009 3871 Mr.
1269 3831 1275 3842 ·

281 3901 368 3950 eum,
389 3899 472 3952 quam
488 3883 594 3936 Graeci
611 3888 709 3936 κακίαν
728 3885 886 3952 appellant]
924 3885 1125 3953 „Existimavi
1142 3888 1320 3952 faciendum,
1336 3895 1370 3939 ut

209 3972 368 4021 monerem,
402 3955 445 4007 sic
471 3954 503 4005 in
521 3954 657 4018 Victorii,
687 3954 861 4009 Gothofredi
886 3966 915 4010 et
940 3959 1005 4010 aliis
1024 3957 1156 4011 exhiberi
1180 3959 1369 4024 editionibus,

208 4045 263 4080 nec
281 4045 327 4080 me
346 4027 421 4078 scire
439 4042 493 4076 cur
510 4040 573 4076 eum
598 4025 691 4077 fuerit
719 4028 870 4096 expulsum
889 4047 905 4081 a
923 4028 1076 4082 Gebhardo
1103 4029 1151 4094 [in
1169 4030 1223 4081 Ed.
1243 4029 1370 4096 Hamb.],

211 4116 299 4167 quem
317 4096 433 4166 sequuti
450 4096 632 4148 citeriores.“
651 4097 767 4150 Gronov.
807 4099 922 4153 Omittit
943 4117 1045 4153 vocem
1065 4115 1125 4152 eum
1150 4101 1226 4152 solus
1245 4102 1315 4154 God.
1334 4101 1369 4154 D.

207 4171 273 4223 Post
291 4167 394 4222 Graeci
416 4167 449 4218 in
473 4167 539 4221 God.
559 4169 646 4220 Marb.
670 4169 804 4238 sequitur
823 4171 938 4238 tutunus,
972 4171 1176 4241 superscriptis
1199 4173 1298 4226 literis
1322 4172 1372 4241 gr]

207 4242 283 4293 Mon.
306 4244 330 4294 1.
359 4237 471 4291 omittit
493 4256 626 4314 graecam
651 4256 753 4292 vocem
775 4241 850 4293 sine
863 4242 965 4312 spatio,
999 4251 1033 4294 ut
1052 4241 1119 4298 eon.
1139 4244 1213 4316 Aug.
1241 4243 1373 4308 Quatuor

209 4311 278 4365 Oxx.
301 4317 331 4361 et
348 4308 436 4363 Rehd.
456 4310 547 4379 spatio
566 4311 678 4363 relicto.
695 4313 765 4363 Ven.
782 4321 872 4366 nostr.
891 4313 979 4366 habet
997 4313 1096 4365 uuuian
1114 4323 1148 4366 ut
1163 4314 1232 4371 eod.
1253 4315 1372 4386 Duisb.;

509 4368 515 4383 Ι

207 4384 288 4436 dunt.
308 4381 416 4434 moiun.
454 4383 514 4435 Mr.
750 4424 753 4429 ⁴
1073 4446 1075 4451 ,

157 4462 164 4476 “
218 4492 221 4497 -
279 4459 406 4511 acutas
423 4453 576 4525 appetunt,
594 4467 660 4510 non
676 4452 855 4526 matutina]
872 4455 1041 4524 »κακίαναῑ
1058 4454 1158 4512 citium
1177 4465 1207 4512 et
1225 4455 1374 4515 uitiosita-
