2842 5070
171 286 178 297 '
204 310 268 391 sse
402 304 633 372 emsnouls
653 252 902 373 mserum.
923 307 1157 383 u1srurnr,

203 474 341 547 dicitur,
372 471 679 551 demonstrandum,
708 473 832 535 nullam
862 492 933 537 esse
955 474 1022 536 uisi
1048 473 1274 557 opinabilem,
1309 472 1375 547 uisi

206 558 334 620 iudicio
347 566 543 639 susceptam,
555 559 622 619 nisi
633 557 870 620 voluntariam.
891 557 1032 627 Etenim
1044 560 1074 619 si
1085 557 1262 617 naturalis
1279 575 1375 618 amor

185 648 190 657 '
206 648 305 716 esset,
327 647 361 702 et
372 649 525 702 amarent
535 658 660 716 omues,
682 647 717 701 et
729 658 862 720 semper
872 648 1035 717 emerent,
1057 647 1091 700 et
1103 638 1194 701 idem
1207 647 1373 718 emerent,

203 741 311 805 neque
325 721 430 783 alium
445 721 570 804 pudor,
590 722 690 782 alium
704 723 876 807 cogitatio,
899 723 1002 784 elium
1014 723 1151 783 satietas
1163 718 1371 786 deterreret.

286 803 458 880 Iravero,
480 823 573 889 quae,
596 823 693 884 quam
716 801 775 864 diu
795 804 1160 885 perturbatenimum,
1181 801 1371 865 dubitatio-

200 973 345 1045 βούληται·
365 973 472 1035 αὐτίκα,
497 971 561 1042 ἔφη,
588 976 638 1026 οὐκ
656 971 706 1043 ipsi
724 969 844 1044 ἀδελφὸς
862 971 990 1044 ἀδελφῆς,
1007 972 1089 1034 ἄλλος
1106 973 1140 1026 δὲ
1157 971 1275 1040 ταύτης·
1301 969 1366 1026 οὐδὲ

200 1048 291 1116 πατὴρ
320 1045 465 1114 θυγατρός,
498 1047 582 1102 ἄλλος
615 1043 649 1097 di
683 1043 779 1112 ταύτης
804 1072 838 1085 -
868 1076 901 1086 -
935 1041 971 1097 rb
1000 1042 1114 1114 δ’ἕρᾷν
1143 1038 1366 1110 &elucidatis

201 1115 303 1171 ieter.
341 1116 395 1168 cui
413 1116 611 1184 Cyrusz·ntir
628 1104 689 1178 οὖν,
712 1116 762 1180 ait,
786 1115 812 1168 ei
829 1109 988 1168 ἐθελούσιόν
1011 1113 1068 1168 ἐστι
1091 1110 1123 1169 τὸ
1142 1113 1311 1185 ἐρασθῆναι,
1332 1111 1363 1185 oti

200 1189 247 1242 καὶ
263 1185 429 1239 παύσασθαί
441 1185 527 1250 Ιἔστιν,
545 1186 614 1239 ὅταν
630 1205 668 1246 τις
676 1185 804 1253 βούληται
810 1203 820 1250 ;
839 1183 893 1238 itt·
907 1182 970 1252 ipo),
989 1188 1053 1258 ἔφη,
1072 1180 1181 1255 ἑώρακα
1192 1189 1242 1238 καὶ
1253 1187 1364 1239 κλαίον-

200 1278 247 1320 τας
264 1257 323 1311 ἀπὸ
344 1251 430 1324 λύπης
447 1255 483 1308 δι’
502 1256 597 1328 ἔρωτά,
626 1257 671 1308 καὶ
693 1251 872 1317 δουλεύοντάς
894 1274 926 1324 γε
947 1263 1003 1324 τρῖς
1026 1256 1184 1332 ἕρωμέξοις,
1219 1257 1268 1309 καὶ
1289 1255 1363 1325 μάλα

199 1329 286 1383 κακόν
304 1333 477 1397 νομίζοντας,
496 1331 564 1397 πρίν
580 1346 612 1394 γε
629 1326 707 1395 ἰρᾷν,
726 1328 757 1380 td
777 1327 921 1381 δουλεύειν.
934 1359 968 1370 -
1002 1329 1037 1381 ln
1054 1346 1134 1399 seqq.
1153 1343 1210 1400 pro
1230 1327 1362 1382 Etenim

199 1417 274 1452 unus
294 1399 343 1452 Ox.
363 1397 448 1451 habet
466 1399 518 1451 Est
535 1397 618 1461 enim,
639 1398 712 1451 Gud.
733 1405 760 1450 et
778 1399 833 1468 qui.
871 1399 932 1450 Mr.
1114 1428 1121 1433 -
1297 1432 1300 1436 -

266 1471 308 1535 ,Εἰ
334 1476 461 1521 amarent
483 1485 586 1534 amnes,
618 1475 644 1521 et
670 1485 778 1537 semper
799 1475 935 1534 emerent,
962 1476 988 1522 et
1005 1468 1082 1522 idem
1098 1468 1265 1539 omer-ente]
1303 1471 1362 1534 „Ut

200 1543 291 1596 edidit
307 1542 464 1604 Victorius,
493 1547 584 1592 exstat
606 1538 636 1592 in
659 1539 779 1594 Palatin.
808 1549 902 1610 quart
923 1540 1014 1592 Vatic.
1034 1541 1104 1591 alias
1126 1539 1202 1592 haec
1220 1540 1362 1595 tenduutt

200 1620 228 1666 et
247 1618 375 1665 emerent
395 1626 497 1675 omnes,
524 1616 555 1662 et
578 1616 797 1672 emerentur,
826 1617 852 1663 et
869 1627 976 1678 semper
994 1611 1155 1665 emerent.“
1174 1609 1261 1665 Geblr.
1303 1611 1362 1663 lam

198 1686 313 1754 pridem
331 1690 428 1734 autem
444 1682 550 1732 Brutus
569 1679 603 1732 de
621 1680 652 1732 h.
670 1681 691 1731 1.
712 1681 752 1731 ita
770 1681 978 1751 disputaverat:
1013 1683 1073 1747 „lit
1097 1688 1232 1735 amarent
1260 1697 1362 1748 onmes,

200 1759 233 1806 et
251 1757 474 1815 amarentur,
499 1757 527 1802 et
545 1758 653 1817 semper
671 1758 811 1804 amarent:
839 1753 880 1803 ita
898 1753 969 1804 olim
987 1753 1086 1814 Aldus,
1106 1754 1217 1804 Manat.
1236 1761 1362 1823 utruque

200 1825 337 1887 editione,
357 1821 453 1893 Larnb.
474 1822 517 1873 ed.
554 1823 589 1874 Iu
608 1821 721 1891 Gry-ph.
740 1821 816 1873 libro
835 1822 957 1874 verbum
975 1829 1139 1876 nutarentur
1158 1839 1220 1876 nou
1239 1822 1370 1908 legitur,

200 1895 249 1947 eui
267 1893 442 1966 suffragetur
459 1892 584 1945 Victorii
601 1892 700 1944 Editio
720 1899 749 1944 et
766 1893 933 1946 Parisiensis
952 1894 1109 1946 Vascosaui.
1147 1895 1209 1946 Nos
1235 1896 1361 1965 quidem,

199 1973 249 2016 tan
273 1982 338 2017 uam
356 1964 476 2015 minime
495 1963 686 2016 necessarium
708 1964 803 2015 visum
830 1964 865 2016 ad
882 1964 1029 2016 Ciceronis
1050 1965 1226 2016 sententiam
1247 1965 1362 2040 signifi-

200 1983 332 2100 candum,
353 2043 382 2086 et
399 2032 493 2086 veluti
511 2034 650 2085 usitatum
668 2032 714 2083 illi
733 2052 887 2087 numerum
903 2035 1074 2104 perturbans
1088 2035 1177 2108 longe
1190 2035 1362 2088 venustissi-

199 2124 290 2169 mum,
311 2102 509 2158 sustulimus.“
544 2105 620 2156 Voce
644 2105 784 2155 naturalis
810 2105 851 2156 ita
878 2105 966 2157 etiam
988 2107 1084 2157 utitur
1106 2105 1210 2158 Cicero
1235 2105 1271 2158 de
1290 2107 1360 2176 llep.

198 2177 252 2230 llI.
273 2180 298 2232 Β.
318 2183 390 2230 extr.
428 2174 517 2248 Magis
536 2175 624 2226 etiam
650 2174 684 2226 de
709 2175 781 2227 Fato
799 2177 825 2239 5,
845 2179 877 2232 9=
906 2192 960 2228 nen
985 2177 1059 2228 enim
1078 2206 1110 2218 -
1131 2182 1302 2229 nostrarum
1318 2193 1365 2229 eo·

199 2248 336 2302 lentatum
353 2252 434 2314 etque
453 2245 654 2312 appetitionum
671 2252 735 2297 eunt
753 2260 855 2298 caueae
874 2250 1019 2300 naturales
1029 2251 1056 2299 et
1071 2247 1277 2300 antecedentes.
1300 2248 1361 2301 Mr.

271 2325 298 2371 et
315 2321 439 2368 amarent
458 2330 552 2371 omnes
569 2322 595 2367 et
613 2330 721 2382 eempes
737 2317 887 2383 amcrent‚]
910 2319 973 2370 Post
994 2333 1086 2370 onmes
1102 2317 1220 2369 additur
1239 2317 1365 2370 illudet

200 2393 366 2440 emerentur
392 2385 424 2435 iu
442 2384 527 2437 Codd.
548 2385 632 2436 Vind.
654 2385 677 2437 l.
697 2388 724 2440 2.
750 2403 809 2439 uuo
833 2387 883 2439 Ox.
902 2389 974 2440 Edd.
993 2388 1026 2439 A.
1046 2389 1082 2439 tt.
1103 2389 1135 2440 1..
1154 2386 1220 2440 Asc.
1242 2393 1268 2442 l.
1298 2387 1365 2440 Ait.

199 2457 315 2512 Lambb.
335 2455 424 2518 Goth.
444 2452 718 2535 [dnaepesteriores
739 2473 809 2510 vero
835 2458 866 2510 in
884 2460 1015 2531 margine
1038 2457 1146 2510 habent
1159 2458 1262 2511 ¹libros.
1282 2458 1364 2513 MSS.

199 2545 259 2582 non
275 2529 381 2580 babere
399 2544 431 2579 ea
448 2527 536 2579 verba
554 2544 646 2595 neque
668 2527 839 2579 Lambinmu
858 2545 892 2580 ea
909 2528 1074 2602 agnoscere]
1100 2529 1164 2582 Gar.
1183 2527 1290 2598 steph.
1329 2531 1364 2582 lu

199 2600 266 2655 cod.
287 2597 361 2655 Gud.
382 2606 424 2650 est
442 2603 469 2653 et
488 2603 694 2650 nutarentur
712 2613 804 2650 omnes
822 2599 888 2667 (pro
907 2599 1046 2663 emerent)
1064 2605 1089 2651 et
1100 2616 1211 2668 semper
1222 2607 1363 2665 amarent,

198 2669 231 2724 iu
240 2670 294 2723 Ed.
303 2672 375 2721 Ven.
394 2677 483 2720 nostr.
504 2673 670 2721 clamarent
689 2683 782 2721 omnes
799 2674 830 2719 et
849 2675 1001 2723 amarent
1020 2669 1085 2733 (sic)
1103 2677 1130 2722 et
1149 2685 1262 2738 semper
1281 2667 1364 2722 emu-

199 2748 271 2808 eent‚
290 2741 321 2792 iu
339 2740 392 2792 Ed.
413 2738 492 2806 sylb.
513 2745 682 2809 sternerent
701 2754 794 2791 ornnes
811 2745 838 2791 et
857 2756 965 2809 semper
989 2747 1214 2806 emerentur,
1241 2745 1269 2793 et
1288 2742 1364 2795 idem

142 2808 145 2817 '
199 2828 254 2865 am.
291 2813 326 2864 ln
344 2809 410 2862 eod.
429 2809 513 2860 Vind.
535 2813 559 2862 l.
580 2817 624 2861 est
648 2808 735 2862 iidem
752 2827 806 2879 pro
825 2809 909 2877 idem,
932 2812 964 2864 in
981 2811 1071 2866 Rehd.
1098 2818 1124 2865 et
1151 2811 1264 2880 semper
1283 2828 1364 2865 amu-

198 2887 263 2934 rent
283 2887 308 2933 et
327 2880 471 2932 ratione
489 2879 553 2949 (pro
572 2872 659 2942 idem)
678 2887 813 2934 emerent.
841 2883 968 2957 Pergunt
987 2879 1043 2934 duo
1062 2882 1132 2937 011.
1152 2898 1239 2952 neque
1257 2884 1365 2938 illum

195 2948 300 3020 pudor,
321 2950 397 3019 quod
415 2959 457 3001 est
474 2951 524 3002 vel
542 2950 710 3020 interpretis
727 2953 777 3003 vel
795 2953 979 3005 correctoris.
1015 2953 1050 3005 ln
1068 2953 1127 3005 line
1146 2953 1252 3023 capitis
1271 2946 1361 3007 Codd.

198 3022 287 3078 Marb.
307 3024 382 3074 Mon.
403 3026 428 3076 l.
449 3028 477 3073 et
495 3038 568 3072 unus
588 3022 637 3074 Ox.
657 3020 764 3074 hebent
781 3023 911 3088 deterret,
932 3024 1008 3091 quod
1027 3032 1090 3076 erat
1108 3024 1197 3076 etiam
1216 3042 1301 3094 apr.
1320 3042 1362 3077 m.

199 3092 232 3144 in
251 3091 324 3147 Gud.
345 3095 370 3147 l.
409 3091 444 3144 ln
463 3090 538 3147 Gud.
557 3093 583 3146 2.
604 3091 740 3144 omissum
758 3101 799 3144 est
817 3091 874 3144 hoc
891 3094 1020 3147 verbum.
1057 3094 1190 3164 Quinque
1212 3095 1286 3152 Onx.
1306 3110 1362 3166 pro

197 3165 315 3218 euticiae
332 3171 374 3214 est
393 3161 526 3216 sacietas:
550 3162 667 3235 egregie
686 3163 806 3215 scillcet.
842 3163 903 3217 Mr.

270 3252 294 3286 c.
315 3237 358 3288 36.
395 3235 447 3285 Ire
466 3249 542 3298 vero,
561 3249 644 3302 quem
662 3233 744 3298 dth-
768 3233 891 3302 „ltaque
917 3241 946 3286 et
964 3234 1081 3290 Veneti.
1102 3234 1175 3288 'Sed
1196 3252 1282 3306 posse
1301 3253 1361 3290 nen

95 3343 99 3354 .
197 3322 352 3375 perperam
370 3303 458 3356 scribi
478 3304 611 3357 existimo
629 3319 703 3356 cum
722 3302 804 3356 din.“
824 3305 968 3357 Cameren
1003 3307 1059 3373 [lta
1077 3310 1125 3358 est'
1138 3306 1171 3356 in
1188 3306 1243 3359 Ed.
1263 3308 1360 3383 bugd.

199 3379 277 3431 1562.
306 3375 534 3427 Annotuticnum
560 3374 717 3426 camerarii
745 3376 777 3426 in
799 3376 859 3427 Cic.
889 3384 918 3427 et
944 3376 985 3428 sic
1017 3376 1134 3446 scripsit
1158 3377 1247 3430 etiem
1270 3378 1361 3436 Verb.

197 3446 254 3499 Sed
286 3445 317 3495 in
346 3445 505 3497 Gainerarii
535 3445 763 3497 Tusculanarum
792 3445 929 3498 Editioue
957 3447 1101 3516 peculiari
1127 3464 1194 3498 cum
1232 3449 1363 3502 eiusdem

198 3515 407 3569 commentario
433 3515 615 3570 Basil.1543.
640 3515 768 3584 itemque
792 3517 822 3567 in
846 3515 900 3568 Ed.
921 3518 1005 3569 Leod.
1025 3535 1042 3569 a
1060 3517 1110 3582 Qu.
1137 3517 1267 3570 eiusdem
1286 3519 1359 3572 haec

196 3586 311 3662 legitur·
326 3581 488 3639 annotatiet
520 3587 613 3651 „Puto
638 3602 696 3638 non
720 3587 817 3637 minus
842 3595 923 3640 recte
946 3587 1007 3662 legi
1031 3604 1112 3656 posse
1131 3590 1213 3658 quin
1230 3589 1298 3642 din:
1327 3597 1361 3642 ut

198 3656 410 3711 diuturniorem
430 3665 457 3709 el
476 3657 639 3730 longiorem
658 3656 837 3708 simillimam
856 3675 915 3710 esse
934 3658 1060 3711 insaniae
1078 3659 1306 3728 accipiamus.“]
1328 3691 1361 3703 -

182 3730 271 3795 „Ira
288 3743 352 3780 oeeo
370 3742 573 3798 quiunquam
592 3727 642 3779 din
661 3758 694 3768 -
713 3728 847 3779 Mendum
865 3737 908 3779 est
926 3729 957 3778 in
974 3745 1045 3781 voce
1066 3744 1239 3798 quamquam.
1273 3731 1363 3784 Vete-

197 3815 243 3852 res
261 3798 340 3859 libri,
360 3813 430 3864 quos
449 3814 502 3870 ego
520 3797 655 3861 viderim,
673 3794 780 3848 habent
803 3813 871 3865 quae
890 3813 981 3867 qnam,
1007 3801 1160 3868 depravate
1178 3801 1312 3866 cumino,
1336 3796 1363 3853 ¹si

197 3867 368 3937 respicimus
393 3866 481 3918 dictio
509 3865 558 3918 ira
582 3883 639 3935 quc
666 3868 818 3919 referatur.
857 3868 961 3932 Quodsi
986 3871 1169 3922 coniecturae
1193 3871 1276 3922 loeus
1307 3879 1361 3936 est,

198 3938 240 3989 ita
257 3937 402 4010 legerem:
433 3937 485 3988 Ire
502 3953 577 4000 vero,
602 3951 685 4004 qnam
703 3937 752 3990 diu
768 3940 915 4005 perturbat
932 3939 1066 4005 animum,
1094 3938 1299 3993 dubitationem
1317 3941 1361 3995 in·

196 4007 293 4061 suniae
315 4023 368 4060 non
393 4003 505 4059 latet.“
538 4006 567 4059 P.
589 4007 700 4060 Manui.
739 4009 805 4071 „lta
828 4009 885 4061 ism
914 4019 980 4062 aute
1003 4010 1163 4062 Munatium
1192 4011 1362 4064 emendavit

197 4078 353 4142 Victorius,
381 4093 475 4145 ‚quum
502 4077 534 4128 in
559 4078 687 4152 vulgatis
714 4095 880 4148 quamquem
904 4079 981 4146 diu,
999 4081 1031 4131 in
1048 4080 1175 4134 vetustis
1189 4096 1362 4151 quaequam

199 4146 250 4201 din
269 4147 448 4223 legeretur.“
467 4147 529 4200 Fre.
549 4149 633 4205 Febr.
671 4148 754 4214 „lem
782 4150 954 4202 Beroaldum
977 4151 1082 4224 legisse
1099 4152 1235 4205 ira-uera
1259 4169 1364 4222 quem

197 4218 250 4272 din
277 4236 313 4270 ex
335 4217 415 4269 illius
438 4220 653 4271 commentariis
677 4219 948 4272 animadvertitur.“
970 4222 1051 4277 Brut.
1088 4221 1159 4287 „lra
1186 4237 1255 4274 nero
1280 4237 1362 4289 pune,

198 4288 330 4359 quamdin
349 4319 382 4330 -
409 4290 530 4341 resumsi
560 4289 616 4344 hec
645 4307 681 4342 ex
702 4289 825 4342 Victorii
857 4291 991 4357 editione,
1021 4290 1140 4344 Palatin.
1166 4291 1252 4343 Fabr.
1282 4294 1362 4350 Pitb.

197 4360 305 4432 Vulgo:
324 4359 371 4413 ἱνα
390 4375 458 4412 vera
475 4376 640 4428 quenquam.
668 4359 845 4429 Quamquam
863 4361 996 4414 Lambini
1014 4362 1101 4416 lectio
1114 4360 1167 4416 'ira
1180 4376 1251 4424 uere
1264 4378 1364 4432 qm

197 4427 247 4492 diu
264 4437 337 4506 pert.
356 4437 448 4485 exstet
466 4429 498 4491 in
514 4431 602 4513 Pelet,
620 4429 707 4502 prim.
727 4447 800 4503 quae
827 4447 893 4489 meo
916 4432 1013 4488 enimc
1037 4431 1131 4489 multo
1154 4432 1366 4495 concinnior&
