2842 5070
414 372 417 376 .
504 280 508 287 ’
553 325 681 390 muna
702 325 764 405 ιν,
794 325 846 394 se.
894 316 897 323 ’
1218 323 1281 389 ut

124 488 288 552 videatur.
333 488 433 551 Hunc
455 508 618 568 errorem,
647 492 742 572 quasi
763 488 909 551 radicem
931 488 1096 549 malorum
1118 490 1279 566 omnium,

124 575 279 654 stirpitus
301 571 510 655 philosophia
535 592 571 636 se
592 581 819 636 extracturam
840 571 1026 653 pollicetur.
1068 569 1193 633 Demus
1214 573 1279 654 igi·
1297 569 1340 622 84·

124 661 182 716 tur
203 673 263 715 nos
282 653 362 716 huie
383 653 591 726 excolendos,
612 658 846 737 patiamurque
867 674 926 715 nos
948 653 1070 717 sanari.
1104 653 1168 714 His
1190 655 1279 714 enim

122 737 218 798 malis
239 733 459 800 insidentibus
481 754 547 797 non
569 736 668 799 modo
692 738 790 809 beati,
819 734 876 798 sed
898 737 1031 798 uesani
1053 735 1185 818 quidem
1208 755 1279 797 esse

122 906 199 956 Mon.
210 908 236 958 1.
264 905 299 957 ln
316 921 374 957 uno
384 906 435 958 Ox.
454 904 568 979 legitur
585 919 619 956 eu
637 919 670 956 re
688 919 798 973 quoquo.
835 904 917 956 Dixit
935 913 1031 958 autem
1049 905 1150 958 Cicero
1170 904 1284 969 eadelm·

124 991 181 1042 qua
198 974 257 1037 hic,
277 976 429 1039 sententia,
449 990 483 1028 eu
501 991 534 1027 re
551 975 586 1026 de
599 973 653 1028 Off.
666 973 719 1026 111.
734 977 781 1028 13:
801 990 835 1027 eu
852 992 895 1039 re,
915 978 982 1043 quio
1000 982 1080 1044 turpe
1097 976 1155 1039 sits
1172 976 1276 1029 Acadd.

123 1044 161 1098 11.
182 1046 224 1101 34.
246 1049 312 1100 111:
342 1062 375 1098 ea
393 1061 426 1098 re
445 1077 488 1110 -,
515 1045 587 1113 quod
608 1043 754 1097 uideretur
773 1069 804 1082 -
831 1054 860 1098 et
886 1047 1045 1115 posteriore
1073 1047 1191 1115 quidem
1213 1047 1279 1111 loco

123 1113 291 1182 lectionem,
322 1117 389 1186 quia
412 1124 455 1168 est
477 1115 632 1168 latinitatis
660 1113 830 1180 selectioris,
862 1116 1023 1170 sollicitant
1045 1118 1129 1170 Grut.
1155 1125 1185 1169 et
1206 1117 1275 1169 Dav.

123 1195 258 1251 monente
277 1187 447 1240 Goerenzio.
485 1188 612 1260 Perguut
630 1186 702 1237 Edd.
721 1185 803 1238 Boul.
822 1187 936 1239 Lainbb.
955 1204 1015 1256 quo
1034 1186 1077 1241 ito
1095 1194 1199 1242 rectum
1216 1204 1277 1241 esse
1386 1198 1389 1203 ’

122 1259 268 1312 videatur:
293 1258 381 1327 idque
399 1257 522 1310 voluisse
542 1259 624 1309 edere
643 1256 729 1315 etiam
749 1255 970 1321 Gothofredum,
995 1258 1062 1311 inde
1079 1267 1168 1328 patet,
1202 1259 1279 1327 quod

123 1327 156 1379 in
173 1346 264 1404 marg.
279 1346 356 1381 -cum
379 1327 494 1383 Lambb.
521 1327 607 1380 habet
628 1324 729 1380 ‘omnes
747 1326 833 1380 Codd.
852 1337 924 1381 vett.
952 1327 1086 1383 exhibere
1105 1329 1185 1400 quod.
1223 1329 1280 1382 Sed

124 1400 198 1468 quod
216 1401 247 1451 in
265 1399 326 1470 ipso
346 1399 518 1453 Gothofredi
537 1405 676 1451 contextu
694 1407 746 1452 est.
783 1398 905 1473 Legitur
921 1398 999 1451 haud
1021 1416 1085 1452 raro
1103 1401 1178 1470 apud
1197 1399 1279 1454 Cice·

123 1485 226 1524 ranem
243 1488 308 1537 non,
371 1488 386 1523 o
412 1469 476 1535 (ubi
494 1477 566 1522 sunt
592 1469 644 1538 qui
668 1477 811 1539 reponant
833 1485 898 1534 non,
922 1470 1006 1540 quod)
1025 1471 1059 1522 dc
1079 1488 1134 1539 qua
1152 1471 1279 1523 formula

124 1541 183 1593 vid.
203 1542 297 1598 Beier.
317 1487 514 1615 aquragmm.
536 1539 625 1593 Oratt.
647 1539 706 1596 cic.
730 1557 759 1610 p.
779 1542 839 1595 14⁷.
860 1557 904 1609 sq.
926 1540 1013 1592 Orell.
1034 1541 1069 1593 ad
1086 1539 1145 1597 Cic.
1167 1541 1277 1594 Orator.
1341 1614 1343 1618 Α

125 1611 169 1665 ed.
194 1612 291 1665 Beicri
315 1630 344 1683 p.
364 1615 408 1670 31.
446 1610 502 1665 Sed
525 1609 720 1663 memorabilis
747 1620 790 1663 est
809 1611 890 1663 locus
912 1610 970 1663 Cic.
997 1611 1031 1664 de
1056 1612 1124 1680 Rep.
1152 1611 1205 1664 111.
1231 1615 1276 1668 3⁷.

125 1699 154 1753 p,
174 1685 235 1739 390.
259 1682 310 1735 ubi
332 1683 403 1735 item
423 1692 465 1736 est
482 1699 537 1736 noa
555 1697 618 1752 quo,
643 1682 843 1751 praecedente,
866 1698 952 1751 quam
974 1680 1025 1733 hic
1042 1679 1188 1749 habemus,
1217 1683 1277 1736 for-

125 1753 206 1806 mula
223 1769 256 1806 ea
274 1769 315 1806 re.
352 1755 396 1806 lta
415 1754 492 1806 enim
512 1753 553 1805 ibi
571 1753 702 1823 scripsitz
727 1760 754 1805 et
772 1769 834 1805 cum
858 1768 897 1806 ea
917 1768 952 1805 re
970 1753 1068 1805 bouum
1085 1751 1178 1806 uirum
1194 1770 1278 1822 opor-

127 1829 186 1877 tere
203 1839 265 1878 esse
284 1825 391 1890 dicarit,
408 1841 441 1877 ue
459 1825 563 1878 malum
581 1821 689 1888 habeat,
708 1839 774 1876 uon
793 1840 857 1893 quo
876 1823 888 1875 i
895 1823 915 1876 d
932 1831 1035 1877 notura
1063 1830 1192 1878 rectum
1210 1825 1277 1890 sit,
1385 1889 1388 1897 .

126 1910 181 1947 noa
204 1895 373 1964 intelligunt,
396 1911 427 1947 se
449 1897 484 1948 de
509 1894 614 1948 collido
637 1893 748 1947 bomine
772 1894 860 1964 loqui,
887 1911 942 1947 nos
966 1896 1000 1948 de
1026 1895 1094 1947 bono
1113 1894 1184 1948 viro.
1221 1897 1278 1950 Ubi

125 1965 185 2019 vid.
204 1976 294 2019 nostr.
315 1984 380 2020 ann.
416 1965 452 2018 ln
470 1964 538 2018 Cod.
558 1966 645 2018 Marb.
667 1974 710 2018 est
735 1965 868 2033 suscepi.
905 1968 972 2018 Mox
989 1967 1064 2017 Mon.
1084 1970 1109 2020 l.
1135 1964 1213 2020 biae
1234 1983 1279 2020 es·-

126 2052 229 2093 rorem.
266 2038 346 2089 Idem
365 2055 430 2090 cum
449 2039 524 2089 Mon.
544 2040 570 2091 2.
590 2036 661 2088 Edd.
681 2039 710 2090 P.
730 2035 765 2088 A.
777 2037 808 2087 B.
829 2036 857 2092 S.
873 2034 908 2087 E.
924 2037 957 2087 V.
978 2044 1007 2088 et
1025 2037 1155 2090 omnibus
1174 2038 1280 2092 nostris

125 2117 192 2161 ante
211 2106 303 2164 Gebh.
329 2105 415 2160 habet
443 2106 559 2161 omnium
584 2108 728 2160 mulorum.
766 2107 851 2159 Vocis
876 2105 1018 2176 stirpitus,
1049 2125 1120 2176 quae
1146 2124 1204 2161 uno
1222 2108 1279 2162 hoc

126 2177 191 2231 loco
218 2179 292 2249 apud
312 2178 482 2231 Ciceronem
505 2178 627 2253 legitur,
656 2177 779 2253 glossam
802 2176 888 2230 habet
912 2177 979 2230 Cod.
998 2179 1075 2231 Mon.
1094 2181 1120 2233 2.
1140 2178 1278 2246 funditus.

125 2250 161 2303 ln
187 2265 246 2302 uno
271 2250 321 2303 (lx.
350 2258 393 2302 est
417 2248 528 2320 stirpis,
564 2249 664 2332 Pergit
685 2242 773 2302 Marb.
794 2245 952 2317 philosophi
975 2264 993 2300 α
1011 2262 1055 2301 se:
1088 2249 1196 2319 dequo
1216 2266 1280 2302 cor·

124 2320 296 2391 ruptionum
321 2337 429 2395 genere
454 2320 690 2403 irequeptisspno
717 2317 787 2383 (cui
806 2319 910 2403 similis
934 2327 976 2371 est
998 2335 1082 2372 error
1105 2319 1127 2386 ἕ.
1147 2323 1189 2376 82.
1209 2319 1280 2404 moli

163 2389 1092 2536 tt‘t.l.tltllt‘litftttththtillitati⁵2¹.
1107 2391 1280 2531 ..toltit

127 2548 163 2585 ex
184 2532 250 2585 God.
277 2533 373 2586 nescio
398 2548 455 2601 quo
480 2532 607 2597 enotavit
638 2532 669 2582 in
693 2547 784 2606 marg.
811 2537 976 2585 exacturum.
1023 2530 1058 2584 In
1076 2533 1180 2584 nostris
1197 2531 1280 2585 libris

125 2602 242 2655 nullum
261 2611 304 2656 est
322 2603 382 2656 eius
399 2602 534 2656 lectionis
551 2601 720 2676 vestigium:
749 2619 844 2670 neque
863 2619 895 2654 ea
913 2601 1084 2655 conveniret
1100 2618 1167 2655 cum
1184 2603 1281 2656 verbis

126 2671 253 2727 radicem
271 2682 300 2727 et
317 2674 453 2742 stirpitus.
473 2673 540 2727 God.
560 2672 648 2728 llllarb.
673 2672 759 2725 habet
779 2671 979 2741 pollicentur.
1005 2674 1077 2725 Mr.
1230 2714 1232 2719 ,

197 2745 302 2815 Demus
320 2745 423 2820 igitur]
461 2743 509 2796 Sic
527 2744 597 2816 Reg.
617 2752 647 2795 et
664 2742 811 2796 Pithoean.
849 2742 944 2817 Vulgo
965 2742 1061 2797 demus
1079 2754 1157 2810 ergo.
1195 2742 1281 2799 Nihil

126 2815 262 2869 interest:
289 2815 428 2885 sequendi
446 2823 541 2866 mmen
559 2813 731 2866 videbantur
756 2812 860 2883 optimi
879 2813 1004 2867 Codices.
1042 2815 1080 2869 D.

199 2904 303 2957 Demus
326 2903 383 2971 igi
389 2910 445 2956 tur
470 2918 522 2955 nos
544 2899 608 2954 buic
631 2901 815 2966 excolendos]
849 2901 933 2955 Ccdd.
957 2900 1104 2956 trason.
1126 2911 1155 2956 et
1172 2903 1282 2958 multae

126 2972 197 3026 Edd.
221 2981 293 3025 vett.
318 2972 425 3026 habent
455 2974 548 3026 demus
573 2989 667 3040 ergo.
713 2972 768 3026 Sed
798 2971 893 3038 igitur
920 2980 961 3025 est
986 2973 1018 3025 in
1042 2973 1128 3027 Codd.
1157 2973 1281 3045 reliquis

127 3044 269 3110 omnibus,
294 3053 322 3096 et
345 3044 417 3099 Edd.
445 3045 473 3095 P.
499 3045 533 3094 V.
557 3045 628 3098 Ven.
652 3043 712 3094 Att.
742 3041 810 3095 Rob.
839 3042 938 3112 Steph.
963 3043 1061 3098 Herw.
1086 3045 1155 3096 Dav.
1183 3045 1281 3101 Wolf.

125 3113 210 3172 Schz.
231 3115 278 3170 Or.
298 3115 367 3168 Cod.
387 3113 484 3166 Duisb.
503 3113 591 3166 habet
608 3115 699 3167 demus
717 3129 767 3167 nos
785 3112 890 3179 igitur,
915 3112 1003 3166 Rehd.
1024 3116 1118 3183 igitur
1135 3112 1200 3168 huic
1216 3132 1276 3172 nos.

126 3184 200 3239 Gud.
221 3186 332 3238 omittit
349 3184 420 3239 huic.
441 3185 514 3238 Gud.
534 3185 561 3236 2.
581 3200 632 3238 nos
651 3185 766 3237 nonnisi
784 3201 869 3252 supra
887 3184 940 3235 lin.
960 3185 1102 3253 scriptum
1118 3184 1217 3240 habet.
1244 3189 1279 3240 In

125 3254 207 3308 duob.
228 3257 297 3310 (lxx.
318 3264 361 3308 est
378 3256 539 3316 excolendos
569 3255 600 3306 in
617 3256 670 3307 Ed.
690 3257 718 3307 P.
735 3253 891 3324 potiamur,
918 3254 1020 3308 omisso
1039 3272 1103 3322 que3
1133 3275 1207 3309 unus
1225 3258 1276 3312 Ox.

125 3326 237 3379 omittit
260 3344 382 3396 sequens
413 3343 471 3380 nos.
518 3326 558 3377 Et
583 3333 678 3395 potest
701 3324 887 3378 Accusativus
913 3327 1092 3378 Pronominis
1120 3329 1278 3396 personalis

125 3397 224 3450 omitti
248 3397 279 3449 in
297 3398 428 3451 Accusat.
453 3413 520 3448 cum
541 3395 598 3451 lnf.
624 3397 688 3448 Vid.
715 3396 809 3449 Beier.
835 3396 870 3449 ad
893 3395 952 3450 cic.
977 3397 1012 3449 de
1037 3396 1089 3451 off.
1111 3397 1150 3452 11.
1170 3401 1211 3454 la.
1231 3400 1276 3455 46.

86 3465 89 3471 ’
124 3471 218 3591 till
235 3467 543 3592 iii'oliiie‘iiiuidln
552 3466 602 3590 ii.
615 3465 824 3590 mititte
841 3467 932 3591 iiii
947 3470 1060 3591 iiii·
1079 3487 1112 3591 t
1129 3467 1279 3593 ipcsp

123 3610 195 3662 Ven.
215 3617 304 3661 nostr.
334 3609 398 3663 Asc.
425 3615 448 3664 l.
474 3611 500 3663 2.
526 3609 607 3660 Junt.
632 3608 700 3662 Rob.
724 3608 823 3677 Steph.
851 3599 960 3676 Herse,
992 3610 1121 3680 itemque
1150 3611 1183 3662 in
1206 3610 1273 3668 cod.
1312 3612 1316 3627 ⁵

122 3682 198 3733 lllon.
217 3681 243 3732 2.
281 3677 347 3732 Hiis
364 3680 471 3732 habent
488 3678 573 3732 Codd.
593 3678 666 3732 Gud.
686 3688 715 3732 et
732 3678 828 3731 Duisb.
865 3681 933 3733 Mr..
1136 3737 1139 3743 ⁸

194 3749 250 3803 liis
273 3751 347 3804 enim
371 3752 455 3804 malis
479 3749 684 3816 insidentibus]
717 3749 919 3804 insidiantibus
949 3749 1035 3803 habet
1065 3751 1189 3821 optimus
1215 3751 1275 3805 Pal.

124 3820 201 3892 quod
220 3820 388 3887 Gebhardus
406 3822 576 3875 observavit.
613 3821 678 3872 Nisi
694 3821 850 3873 verborum
867 3822 969 3875 fuisset
986 3838 1155 3892 perparcum
1173 3824 1276 3877 Lecto·

123 3910 170 3946 res
189 3892 287 4014 eisdem
300 3900 384 3964 opera
402 3909 520 3946 monere
538 3892 645 3963 potuit,
662 3909 749 3962 quam
759 3892 847 3944 stulta
864 3893 903 3944 sit
913 3900 942 3944 et
958 3892 994 3944 ad
1011 3910 1075 3945 rem
1092 3893 1170 3945 nihil
1187 3895 1276 3947 faciat

122 3963 177 4016 ista
209 3965 292 4016 ectio.
329 3965 366 4017 D.

194 4031 394 4098 insidentibus]
412 4034 493 4088 Unus
512 4032 561 4086 Ox.
582 4029 786 4087 desidentibus.
822 4031 867 4083 Ad
885 4047 963 4101 seqq.
986 4047 1053 4085 non
1076 4032 1173 4086 modo
1191 4032 1275 4101 besti,

122 4106 186 4159 sed
202 4121 240 4158 ue
257 4105 320 4157 euni
338 4104 457 4173 quidem,
477 4121 548 4175 qnae
567 4111 712 4171 structura
729 4102 861 4155 Ciceroni
880 4110 923 4153 est
940 4103 1182 4172 frequentissima,
1206 4105 1275 4158 nolo

123 4177 212 4230 libros
231 4175 441 4228 Grammaticos
462 4176 586 4227 excitare
604 4174 653 4227 vel
671 4174 780 4226 nostras
798 4172 955 4225 aliorumve
974 4173 1009 4225 de
1028 4191 1061 4226 ea
1078 4175 1276 4229 annotationes

123 4248 190 4301 satis
208 4263 388 4312 numerosas;
406 4245 525 4299 laudabo
543 4246 626 4298 modo
644 4247 679 4298 H.
699 4247 858 4315 Meyerum,
886 4243 933 4297 cui
951 4244 1129 4314 praeclaram
1148 4246 1276 4301 Oratoris

123 4318 304 4373 ciceroniani
326 4317 456 4386 itemque
478 4316 751 4388 praestantissimam
776 4316 1016 4390 Fragmentorum
1046 4316 1198 4369 Oratorum
1220 4318 1277 4370 Ro·

123 4406 276 4444 manorum
294 4388 497 4442 collectionem
514 4388 657 4455 debemus,
676 4387 728 4457 qni
746 4386 781 4441 ad
799 4386 846 4440 Or.
859 4389 887 4451 2,
902 4388 928 4442 5.
947 4385 1022 4441 banc
1039 4384 1073 4439 dc
1092 4404 1125 4440 ea
1141 4404 1174 4441 rc
1192 4387 1276 4458 ponit

123 4462 270 4537 regulam:
290 4461 345 4530 „si
361 4459 484 4517 verbum
501 4458 586 4526 illud,
610 4458 645 4516 sd
662 4457 740 4532 quot
757 4457 914 4517 secundum
930 4473 984 4516 noa
1007 4457 1040 4514 in
1056 4456 1204 4540 locutione
1221 4473 1292 4514 aaa.
1349 4478 1353 4486 ’
