2842 5070
129 299 192 367 aa
337 288 569 361 otcsaonus
592 262 840 406 tusconen.
862 288 1094 363 aeroma

34 512 38 517 .
129 484 226 548 quam
248 464 348 525 nihili
378 465 422 527 sit
443 464 595 537 omnin03
629 426 727 544 quam
760 465 856 530 facile
887 460 1106 526 velaliende
1132 461 1190 525 vel
1223 456 1293 524 alio

128 547 228 610 modo
251 547 379 625 perfici,
402 547 454 620 vel
476 549 611 609 omnino
633 567 675 608 ne
700 547 761 630 ligi
782 547 896 624 possit
937 543 1162 607 Abducendus
1185 544 1292 604 etiem·

129 637 180 693 est
199 647 437 710 nonnunquam
464 627 508 688 ad
528 629 592 688 alia
612 634 665 687 stu
690 646 733 704 ra,
759 622 1012 698 sollicitudines,
1044 644 1156 704 curas,
1183 645 1293 711 nego-

127 833 163 898 de
181 830 265 886 Finn.
284 850 312 902 p.
331 830 380 888 64:
400 828 451 901 qui
469 825 602 896 „Cicera
621 828 745 901 scripsit,
765 830 889 883 alterum
905 831 1067 884 membrum
1085 830 1290 884 enuntiatione

126 901 896 1029 ttttttffltltttttit{intinniit
914 902 1291 1026 {tittittttttt‘tt

127 1047 179 1100 hic
200 1045 318 1114 quidem
342 1043 452 1107 Quaest.
481 1042 560 1099 Tull.
588 1061 617 1113 p.
639 1046 699 1099 109.
726 1050 853 1112 apparet,
881 1044 932 1108 ait,
958 992 1129 1097 Ci‘ieronem
1143 1041 1290 1112 *primum

127 1116 246 1184 quidem
263 1115 304 1166 sic
322 1113 446 1166 voluisse
463 1130 596 1187 pergere,
615 1123 649 1165 ut
667 1115 750 1176 istam
768 1113 943 1182 particulam
961 1121 1116 1182 repeteret,
1135 1113 1198 1178 sed,
1223 1113 1290 1183 plu-

127 1188 206 1240 ribus
231 1185 333 1254 verbis⁸
349 1184 539 1254 interpositis,
566 1185 700 1260 neglecta
725 1183 778 1234 illa
808 1184 951 1253 particula
981 1185 1068 1237 aliter
1092 1184 1288 1246 consarcinasse

118 1256 308 1320 sementiam,
320 1256 408 1323 'quasi
427 1255 506 1306 illam
524 1256 653 1325 primum
672 1270 730 1307 non
748 1254 917 1323 scripsisset.
952 1253 1001 1308 Sic
1020 1255 1098 1308 enim
1117 1255 1151 1306 ad
1170 1254 1289 1323 reliqua

149 1328 258 1381 errexit
276 1325 296 1390 t.
319 1328 366 1379 752
387 1325 516 1379 Maxime
534 1332 624 1378 autem
643 1325 842 1388 admonendas,
868 1333 987 1393 quantae
1005 1329 1045 1380 tit
1062 1326 1147 1389 sarar
1165 1323 1286 1379 ameris.

126 1346 254 1451 llandius
278 1400 391 1466 quoque
418 1396 453 1448 ad
470 1397 686 1466 Wopkeusium
709 1397 732 1447 1.
749 1413 774 1447 c.
799 1395 925 1448 alterum
943 1403 1054 1449 etcum
1077 1396 1134 1447 alie
1158 1396 1288 1449 dictione

127 1476 335 1522 cornmutatum
362 1484 420 1519 esse
447 1468 547 1521 statuit
570 1468 723 1536 laudatque
751 1465 784 1519 A.
811 1466 947 1519 Matthaei
976 1469 1010 1520 de
1034 1466 1227 1520 Anaeoluthis
1256 1468 1288 1518 in

125 1540 236 1597 Wolfii
259 1538 388 1591 Analect.
411 1538 463 1592 111.
489 1556 517 1607 p.
538 1540 564 1593 5.
601 1540 703 1608 Neque
727 1538 787 1589 alia·
807 1545 850 1589 est
871 1539 1013 1591 sententia
1031 1538 1145 1592 Ottonis
1170 1537 1208 1590 ad
1225 1537 1285 1590 Cic.

125 1610 164 1664 dc
190 1611 276 1663 Finn.
306 1628 334 1678 p.
357 1611 419 1663 386.
459 1609 523 1682 Ego
549 1626 614 1660 cum
639 1610 696 1660 iam
722 1609 829 1660 dudum
852 1607 930 1661 idem
955 1610 1101 1674 senserim,
1120 1609 1191 1660 iam
1209 1609 1288 1661 nihil

125 1683 209 1736 adda·
230 1708 263 1718 -
299 1682 364 1731 Post
382 1679 440 1731 leae
458 1679 513 1731 duo
533 1679 602 1731 Oxx.
622 1696 688 1731 cum
707 1682 781 1734 lllon.
800 1681 826 1733 2
847 1680 987 1732 omittunt
1006 1696 1094 1749 quana
1132 1680 1196 1733 Mr.

199 1753 288 1806 Quam
306 1748 407 1818 nihili]
445 1747 493 1802 Sic
511 1750 580 1824 Reg.
601 1758 630 1801 et
648 1749 794 1802 Pithoean.
831 1751 888 1800 Vul
910 1749 1024 1805 anilii.
1058 1751 1105 1812 Ἰ).

199 1839 280 1891 qaam
303 1817 418 1872 attitt
443 1819 482 1871 eit
511 1818 644 1885 omnino]
684 1820 831 1885 „Servavi
859 1767 939 1872 silit.
981 1821 1036 1874 Sed
1063 1836 1121 1872 non
1149 1819 1288 1890 displicet

125 1893 236 1947 Davisii
254 1892 342 1944 lectio
361 1889 476 1943 nibili.“
498 1891 570 1942 Drn.
608 1880 682 1944 Satis
700 1890 815 1959 placere
834 1889 887 1941 sihi
911 1891 988 1943 idem
1006 1892 1047 1942 ait
1064 1889 1156 1943 Bouh.
1194 1892 1288 1961 Equi-

126 1965 193 2018 dem
216 1962 314 2033 recepi
337 1958 422 2016 attila·
445 1977 511 2012 cum
534 1961 603 2012 Dav.
637 1969 666 2012 et
688 1961 759 2012 Tbn.
790 1977 825 2012 ex
850 1961 936 2014 Oodd.
964 1964 1003 2015 Re
1027 1999 1034 2012 .
1059 1960 1135 2014 Pith.
1162 1961 1239 2014 Gud.
1260 1965 1285 2016 2.

126 2037 209 2088 cuius
231 2032 365 2086 lectionis
389 2031 462 2082 vest‘
485 2031 546 2094 ium
574 2040 617 2082 est
644 2032 675 2081 in
694 2031 761 2084 eod.
787 2030 877 2082 Rehd.
907 2031 957 2099 qui
979 2032 1016 2084 ha
1036 2040 1064 2085 et
1088 2029 1165 2084 attii
1192 2031 1285 2086 insit.

126 2106 222 2160 Verba
239 2118 321 2173 qaam
340 2100 425 2155 nihili
442 2049 529 2171 pipam
548 2101 718 2153 exciderunt
738 2102 768 2153 in
787 2101 854 2153 Cod.
874 2103 958 2154 Vind.
980 2108 1004 2157 1.
1032 2102 1099 2156 God.
1120 2102 1197 2155 Gud.
1220 2110 1288 2174 post

126 2178 166 2233 sn
189 2175 302 2227 omittit
326 2175 445 2226 omnino.
483 2171 608 2224 Orellius
636 2189 665 2225 se
689 2170 761 2224 ninii
784 2172 935 2226 retinuisse
959 2173 1000 2224 ait
1031 2179 1152 2243 propter
1180 2174 1213 2230 L.
1234 2173 1288 2226 111.

128 2247 150 2313 §.
178 2248 219 2301 18.
258 2244 313 2298 Sed
336 2259 369 2295 eo
393 2243 457 2312 ipso
479 2241 544 2294 loco
571 2242 652 2296 nobis
681 2241 863 2295 scribendum
888 2243 982 2295 visum
1009 2253 1052 2296 est
1076 2241 1174 2300 attia.
1220 2245 1287 2296 Vid.

126 2325 224 2370 annot.
261 2317 322 2368 Mr.

199 2403 385 2457 Abdoeeadae
411 2409 454 2456 est
486 2403 572 2457 etiam
603 2400 813 2471 nonnunquam]
849 2401 924 2467 „Sic
956 2402 1046 2455 edidit
1069 2402 1229 2467 Victorius,
1259 2412 1289 2456 et

128 2483 222 2529 recte:
256 2482 322 2528 curn
341 2491 398 2544 quo
417 2475 528 2527 faciunt
546 2474 665 2526 Palatin.
687 2481 780 2544 quart.
805 2474 897 2541 quint.
918 2472 1000 2524 Fabr.
1022 2471 1175 2525 Vatican.“
1202 2473 1288 2528 Getta.

128 2547 241 2601 Oblitus
261 2554 303 2598 est
321 2545 418 2598 dicere
437 2545 510 2614 apud
529 2545 599 2596 alios
617 2545 678 2618 legi
702 2543 901 2597 adducendae.
938 2543 993 2596 Sed
1011 2542 1118 2595 habent
1136 2543 1289 2599 abducen-

129 2618 183 2671 dus
202 2617 330 2685 quinque
350 2617 418 2668 Oxx.
437 2617 507 2693 Reg,
527 2616 600 2668 Gud.
622 2622 646 2669 1.
674 2614 764 2666 Mart).
783 2616 857 2688 Aug.
878 2612 966 2668 Rehd.
988 2614 1061 2666 Gud.
1080 2614 1180 2667 Duisb.
1210 2619 1288 2668 Mon.

127 2694 154 2742 1.
174 2691 203 2752 2.ι
219 2688 289 2740 Edd.
308 2687 339 2738 B.
360 2686 391 2739 G.
413 2686 481 2738 Rob.
502 2684 601 2756 steph.
621 2687 655 2742 V.
674 2684 738 2736 A'sc.
758 2688 782 2738 1.
801 2686 827 2740 2·
846 2684 928 2736 dunt.
948 2683 1047 2740 ilervv.
1066 2684 1152 2738 head.
1175 2691 1289 2759 etpost

129 2759 221 2812 Gebh.
245 2775 351 2811 ornnes.
388 2757 479 2810 Mr.=
559 2777 562 2782 ·

201 2845 289 2898 etiam
308 2845 365 2910 est]
394 2840 437 2898 It‘a
455 2845 520 2896 dedi
539 2860 606 2897 cum
624 2843 693 2899 Dav.
714 2844 765 2913 qui
784 2852 849 2896 eum
867 2843 1006 2910 ordinem,
1032 2859 1086 2912 pro
1104 2844 1227 2920 vulgato
1248 2853 1288 2900 est

94 2938 97 2942 ’
129 2915 225 2980 etiam,
245 2918 305 2967 sinc
325 2916 409 2968 dubio
428 2915 525 2978 tacite,
553 2923 587 2967 ut
603 2915 706 2979 multa,
732 2916 844 2985 recepit
869 2932 905 2966 ex
923 2914 991 2969 Cod.
1015 2915 1055 2966 Re
1077 2932 1086 2964 .‘
1122 2917 1163 2969 Et
1180 2917 1290 2971 habent

7 2998 8 3005 ¹
130 2989 251 3056 eundem
270 2986 343 3039 Gud.
365 2991 388 3042 l.
410 2986 623 3054 antiquissimus
642 2986 781 3058 regioque
800 2989 862 3038 fere
901 2986 1021 3050 eminus,
1046 2932 1121 3040 gud.
1140 2989 1168 3042 2⁴.
1195 2985 1288 3042 Rehd.

126 3055 205 3112 Mon.
225 3061 251 3112 2.
277 3057 361 3110 Vind.
383 3062 407 3112 1.
433 3058 554 3126 Aliquot
574 3058 654 3120 Oxx,
689 3057 713 3106 si
737 3056 806 3109 fides
832 3003 993 3120 coliationi,
1016 3053 1122 3109 habere
1144 3057 1290 3114 videntur

128 3129 207 3183 ‘enim
229 3145 284 3198 pro
309 3128 410 3193 etiam,
442 3127 498 3180 duo
520 3127 666 3192 omittunt,
687 3143 749 3177 eam
768 3143 885 3190 vocem3
912 3127 942 3177 in
961 3126 1035 3178 Gud.
1056 3128 1213 3182 >omittitur
1237 3138 1287 3184 est.

127 3200 261 3254 Davisius
280 3199 366 3264 solus,
385 3208 418 3251 ut
435 3198 562 3262 videtur,
586 3206 653 3268 post
672 3198 732 3250 alia
752 3197 892 3259 distinxit,
919 3214 977 3266 quo
1016 3196 1161 3250 aullulum
1179 3199 1290 3252 immu-

128 3279 209 3323 tatur
234 3270 383 3324 sententia.
421 3268 494 3322 Mihi
520 3286 576 3334 ea,x
591 3286 677 3338 quam
699 3268 817 3342 vulgata
842 3267 970 3333 exhibet,
995 3214 1145 3322 distinctio
1172 3275 1292 3340 praese*

125 3342 217 3395 -renda
233 3341 294 3393 visa
312 3349 363 3393 est.
400 3337 460 3392 Mr.
936 3355 938 3362 ·

195 3428 239 3482 ad
257 3427 317 3483 alia
336 3425 441 3492 stadia]
467 3425 515 3479 Sic
534 3427 650 3481 Ovidius
669 3427 703 3479 de
719 3427 834 3481 Remed.
853 3426 917 3479 Am.
939 3429 998 3483 143.
1018 3443 1059 3496 sq.
1078 3429 1131 3484 151
1149 3445 1234 3500 sqq·:

152 3530 155 3536 ,
295 3525 329 3538 -
350 3499 448 3553 Venas.
461 3497 520 3552 otia
538 3504 623 3562 amat.
662 3496 717 3554 eos·
733 3500 809 3564 finem
829 3499 942 3566 quaeris
959 3499 1060 3563 amori,
1129 3524 1133 3532 ‹

325 3626 326 3629 ,
368 3567 460 3634 (Cedit
479 3585 560 3621 amor
577 3569 690 3632 redum)
710 3585 760 3629 res⁸
775 3585 844 3635 age3
863 3575 938 3621 totae
956 3570 1023 3630 eris,
1044 3599 1077 3620 -,-
1096 3600 1140 3611 -.

222 3700 225 3705 ,
294 3640 364 3694 Sunt
379 3643 456 3707 fara,
475 3640 637 3706 santieges,
656 3646 730 3703 sant,
750 3657 814 3708 quos
831 3639 948 3704 tuearis,
969 3637 1123 3692 amicir-
1143 3667 1180 3678 -

298 3711 352 3767 Vel
370 3718 401 3763 ta
426 3743 459 3752 —
480 3737 513 3747 —
533 3733 619 3758 -i-
646 3726 762 3763 munere
781 3710 890 3762 Martie

135 3835 138 3842 ,
283 3806 285 3814 v
365 3779 489 3848 suscipe.
526 3780 654 3833 Deliciae
678 3785 736 3835 iam
760 3779 815 3833 tibi
839 3788 921 3848 terga
941 3780 1055 3834 dabitat.

128 3843 165 3904 ln
183 3868 261 3922 seqq.
282 3849 338 3903 dua
357 3852 428 3904 (lxx.
447 3867 501 3920 pro
519 3851 673 3918 motatione
694 3851 799 3903 habent
822 3850 992 3917 imitatione,
1018 3849 1101 3903 facili
1120 3869 1238 3922 errore,
1264 3859 1290 3909 si

126 3920 248 3974 literat'
272 3921 333 3972 sine
356 3929 465 3990 puncto
491 3921 678 3987 scribebatur,
709 3921 784 3991 quod
808 3923 919 3990 qnando
944 3930 974 3974 et
996 3939 1082 3991 quam
1106 3923 1159 3976 diu
1178 3929 1290 3981 factum

127 3993 174 4057 sit,
194 4000 301 4044 norunt
320 3993 372 4060 qui
389 3992 438 4045 vel
457 3991 551 4045 obiter
569 3992 684 4046 Codices
712 3994 907 4063 inspexerunt.
946 3992 1017 4045 Noli
1034 3992 1069 4045 de
1087 3992 1291 4053 immutatione

128 4063 267 4148 cogitare,
280 4063 364 4132 quod
381 4063 414 4115 ab
433 4063 488 4115 hoc
506 4063 571 4116 loco
596 4064 682 4134 plane
706 4059 833 4116 alienum
849 4072 933 4116 esset.
970 4063 1015 4116 Ad
1033 4068 1211 4121 sententiam
1230 4071 1289 4123 vid.

128 4133 209 4187 0v1d.
229 4135 250 4186 1.
269 4151 294 4185 c.
313 4152 340 4185 v.
360 4136 427 4190 214:
447 4134 585 4204 ipwael,
608 4142 634 4187 et
651 4137 753 4200 longae
771 4148 885 4201 carpere
900 4145 994 4204 perge
1005 4135 1073 4188 aias.
1112 4136 1224 4192 Contra
1242 4138 1291 4194 Se-

126 4205 308 4275 necaEpist.
329 4207 377 4259 28:
397 4205 538 4270 Animam,
557 4207 609 4270 ait,
627 4205 709 4258 debes
727 4211 847 4269 matare,
866 4222 920 4258 non
937 4206 1052 4258 coelam.
1063 4226 1098 4246 ³—
1131 4208 1293 4280 sequentur

127 4280 163 4339 le,
194 4291 356 4346 quocunque
377 4280 549 4344 perveneris,
575 4274 654 4328 attia.
692 4277 753 4328 Hae
777 4275 853 4329 idem
871 4277 983 4330 cuidam
1006 4278 1137 4347 querenti
1155 4279 1293 4335 Socrates

123 4346 184 4400 ait:
205 4345 425 4416 quidmiraris,
454 4345 528 4400 nillil
554 4345 606 4400 titt
621 4345 859 4415 peregrinationes
874 4348 1020 4416 prodesse,
1044 4356 1151 4404 comte
1170 4354 1295 4410 aiaconi·

121 4418 225 4483 feras?
244 4451 277 4463 -
316 4417 391 4472 Onas
410 4417 499 4474 animi
520 4417 706 4490 deponendam
725 4423 775 4473 est.
