2842 5070
548 300 690 365 ‘olum
710 302 772 383 1v,
793 305 845 369 31.
892 304 930 315 ··
972 318 987 361 4
1080 257 1088 357 :i
1220 251 1288 375 iai.

132 442 348 562 proponenda
369 453 528 554 castigari
548 465 773 569 solet3iltque
793 475 833 530 ut
846 466 1020 546 »confidere
1034 434 1286 548 decet,·time⁹re¹

131 590 358 613 -··,-·v-·—7·-·-⁶
372 603 374 607 ,

130 654 182 724 sed
198 645 307 711 vitabit.
343 651 477 707 Cottio
495 652 574 708 iilum
593 654 678 720 decet,
698 651 803 708 tineos
820 615 877 709 noo
894 653 977 708 decet.
1006 653 1062 707 Adi
1079 654 1116 707 sis
1135 664 1166 708 et
1183 654 1284 711 Arria·

130 731 201 778 uum
218 727 344 796 Epictet.
364 723 414 779 lib.
433 726 472 780 Π.
492 741 551 795 cap·
571 729 594 780 l·
631 725 668 778 D.
739 746 748 766 ι
795 770 796 774 ,
1060 762 1062 768 .
1264 749 1289 766 .=

201 818 284 881 atque
301 819 330 864 ut
348 812 483 878 confidere
506 813 598 880 decet]
635 813 736 879 „Satis
781 811 955 866 robaverunt
975 812 1122 867 Bentleius
1150 810 1302 871 et'Davie'

129 882 197 948 sius,
215 881 353 946 confidere
371 882 445 937 ferri
462 899 520 936 non
538 900 626 953 posse.
662 885 746 937 Prior
760 831 840 959 {egit
857 883 1001 950 diffidere,
1019 886 1162 956 posterior
1173 901 1285 951 cocere,
1350 895 1355 902 '

132 954 199 1024 quia
223 953 354 1019 diffidere
381 961 443 1006 erat
469 953 502 1005 in
526 954 608 1006 vitiis
634 954 788 1008 secundum
806 953 999 1026 philosophos,
1024 971 1119 1010 cocere
1138 964 1233 1009 autem
1250 959 1285 1017 in

129 1023 458 1094 laudibusponebaturss'
482 1023 653 1089 Probaretur
670 1025 744 1076 mihi
762 1025 834 1077 item
851 1024 939 1078 lectio
957 1027 1109 1096 posterior,
1136 1026 1193 1079 nisi
1219 1028 1284 1094 lyon·

132 1094 198 1169 ‘gius
223 1093 382 1156 discederet
409 1109 438 1144 a*
452 1093 545 1146 libris.
583 1095 712 1148 Fortasse
734 1094 838 1153 Cicero
867 1095 982 1166 scripsit
1012 1097 1169 1162 consulere3
1201 1104 1296 1152 certe⁴

130 1166 241 1235 saepius
260 1165 357 1238 iungit
374 1162 431 1216 hoo
448 1164 568 1216 verbum
584 1165 672 1217 verbo
688 1164 975 1233 providere.“,Boub.
1006 1164 1161 1234 „Britanni
1185 1185 1284 1221 corre-

129 1253 200 1288 xere
218 1250 323 1298 carme,
341 1234 420 1303 quia,
438 1242 472 1286 ut
490 1235 617 1305 in'seqq.
636 1237 761 1303 gaudere
780 1242 809 1289 et
827 1239 943 1302 laetari,
974 1254 1009 1289 ex
1028 1235 1127 1291 eodem
1144 1247 1211 1291 sunt
1232 1255 1284 1314 ge·¹

130 1323 211 1371 nere,
226 1303 435 1376 ,quodammodo
454 1313 550 1358 tamen
568 1304 717 1371 differunt,
742 1307 783 1359 sic
802 1307 898 1360 ethic
917 1324 975 1360 esse
991 1308 1115 1379 ,debeat3
1145 1309 1194 1369 sed
1219 1322 1288 1377 com,

129 1376 216 1442 fidere
247 1384 277 1429 et
304 1378 402 1430 timere
428 1392 487 1428 esse
513 1378 671 1442 contraria.¹
710 1376 766 1430 sed
794 1378 824 1430 id
841 1378 916 1432 ¹satis
943 1388 1001 1430 nco
1025 1387 1076 1430 est.
1120 1378 1221 1433 Cicero
1244 1373 1283 1434 “ab
1305 1435 1308 1450 ‚

129 1447 255 1500 nimium
274 1447 358 1498 modo
376 1445 526 1514 repudiat:
552 1455 582 1499 et
598 1446 648 1499 hic
673 1449 810 1514 confidere
834 1454 864 1500 et
881 1447 977 1501 timere
1004 1456 1070 1501 sunt
1095 1444 1283 1505 econtrarii's

129 1514 294 1593 'generibus
312 1524 346 1568 ut
364 1523 428 1585 post
444 1519 599 1571 contractio
618 1525 647 1569 et
665 1517 784 1570 elotio.“
801 1519 871 1571 Ern.
909 1519 1080 1583 „Confidere
1103 1520 1157 1571 etsi
1184 1511 1285 1573 defen-⁴

129 1607 194 1641 sum
213 1587 270 1639 ivit
287 1589 372 1651 Ero„
390 1585 475 1638 mihi-
482 1596 579 1639 tamen
596 1604 654 1640 non
672 1589 822 1658 persuasit.
859 1589 985 1641 Verbum
1003 1588 1175 1711 requiritur,
1186 1589 1285 1670 “cuiuq'

129 1659 211 1712 notio
229 1674 287 1710 non
305 1657 421 1710 adversa
446 1656 556 1725 timori,
582 1657 636 1712 sed.
659 1675 692 1711 eo
717 1659 842 1711 inferior
865 1659 911 1711 sit.
948 1660 1019 1712 Puto
1058 1659 1210 1733 egendum¹
1225 1677 1283 1716 non

128 1730 220 1795 fidere.
241 1730 278 1780 cf.
297 1736 357 1779 not.
376 1727 411 1780 ad
429 1727 481 1780 111.
501 1730 526 1782 t.
547 1727 614 1783 14ss
631 1728 743 1785 Nissen.
768 1729 888 1799 Recepit
901 1729 954 1782 Or.
973 1737 1038 1799 post
1055 1727 1126 1782 Dav.
1145 1730 1284 1800 FAWolq

129 1801 210 1865 fium,
234 1798 319 1856 Schz,
343 1813 454 1850 caum:
481 1806 540 1850 non
562 1808 735 1870 receperunt
758 1798 848 1852 Nobb.
881 1807 910 1852 et
933 1799 1005 1852 Tbn.
1027 1799 1105 1865 'Sed
1128 1801 1287 1878 Kiihneruq

128 1885 228 1924 curere
246 1870 330 1922 unice
348 1885 452 1921 vorum
468 1869 592 1937 putavit,
611 1871 712 1923 iisdem
730 1869 832 1939 quibus
839 1869 980 1935 Davisius,
998 1868 1158 1924 rationibus
1168 1873 1285 1937 ductus,¹

128 1940 349 2007 Lambinianum
359 1938 618 2009 Bentleianumque
638 1940 771 2007 diffidere
789 1940 939 2010 improbat,
957 1938 1014 1993 hoc
1032 1948 1112 1994 certe
1128 1940 1204 2008 loco,
1224 1941 1283 2012 quo¹

129 2012 231 2065 Cicero
250 2010 411 2063 Stoicorum
428 2009 550 2080 vestigia
569 2021 690 2080 premat,
716 2026 769 2063 nec
785 2011 906 2085 vulgare
935 2009 1050 2064 diceddi
1073 2027 1163 2086 genua
1182 2010 1284 2082 sequai

129 2087 195 2135 tur:
225 2082 292 2152 quia
318 2080 411 2134 Stoici
433 2069 625 2134 diffidentiam
650 2081 682 2134 in
698 2080 787 2150 ,vitiis
813 2079 961 2134 ducebant.
997 2081 1130 2135 Klotzius
1153 2083 1283 2154 denique}

126 2152 150 2208 1.
171 2170 195 2205 c.
219 2170 248 2221 p.
274 2154 325 2207 tto
348 2166 410 2222 sqq.
433 2152 562 2221 primum
606 2153 687 2205 rebat
713 2153 854 2204 reiectum
881 2169 939 2204 esse
965 2169 981 2206 a
1004 2151 1118 2205 Davisio
1147 2153 1304 2219 diffidere·
1373 2201 1375 2204 ,

128 2216 441 2293 (quamvis'receptum
459 2223 498 2275 sit
515 2223 549 2274 ab
568 2170 700 2288 Oiireto).
736 2221 809 2274 Non'
820 2237 902 2291 posse
914 2223 1002 2288 euim,
1019 2223 1072 2287 ait,
1090 2223 1208 2292 probata
1226 2225 1286 2283 illa

127 2294 296 2347 coniectura
314 2294 453 2368 intelligi,
473 2294 710 2363 quemadmodum
729 2292 860 2359 diffidere
881 2294 969 2346 verbo
995 2293 1136 2366 gaudendi
1160 2307 1282 2366 respon-⁴

126 2364 202 2427 deat,
221 2363 278 2416 nisi
296 2363 429 2416 diffidere
447 2363 523 2416 dicas
542 2381 599 2417 esse
617 2379 675 2416 non
692 2371 802 2416 temere
820 2364 935 2427 timere,
963 2363 1199 2433 quemadmodum
1222 2366 1281 2421 hoo

124 2435 247 2487 verbum
270 2442 441 2503 usurpatum
465 2434 684 2503 sitnunquam.
729 2434 806 2499 Tum
830 2448 900 2487 vero
923 2434 1067 2503 reprobat,
1081 2451 1139 2488 non
1165 2444 1281 2492 tantum

126 2504 255 2559 Nissenii
283 2513 311 2557 et
336 2504 485 2559 Bouhierii
508 2505 697 2571 coniecturas,
721 2503 833 2556 nemini
859 2505 998 2574 probatae,
1025 2505 1281 2563 sedunavisianam

126 2573 252 2645 quoque,
271 2584 417 2646 receptam
436 2594 452 2628 a
468 2574 542 2628 viris
560 2575 670 2629 criticis
689 2592 758 2644 quos
776 2575 909 2630 diximus.
936 2575 1033 2650 ‚‚Ego,
1051 2576 1102 2640 ait,
1121 2576 1196 2627 illud
1214 2574 1281 2632 effla

127 2646 202 2700 ciam
225 2653 311 2716 atque
339 2646 454 2713 enitar,
467 2662 504 2699 ne
532 2646 616 2698 istam
639 2646 756 2716 quidem
780 2645 976 2698 coniecturam
999 2643 1104 2700 merito
1122 2647 1280 2702 antelatam

127 2734 187 2770 esse
205 2716 349 2769 librorum
366 2717 423 2770 scri
444 2726 545 2779 turae.3
571 2717 703 2786 Namque
720 2715 765 2768 uti
782 2732 895 2791 negare·
907 2731 966 2768 non
982 2732 1105 2786 possum,
1124 2732 1206 2788 saepe
1225 2735 1280 2774 nuo·

126 2803 207 2840 ruere
226 2787 346 2840 cavendi
368 2735 456 2841 rerba
479 2796 509 2840 et
533 2787 655 2842 timendi
679 2782 758 2840 inter
780 2804 809 2839 se
832 2803 890 2839 esse
917 2786 1055 2856 opposita,
1081 2795 1167 2857 atque
1190 2790 1280 2848 etiam

126 2859 292 2912 cautionem
316 2875 405 2927 aeque
428 2859 534 2911 dictam
560 2875 619 2912 esse
639 2857 773 2912 Ciceroni
788 2875 811 2914 ,a
828 2857 934 2909 timore
952 2856 1080 2922 differre,
1104 2867 1190 2929 atque
1208 2878 1282 2946 gam
1367 2881 1370 2890 ·

109 2929 207 2982 ‘dium
225 2947 241 2979 a
258 2928 379 2993 laetitia,
398 2929 440 2981 sic
455 2928 513 2981 hoc
530 2928 594 2983 loco
612 2927 688 2980 illud
705 2929 746 2980 ita
762 2944 822 2980 esse
840 2927 980 2997 scriptum
997 2942 1134 3004 pernego,
1153 2931 1280 2985 Faciunt

125 2999 205 3052 enim
223 2999 393 3051 Ciceronem
410 2999 544 3052 subtilius
563 3000 730 3068 loquentem
749 3005 834 3068 atque
852 2998 972 3064 acutius,
998 3016 1084 3066 qnam
1110 3009 1160 3056 aut
1182 3003 1279 3055 voluit

127 3070 190 3140 ipse
214 3077 263 3123 aut
285 3085 339 3138 pro
365 3086 398 3122 re
424 3078 490 3122 nata
513 3070 623 3140 potuit..
648 3070 736 3121 'Nam
759 3086 849 3137 quum
873 3066 1061 3123 Cicerototo
1085 3069 1141 3126 hoc
1161 3071 1225 3125 loco
1244 3071 1279 3132 iit

125 3139 327 3203 contendisset,
360 3156 419 3192 esse
445 3157 503 3192 non
529 3140 683 3193 minucio
704 3138 835 3191 secundis
860 3138 953 3192 rebus:
967 3138 1082 3195 modum
1107 3141 1279 3207 tenendum,
1342 3187 1343 3192 ,

126 3228 213 3280 quam
236 3212 268 3262 in
290 3209 429 3262 adversis:
458 3209 642 3275 dixissetque,
669 3210 702 3261 in
723 3208 792 3279 ipsis
816 3209 897 3260 honis
924 3209 1071 3278 potiundis
1097 3212 1278 3266 exultantem

124 3283 354 3356 gestientainque
372 3280 515 3354 laetitiam
532 3290 649 3350 turpem
667 3296 726 3334 esse
745 3287 800 3331 etc.
820 3278 923 3356 ¹Tum,
943 3287 975 3331 ut
992 3281 1098 3361 paucis,
1109 3282 1194 3349 *quod
1212 3279 1280 3336 eiii·⁴
1335 3335 1349 3345 ,

125 3369 192 3404 cere
210 3351 341 3421 pluribus
356 3351 518 3416 studuerat,
534 3359 689 3421 repeteret,
715 3367 785 3407 usus·
802 3357 844 3401 est
860 3347 907 3402 his
924 3349 1034 3403 verbis:
1057 3357 1136 3425 utque
1163 3358 1193 3405 ut
1211 3370 1280 3408 cou-

124 3423 210 3488 fidere
229 3423 321 3488 deun,
349 3425 447 3477 timere
470 3437 525 3476 non
548 3423 635 3486 decet,
659 3421 704 3475 eie
722 3451 755 3462 -
774 3421 861 3476 decet.
905 3419 1092 3486 Quae-verba,
1120 3440 1280 3491 quumrea

123 3492 257 3546 adversae
274 3501 335 3545 toto
352 3493 410 3546 hoc
427 3494 491 3546 loco
509 3493 639 3546 secundis
658 3499 848 3562 opponantur,
873 3488 931 3544 hoc
948 3490 1062 3545 dicuntz
1087 3500 1172 3562 atque
1190 3503 1224 3546 ut
1242 3494 1281 3552 in

124 3563 209 3616 rebus
227 3563 351 3615 adversis
369 3563 512 3617 confidere
530 3563 621 3630 decet,
645 3561 750 3617 timere
768 3578 827 3615 non
845 3560 947 3626 (locst,¹
964 3561 1005 3614 sic
1018 3562 1054 3616 in
1072 3563 1156 3618 rebus
1174 3581 1280 3618 secun-i

123 3634 168 3686 dis
186 3632 310 3707 gaudere
328 3633 419 3685 decet
447 3661 483 3680 -.
506 3634 585 3701 Quod
607 3635 632 3686 si
649 3633 690 3685 ita
712 3633 868 3702 accipimus
887 3632 992 3701 (neque
1009 3632 1096 3685 aliter
1114 3631 1277 3701 ullomodo

75 3744 76 3752 ,
123 3704 234 3776 poterit
252 3702 329 3768 lieri)
348 3704 507 3757 orationem
524 3704 690 3758 habebimus
708 3702 885 3771 aequabilem
895 3703 1140 3774 atquerot'undam
1151 3705 1280 3768 hancoes'

118 3783 212 3844 >atque
230 3781 263 3824 ut
281 3773 313 3823 in
331 3774 415 3825 rebus
432 3775 557 3829 adversis
576 3777 608 3827 in
625 3791 659 3829 eo
679 3782 721 3826 est
739 3772 848 3828 modiis,
863 3773 1026 3838 serrandus,
1052 3782 1085 3825 ut
1108 3781 1199 3844 quum
1216 3793 1280 3832 mae

123 3845 204 3897 xima
221 3843 392 3896 sittimoris
411 3856 502 3909 causa,
528 3863 593 3898 eam
611 3846 658 3898 ‚ita
680 3853 776 3896 tarum
799 3852 953 3914 temperes,
976 3851 1010 3894 ut
1031 3845 1155 3898 confidas
1172 3860 1226 3900 nec
1244 3855 1280 3903 te

123 3915 218 3968 tradas
235 3913 427 3966 sollicitudini
433 3932 442 3978 ;
461 3916 502 3968 sic
521 3915 552 3967 in
570 3916 654 3971 rebus
672 3915 803 3969 secundis
821 3930 854 3967 eo
872 3915 1049 3974 occasionem
1066 3915 1196 3972 laetitiae
1213 3917 1280 3971 moe·
1364 3979 1367 3990 Ι

123 3985 270 4048 derabere,
288 3992 322 4035 ut
338 3985 458 4058 gaudeas
477 3987 602 4055 quidem,
622 3987 670 4039 sed
687 3995 717 4038 te
734 3985 863 4038 laetitiae
876 4001 934 4036 non
952 3986 1056 4039 tradas.
1078 3989 1176 4044 ‚Nam
1188 4005 1277 4056 quem

124 4056 161 4110 ad
178 4055 294 4108 modum
310 4055 343 4105 in
361 4055 444 4107 rebus
462 4057 587 4109 adversis
606 4055 723 4111 conlisis
742 4055 993 4124 esttempemntia
1015 4063 1100 4124 atque
1124 4059 1278 4113 continent

88 4128 90 4132 ⁴
123 4127 166 4179 tia
185 4144 201 4178 a
218 4126 322 4179 timore
342 4142 375 4176 ac
393 4125 597 4193 sollicitudine,
617 4127 659 4179 ita
676 4126 708 4176 in
726 4124 809 4177 rebus
827 4125 959 4177 secundis
997 4125 1113 4185 audium
1129 4137 1174 4180 est
1191 4146 1279 4182 revoe

122 4198 199 4257 ,catio
218 4196 259 4249 ab‘
270 4195 430 4249 exsultante
454 4188 483 4248 dt
504 4197 645 4270 gestiente
661 4194 793 4263 laetitia.
819 4195 863 4249 -td
881 4195 960 4252 uobis
976 4141 1084 4251 bucero-
1097 4195 1191 4261 'roluit
1209 4207 1277 4255 anta

125 4268 223 4322 oeulos
242 4281 366 4337 poneret
386 4283 473 4336 quare
491 4284 549 4320 non
566 4268 664 4340 potuit
681 4266 776 4320 cocere
794 4266 931 4331 scribere,
950 4266 1035 4337 quod,
1060 4277 1152 4350 quum
1167 4269 1277 4325 cautio·-
1309 4286 1318 4300 r

124 4339 171 4390 nis
197 4346 226 4390 et
248 4338 447 4408 providentiae
471 4338 623 4392 notionem
646 4331 763 4403 inferat,
789 4334 932 4391 hocloco
956 4337 1153 4391 tolerari-non
1170 4342 1282 4409 potesta

125 4407 247 4477 Quodsi
265 4408 330 4479 quis
347 4408 472 4486 denique
490 4409 526 4462 de
548 4410 630 4462 verbi
654 4391 817 4464 condiendi
839 4407 1063 4484 significatione,
1084 4406 1157 4486 quiae
1181 4417 1282 4465 tunsa
1309 4421 1313 4428 ”

154 4524 449 4598 crescimbenius.
466 4535 551 4585 Moser.
568 4535 593 4585 Y.
608 4536 642 4588 11.
699 4521 713 4532 ⁵
1011 4512 1053 4580 28
