2842 5070
183 314 253 395 stul
399 318 633 388 domolus
651 315 900 385 tusconen.
921 297 1153 384 noenum.

144 562 147 567 g
185 496 243 549 ‘tes
264 484 413 564 eremus)
434 506 588 551 maerore
608 495 643 549 ct
657 485 774 550 dolore
786 488 1061 569 conscripsimus:
1082 482 1239 568 quodque
1259 488 1356 550 vetat

183 569 415 653 Chrysippus,
435 570 478 633 ad
499 579 651 634 recentes
669 573 764 653 quasi
785 579 937 632 tumores
958 570 1061 630 animi
1081 569 1272 631 remedium
1294 569 1354 632 ad-

183 651 321 726 ·llibere,
342 652 377 714 id
399 673 459 715 nos
480 655 629 730 tammus,
651 664 855 735 naturaeque
867 655 936 715 vim
957 653 1141 725 attulimus,
1160 659 1202 714 nt
1221 652 1356 738 magni-

183 732 303 797 ·tndini
324 735 508 798 medicinae
530 735 659 798 doloris
686 735 882 820 magnitudo
911 733 1119 800 concederet.
1316 738 1319 743 '

127 821 171 882 30
275 817 340 880 Sed
361 817 580 906 aegritudini,
614 817 655 880 de
677 839 741 902 qua
763 821 844 879 satis
866 827 916 880 est
937 817 1154 901 disputatum,
1187 818 1357 882 finitimus

128 904 244 964 oezmt
272 909 390 964 metus.
434 901 487 963 De
513 920 578 984 qno
606 916 713 982 panca
730 899 885 963 ‘dicenda
905 911 994 980 sunt.
1036 900 1094 960 Est
1115 903 1205 962 enim
1227 911 1355 981 metus,

136 972 161 1025 b.
181 991 233 1046 ut
253 982 428 1071 aegritudo
450 987 647 1065 praesentia,
680 987 728 1046 sic
759 985 815 1046 ille
842 985 952 1046 futuri
983 983 1074 1048 mali.
1122 985 1241 1067 Itaque
1269 1005 1356 1047 non-

194 1067 278 1131 nulli
306 1065 527 1156 aegritudinis
553 1075 683 1153 partem
713 1065 879 1148 quandam
909 1074 1036 1130 metum
1074 1087 1144 1131 esse
1177 1067 1361 1133 dicebaut.-

231 1294 233 1299 .
263 1260 338 1309 uetat
365 1248 546 1324 Chrysippus,
574 1253 614 1307 ad
636 1259 762 1307 recenter
791 1252 874 1323 aucei
900 1253 1037 1322 tumores]
1073 1254 1138 1307 Vid.
1167 1255 1246 1308 Plin.
1274 1248 1353 1328 lipp.

193 1325 226 1376 V.
243 1327 295 1380 to:
327 1331 359 1378 ut
382 1325 458 1381 enim
472 1324 596 1378 crudum
623 1323 713 1379 adduc
733 1327 834 1378 uulnus
857 1326 1028 1378 medentium
1052 1341 1153 1378 manue
1167 1328 1355 1397 reformidat,

184 1397 294 1450 deinde
309 1397 419 1466 patitm·
437 1403 519 1465 etque
535 1399 614 1451 altro
632 1395 768 1462 requirit:
795 1399 839 1451 eic
854 1412 950 1449 recens
967 1397 1058 1451 animi
1076 1397 1161 1451 detor
1177 1399 1357 1452 consolatio-

191 1483 243 1521 nee
261 1467 358 1523 reiicit
375 1485 410 1522 ae
427 1467 546 1535 refugit,
578 1483 644 1521 moa
662 1467 812 1532 desiderat,
840 1474 865 1520 et
883 1468 1032 1522 clementer
1048 1469 1170 1522 admone
1186 1469 1355 1539 acquiescit.

193 1538 276 1594 Cous.
295 1539 370 1593 Plin.
389 1541 445 1611 Ep.
464 1541 542 1596 Vlll.
562 1541 587 1594 ὅ.
609 1538 689 1593 aad.
709 1538 734 1591 T
736 1540 797 1590 rist.
817 1541 869 1596 111.
892 1543 934 1594 ll.
956 1543 997 1595 19.
1018 1557 1054 1594 ex
1071 1541 1161 1593 Ponto
1179 1541 1202 1593 Ι.
1223 1543 1249 1596 3.
1272 1543 1318 1597 15.

243 1646 245 1650 ⁷
363 1611 494 1679 Tempore
511 1608 730 1676 ducetur'tonge
748 1612 870 1675 tartaree
886 1609 1021 1664 cicatrias
1278 1650 1283 1654 -
1380 1660 1384 1666 .

358 1683 483 1743 Horrent
501 1683 630 1744 admotae
648 1684 762 1734 vulnera
779 1683 869 1734 cruda
886 1698 991 1736 manus.

192 1753 287 1823 Supra
304 1754 356 1806 111.
376 1757 418 1808 31.
439 1753 515 1805 dixit
531 1763 641 1807 noster:
669 1757 700 1805 ut
717 1753 778 1816 sere
795 1769 846 1805 noe
864 1753 957 1806 omnia
974 1755 1005 1806 iu
1024 1751 1250 1808 consolationem
1268 1770 1356 1810 unam

192 1824 376 1878 coniecimuse
406 1831 474 1877 erat·
493 1824 567 1877 enim
593 1824 630 1877 iu·
650 1829 758 1876 tumore
775 1825 897 1889 animus,
931 1829 957 1877 et
976 1825 1065 1878 omnic
1087 1826 1118 1878 in
1137 1840 1168 1878 eo
1187 1828 1355 1882 tentabatur

191 1896 311 1951 curatio.
346 1895 405 1950 Sed
427 1891 588 1949 sumendum
611 1903 714 1964 tempus
736 1901 776 1947 eet
801 1912 855 1949 non
877 1896 971 1949 minue
997 1895 1028 1948 in
1051 1895 1208 1950 animorum
1233 1899 1370 1965 martia,

193 1983 276 2037 quam
293 1969 324 2022 in
342 1983 497 2035 corporum.
518 1967 592 2020 Gud.
610 1966 698 2019 habet
715 1965 959 2036 quaeidota‘rie
977 1967 1079 2020 animi.-
1101 1967 1151 2028 ubi
1175 1967 1353 2042 glossemata

180 2056 261 2092 ‘rara
279 2039 429 2162 ⁵⁰'ipt‘ff
447 2055 505 2111 vox
523 2046 638 2092 extrusa
665 2045 716 2091 est.
753 2038 815 2090 Duo
835 2039 904 2092 Oxx.
929 2036 1037 2091 habent
1052 2039 1198 2103 timorem·
1229 2039 1307 2107 Gud.
1328 2046 1353 2098 l.

175 2110 336 2164 recentis.
410 2127 435 2161 r.

263 2181 323 2235 uim·
344 2181 490 2234 attulimus
511 2186 543 2233 ut
570 2179 781 2248 magnitudini]
817 2180 941 2254 Legitur
957 2179 1151 2248 magnitudine
1170 2180 1201 2232 in
1220 2181 1295 2235 Edd.
1316 2183 1359 2237 Α..

191 2252 223 2305 Β.
243 2253 271 2310 S.
291 2253 361 2305 Ven.
382 2259 472 2303 nostr.
510 2253 545 2304 In
562 2252 646 2303 Viud.
660 2255 683 2305 1.
704 2253 846 2320 scriptum
864 2259 907 2303 est
923 2252 1087 2318 magnitudo
1106 2252 1216 2305 doloris
1234 2254 1351 2308 inverso

184 2325 310 2378 'ordine'
340 2322 514 2375 concedendi
536 2322 658 2374 verbum
674 2338 728 2391 pro
753 2322 878 2391 simplici
901 2323 998 2376 cedere
1015 2323 1149 2376 Ciceroni
1175 2325 1352 2395 frequenter

191 2401 375 2517 usurpaturM
398 2391 486 2464 Saepe
518 2392 750 2447 confundunture
790 2393 848 2447 rid.
883 2393 971 2447 tirell.
1006 2394 1042 2448 ad
1067 2395 1127 2455 Cic.
1157 2411 1215 2464 pro
1247 2396 1349 2451 Milon.

189 2469 235 2532 32,
257 2467 300 2519 86.
374 2480 399 2515 r.
606 2481 609 2486 ·
1108 2492 1110 2496 Α
1169 2471 1193 2479 ”
1322 2472 1325 2477 “

182 2559 188 2568 ·
264 2535 301 2590 Ut
313 2535 514 2602 'magnitudini
531 2567 565 2578 -
583 2537 756 2604 concederet]
780 2536 890 2589 Nonius
909 2537 940 2588 in
951 2537 1110 2590 concedere.
1137 2535 1242 2592 Cicero
1260 2536 1347 2592 Tusa.

144 2630 148 2634 ⁴
190 2605 241 2660 lib.
261 2608 309 2660 IV.
349 2605 386 2660 Ut
404 2625 494 2676 quum
513 2607 703 2675 magnitudini
724 2609 878 2661 medicinae
901 2607 1012 2663 doloris
1030 2608 1196 2676 magnitudo
1215 2611 1348 2664 concede.

185 2684 242 2733 ret.
280 2678 335 2732 Sed
352 2695 562 2748 supervacanea
579 2693 695 2749 prorsus
713 2686 756 2732 est
774 2679 897 2732 secunda
913 2696 971 2732 vox
993 2687 1023 2732 et
1039 2679 1247 2733 Tullianorum
1265 2682 1349 2736 Codi-

190 2766 257 2804 cum
283 2750 340 2803 fide
363 2750 491 2804 delenda.
528 2751 565 2804 D.
612 2770 618 2777 “
884 2772 888 2781 ·
987 2807 989 2813 ,
1189 2796 1195 2808 ,
1337 2754 1341 2760 “

139 2858 140 2865 .
261 2839 286 2874 c.
305 2824 349 2877 30.
387 2820 444 2874 Sed
467 2820 643 2888 aegritudini
661 2854 695 2864 -
713 2821 853 2888 finitimae
870 2827 911 2875 eat
935 2818 1051 2886 meina]
1085 2823 1169 2874 illone
1182 2825 1208 2876 1.
1235 2823 1347 2875 omittit

189 2896 241 2946 este
259 2891 359 2947 Duisb.
376 2891 463 2944 habet
482 2892 652 2961 dieputotum
670 2899 721 2964 eet.
750 2893 803 2947 Sed
823 2893 884 2946 noli
902 2893 966 2945 ideo
985 2892 1081 2946 delere
1093 2891 1225 2958 verbum5
1246 2911 1347 2964 quam·
1408 2902 1414 2927 ¹

188 2962 232 3014 vis
250 2961 348 3014 statim
366 2973 505 3017 recurrat.
542 2964 641 3038 Pergit
658 2969 731 3016 unus
750 2967 800 3018 Ox.
820 2964 917 3016 satie
935 2962 1079 3029 finitimae.
1117 2963 1193 3016 Tam
1218 2963 1346 3018 aliosde

184 3046 264 3104 ¹egaea.
303 3033 379 3100 Quae
402 3035 535 3104 seqnitur
552 3034 683 3089 definitio
706 3041 796 3088 metus
823 3035 1024 3103 comparanda*
1040 3043 1082 3088 est
1105 3051 1173 3086 cum
1196 3036 1347 3106 superiore

185 3105 237 3158 ·1V.
259 3110 283 3160 ⁷.
305 3110 346 3161 lt.
362 3117 366 3125 '
382 3105 462 3171 Quod
485 3115 581 3167 autem
598 3106 667 3159 Dav.
690 3115 755 3176 post
774 3107 825 3159 ltu
850 3107 924 3159 enim
951 3105 1045 3159 deleri
1061 3105 1175 3158 volebat
1198 3112 1291 3161 metue
1317 3109 1349 3160 in

112 3230 114 3234 .
183 3176 242 3234 Ed.
263 3180 289 3232 2.
309 3177 377 3247 quia
395 3177 533 3231 orationis
550 3194 666 3231 cursum
684 3176 862 3232 lutulentum
881 3176 989 3241 reddat,
1014 3177 1142 3246 itemque
1165 3176 1350 3232 decimatum

186 3248 289 3319 v'patillo
313 3249 435 3301 inferius
461 3257 525 3318 post
550 3249 606 3305 alii
627 3255 720 3302 autem
747 3249 880 3300 substitui
901 3248 1016 3301 volebat
1038 3263 1108 3310 eum,
1135 3265 1172 3300 ne
1199 3257 1296 3301 metus
1314 3250 1350 3303 ad

186 3327 323 3373 nauseam
346 3336 446 3388 usque·
460 3327 619 3388 repetatur,
646 3320 677 3372 id
703 3320 877 3390 improbavit
895 3318 1093 3389 Wopkensius
1111 3319 1131 3370 l.
1151 3335 1179 3373 c.
1205 3337 1235 3390 p.
1254 3324 1301 3378 36.
1319 3327 1350 3374 et

183 3400 218 3460 ¹15.
229 3395 291 3455 359,Ι
310 3399 404 3463 neque
424 3390 483 3460 ipse
492 3390 566 3457 Duu-
580 3391 611 3442 in
629 3389 702 3445 Edd.
713 3401 801 3460 seqq.
823 3408 922 3444 earnm
940 3389 1136 3460 suspicionum
1153 3391 1249 3465 denuo
1268 3411 1350 3446 inen-

190 3461 301 3514 tionem
326 3461 409 3512 fecit.
432 3487 463 3501 υ
500 3464 567 3513 Mox
592 3476 666 3515 utitis
694 3464 743 3517 Ox.
768 3461 978 3529 aegritudini,
1004 3460 1102 3513 Duieb.
1132 3462 1350 3528 aegritudinis

188 3548 242 3604 pro
262 3532 430 3598 aegritudo.¹
459 3533 495 3585 ln
511 3549 591 3602 seqq.
609 3533 727 3586 Billerh.
754 3533 795 3586 ait
819 3533 872 3584 ille
895 3539 961 3602 post
978 3530 1019 3584 eic
1042 3531 1244 3605 significanter
1262 3536 1351 3588 abun·

116 3653 119 3656 .
188 3603 266 3657 dere.
303 3604 339 3656 ln
357 3621 414 3673 quo
433 3603 469 3657 de
487 3620 519 3656 ea
537 3620 624 3672 quam
642 3604 804 3675 suspicatur
820 3603 996 3657 abundantia*
1017 3602 1079 3671 ipse
1096 3602 1213 3655 viderit.
1251 3605 1350 3668 Abuu'.

128 3717 130 3720 .
188 3675 256 3728 dare
273 3675 353 3730 euim
372 3675 430 3726 dici
448 3683 506 3725 non
523 3674 655 3728 soletea
670 3693 736 3740 vax,
765 3692 839 3744 quae
866 3673 1062 3749 ambiguitatis
1089 3673 1237 3727 evitandae
1267 3686 1351 3732 cauae

187 3746 316 3817 ponitur.
353 3745 501 3809 Deletae,
531 3752 561 3796 et
578 3744 693 3800 habebis
712 3762 774 3798 eam
791 3745 1000 3810 definitionem,
1030 3752 1064 3796 ut
1081 3744 1119 3795 sit
1142 3753 1236 3798 metus
1255 3748 1353 3823 aegri-

188 3819 307 3871 tudo’et
323 3816 482 3886 praesentis
506 3822 536 3866 et
559 3814 655 3868 futuri
676 3817 757 3869 mali.
795 3816 875 3883 Quod
898 3825 995 3872 autem
1016 3814 1127 3889 legitur
1153 3816 1202 3870 illi
1224 3834 1281 3887 pro
1301 3820 1352 3873 ille

190 3888 222 3940 iu
240 3887 326 3941 Codd.
350 3889 419 3970 Reg.
448 3883 535 3938 Mari).
566 3884 642 3939 (tua.
664 3892 688 3942 l.
708 3889 734 3941 2.
762 3894 796 3938 et·
817 3898 886 3941 uno·
901 3888 950 3943 01.
974 3886 1005 3940 id
1036 3885 1153 4009 guidem
1180 3887 1271 3965 nihili
1287 3899 1350 3944 ,ρει

188 3958 335 4012 ldemOx.
356 3956 467 4011 omittit
484 3956 516 4007 iu
533 3964 612 4027 seqq'.
633 3964 823 4022 metumedia,
843 3966 872 4013 et
890 3974 958 4012 mox
976 3955 1044 4011 exhi
1064 3964 1214 4012 stenelum
1229 3961 1351 4026 prima

189 4030 373 4088 laetitiam
398 4027 585 4094 appellabant.
623 4029 678 4082 Pro
704 4028 832 4087 nonnulii
856 4030 887 4082 in
905 4027 1067 4102 Gadaug.
1090 4037 1133 4081 est
1151 4045 1205 4083 uon
1222 4031 1280 4086 itti.
1316 4033 1354 4086 lu

187 4103 263 4154 Mon.
285 4105 310 4162 1,
329 4098 442 4171 legitur
457 4100 692 4165 promoturum,
710 4101 747 4154 'in
764 4100 846 4163 Gud.¹
859 4106 883 4156 1.
903 4101 930 4165 2.
954 4097 1178 4167 praemolestia.
1216 4101 1263 4155 Ad
1288 4120 1353 4157 am

187 4167 482 4226 vocem-'Beroaldusz
511 4171 612 4240 „qumi
638 4171 874 4242 anticipationem
904 4171 1052 4224 molestiae
1059 4176 1081 4234 ;'
1102 4171 1160 4240 qui¹
1181 4187 1250 4225 cum
1268 4174 1353 4244 prim

189 4250 333 4314 torqueat,
358 4255 444 4308 quam
462 4241 574 4294 maloin
594 4241 744 4296 advenerit
766 4243 871 4295 merito
890 4242 937 4294 ita
954 4242 1078 4304 dicatur,
1105 4241 1186 4311 quasi
1211 4244 1353 4312 praevius

188 4311 304 4384 duxque
335 4309 484 4363 inolestiaa
513 4313 661 4368 fumiaei‘
696 4313 832 4369 Ceterum
862 4310 1077 4382 praemolestiam
1101 4312 1278 4376 vocabulum
1305 4325 1351 4370 est

188 4375 438 4452 tnui-terimam,
457 4383 609 4451 'Gicsmni
635 4392 671 4439 ut
685 4386 813 4457 videtin,
837 4384 892 4456 iusi
909 4399 972 4452 aon
990 4383 1151 4455 probatam.
1189 4383 1366 4455 Duooxg„

187 4451 295 4523 hadent
313 4452 462 4525 appellant.
501 4455 560 4510 Mt.
1211 4467 1235 4509 “.
1345 4500 1349 4511 .
