2842 5070
519 259 647 324 LIBER
667 258 728 340 ΙΙΙ,
749 263 780 326 2.
1197 265 1238 334 tt

82 425 290 489 honestatem
311 432 480 508 expetens,
501 445 598 507 quam
618 445 684 488 una
704 433 826 488 natura
846 426 989 491 maximo
1011 429 1167 513 inquirit,
1198 431 1237 495 iu

81 529 209 602 summa
229 509 394 572 inanitate
413 516 579 586 vomatur,
601 516 877 607 consectaturque
892 511 1015 574 nullam
1036 514 1236 578 eminentm

376 636 483 644 .-.--..-
490 636 493 643 .
508 636 538 643 ...-
544 637 572 642 -

80 683 282 766 Reprehendit
310 692 388 747 enim
411 691 544 747 bominos
568 691 741 764 popularem
764 693 890 771 gloriam
915 702 1098 765 expetentes,
1122 699 1235 763 neturt¹

80 766 192 837 optimi
209 764 291 828 duce,
309 764 421 818 relicta.
454 764 596 839 Legerim
614 765 709 841 igitur
727 766 875 832 expellent,
894 782 953 837 quo
969 766 1051 820 ducit
1068 767 1237 822 notissimus

79 837 135 895 ille
153 836 268 889 Horatii
293 852 393 889 versus
418 832 709 906 [Epistulam]
744 835 883 889 Naturam
906 836 1030 906 expellas
1051 837 1136 903 furca
1159 839 1236 894 ποθ*

81 905 217 960 Bouhier·
253 907 418 974 „littereas
436 905 457 958 i.
478 922 503 960 c.
523 923 600 976 quan
623 922 690 959 uam
715 923 778 960 cam
802 914 940 976 expetere
965 907 1021 962 sibi
1043 908 1188 975 videatur,
1206 917 1236 965 et

81 978 208 1030 maxime
226 977 300 1030 uelit
318 984 462 1046 expetere.
500 977 575 1030 Male
599 924 703 1032 iuter.
733 978 884 1046 expellens.
920 978 1014 1034 Unde·
1031 980 1111 1034 enim
1135 981 1238 1050 sxpel·

81 1048 171 1100 lat?“
188 1046 300 1101 Nissen.
338 1047 404 1100 Non
430 1053 511 1102 recte
531 1046 684 1101 intellecta
706 1046 765 1101 loci
792 1049 936 1103 sententia
954 1047 1095 1104 atl'cor'
1134 1051 1235 1116 ndum,

80 1127 113 1173 ut
139 1119 190 1183 tit,
222 1117 394 1173 Ciceronem
425 1118 594 1189 compulsus
625 1126 669 1174 est
690 1117 873 1173 Bouhierius.
919 1119 1035 1191 Optime
1059 1121 1102 1172 lt·
1148 1139 1235 1177 erue:

81 1191 214 1260 Optimus
232 1189 356 1259 quisque
374 1196 478 1242 natura
495 1188 530 1241 ad
548 1189 674 1264 gloriam
691 1191 804 1243 fertur:
823 1196 862 1250 at,
880 1206 972 1259 quum
990 1207 1091 1245 veram
1109 1193 1237 1269 gloriam

82 1264 113 1314 in
130 1259 299 1325 honoribus,
326 1259 471 1329 imperiis,
490 1259 627 1330 populari
644 1258 740 1335 gloria
756 1261 880 1330 positam
897 1268 991 1330 putat,
1017 1279 1034 1315 a
1053 1280 1123 1317 vera
1140 1264 1237 1341 gloria

80 1349 208 1402 veraque
233 1330 385 1385 honestate
409 1330 523 1383 aberrat
545 1331 596 1384 lon
619 1330 730 1384 issima.
759 1357 791 1371 -
823 1328 911 1385 codd.
939 1332 1015 1389 Mon.
1035 1337 1059 1388 1.
1078 1336 1105 1391 2.
1130 1333 1238 1390 habant

81 1405 199 1472 optimus
218 1401 334 1472 quisque
352 1403 452 1466 fertur.
491 1400 525 1453 ln
549 1349 625 1454 Gug.
646 1405 671 1455 l.
697 1400 840 1473 scriptum
867 1409 914 1457 oet
936 1403 1070 1458 obtamus.
1108 1406 1164 1460 Pro
1189 1421 1242 1463 υιι·Ι

81 1490 196 1545 rumque
214 1492 288 1527 unus
307 1474 357 1528 Ox.
377 1473 464 1527 habet
482 1487 608 1540 namque.
646 1471 707 1524 Mr.

152 1548 240 1603 Quam
257 1561 345 1600 unam
364 1543 481 1611 natura]
517 1543 567 1599 Sic
584 1550 663 1597 recte
682 1541 825 1598 dederunt
841 1544 998 1612 Manucius,
1022 1545 1188 1615 Lambinus,
1207 1556 1242 1611 ot¹

81 1617 142 1672 alii.
178 1616 275 1690 Vulgo
293 1632 358 1673 aaa.
396 1616 452 1670 D..

152 1703 231 1754 quam
248 1702 316 1739 una
334 1695 437 1740 natura
453 1686 576 1740 maxime
593 1685 728 1756 inquirit]
764 1689 873 1743 Verum
892 1693 946 1755 eet,
967 1686 1111 1758 plurimos
1131 1705 1238 1762 eosqtto

82 1759 209 1829 optimos
227 1757 318 1809 libros
335 1756 441 1810 babere
458 1773 531 1821 nna3
549 1775 644 1827 neque
662 1757 856 1824 diffitendum,
874 1774 934 1811 non
952 1761 1147 1815 necessarium
1164 1778 1235 1828 ease,

83 1829 161 1900 quod
187 1829 263 1881 dixit
285 1827 448 1894 Bentleius,
473 1836 580 1880 utana
606 1833 710 1881 natura
736 1827 923 1902 intelligatur
946 1831 1008 1882 sola
1032 1838 1144 1896 natura,
1168 1849 1236 1887 cum

83 1916 154 1955 voce
172 1914 253 1962 unus,
271 1914 336 1964 una,
354 1915 446 1962 unum,
464 1899 642 1970 superlativo
660 1896 812 1964 (maxime)
839 1897 945 1964 addita,
969 1902 1169 1956 tantummodo
1188 1920 1241 1963 su·,

80 1971 243 2041 perlatis-ua
270 1978 422 2046 augeatur,
449 1976 482 2022 ut
502 1979 547 2024 est
565 1969 600 2023 de
619 1969 705 2022 Finn.
726 1970 765 2025 ΙΙ.
793 1971 835 2025 13.
864 1971 916 2024 ll:
952 1970 1130 2040 uoluptatem,
1156 1989 1238 2040 quam

81 2058 183 2096 unam
201 2043 291 2095 uirtus
309 2040 447 2096 minimi
464 2040 557 2106 tacite
585 2040 636 2093 ubi
662 2056 748 2094 unam
765 2056 824 2093 non
844 2057 904 2094 asse
931 2048 1026 2112 potest
1044 2042 1063 2094 i.
1084 2060 1112 2113 q.
1139 2044 1236 2110 romae,

84 2114 152 2184 quia
177 2113 273 2168 virtus
298 2128 358 2166 non
376 2111 556 2182 voluptatem
579 2111 670 2165 solam
690 2111 807 2164 minimi
833 2111 922 2177 facit,
958 2119 992 2165 ut
1016 2114 1161 2169 sententia
1177 2114 1235 2169 sit:

81 2201 163 2251 quam
180 2185 273 2237 virtue
291 2183 322 2238 in
338 2183 442 2252 primis
456 2182 544 2251 parui
560 2182 648 2249 facita
665 2181 747 2247 baec,
768 2183 896 2252 inquam,
915 2200 1080 2254 quanquam
1098 2185 1141 2238 ita
1159 2191 1236 2251 eunt,

80 2263 178 2309 tamen
195 2255 245 2307 hic
263 2257 325 2325 ipso
343 2254 378 2307 de
396 2253 480 2307 Finn.
501 2252 592 2316 locus,
616 2253 684 2308 aliis
702 2269 816 2325 quoquo
833 2254 1009 2329 rationibpa·
1021 2256 1237 2323 erodentibus,

81 2328 164 2391 tacit,
182 2335 225 2391 ut,
245 2327 333 2379 sicuti
351 2325 393 2377 ibi
411 2324 521 2395 optimo
540 2322 696 2378 scribitur:
715 2340 799 2394 qaam
816 2339 900 2378 unam
917 2324 1011 2378 uirtus
1029 2326 1141 2384 minimi
1157 2326 1238 2395 fucit,

42 2430 48 2442 ι
82 2405 184 2450 nostro
209 2397 274 2449 loco
298 2395 335 2448 ad
358 2396 419 2448 eius
446 2411 581 2448 normam
604 2394 692 2448 scribi
721 2411 807 2464 posce
832 2395 940 2465 aliquis
967 2398 1132 2467 suspicetur
1155 2415 1240 2470 quam

81 2483 181 2522 unam
199 2473 303 2519 natura
321 2465 441 2519 maxime
459 2465 592 2533 inquirit:
619 2481 674 2518 nec
691 2481 762 2525 varo
782 2481 848 2518 cum
863 2466 997 2520 Bentleio
1026 2485 1061 2522 ex
1082 2467 1238 2525 licaverint

81 2539 180 2604 solane,
200 2538 250 2592 sed
267 2545 302 2590 ut
319 2537 493 2608 superlativi
517 2537 579 2589 vim
596 2543 709 2611 augeat,
732 2543 765 2589 ut
789 2543 833 2588 est
857 2537 894 2590 atl
916 2538 1027 2590 Fatum.
1046 2486 1104 2591 ili.
1126 2542 1168 2598 16.
1195 2541 1238 2595 lo·

82 2627 153 2679 quar
173 2637 205 2647 -
223 2625 285 2662 cum
303 2625 357 2661 una
375 2607 535 2674 fortissima
553 2607 623 2661 uiro.
662 2605 723 2672 Qua
741 2606 776 2660 de
793 2623 825 2660 re
843 2607 906 2660 elixi
924 2606 956 2659 in
972 2605 1151 2678 Symbolum.
1172 2610 1240 2665 ori-

81 2683 181 2736 ticarr.
206 2681 242 2734 ad
267 2680 327 2735 cic.
354 2678 479 2750 Specim.
505 2679 573 2734 1.5.
601 2696 632 2749 p·
651 2681 668 2733 8
688 2694 729 2748 eq.
755 2677 792 2731 ΙΙ.
823 2680 847 2732 7.
872 2695 901 2748 p.
924 2681 957 2732 to
984 2696 1025 2748 sq.
1062 2679 1103 2732 Et
1128 2679 1243 2739 liabent.
1289 2674 1291 2680 ’
1319 2720 1321 2727 .

56 2738 166 2804 'unam
183 2751 271 2805 codd.
291 2758 414 2820 quatuor
432 2750 502 2802 Oxx.
523 2749 599 2803 Gud.
617 2747 716 2801 Duisb.
736 2746 810 2802 Etr.
829 2751 866 2800 Μ.
884 2750 916 2801 1..
941 2745 1024 2802 Brut.
1047 2750 1134 2804 leod.
1152 2752 1236 2807 Boul.

82 2824 191 2878 Sturm.
218 2821 282 2875 Car.
311 2820 410 2891 Stepln
439 2819 504 2874 Alo.
528 2819 651 2877 HWolf.
679 2817 769 2875 Goth.
795 2814 868 2875 Dav.
890 2818 964 2872 Em.
989 2838 1068 2944 seqq.
1109 2823 1238 2878 Restitui

81 2903 180 2948 tamen
204 2908 262 2946 una
289 2909 355 2945 cum
373 2889 476 2945 Reinh.
497 2889 616 2944 Klotzio
633 2891 665 2943 in
682 2888 784 2942 Jahnii
801 2889 919 2942 Annall.
939 2891 1018 2947 1832.
1055 2930 1062 2944 .
1093 2897 1116 2948 1.
1142 2911 1170 2964 p.
1191 2897 1236 2952 93.

81 2966 134 3035 qui
152 2963 239 3016 huius
257 2964 414 3016 veritatem
432 2961 568 3015 lectionis
586 2960 656 3014 alibi
675 2978 705 3015 se
722 2959 1076 3031 probaturumpromisit.
1112 2963 1173 3018 Mr.
1296 2972 1298 2976 '

153 3032 287 3100 inquirit]
324 3030 468 3104 Verburg.
488 3048 524 3084 ex
542 3031 621 3096 (lod,
641 3031 823 3100 nescioquo,
847 3032 964 3101 profert
982 3033 1042 3086 scri
1062 3035 1174 3089 tionem
1191 3052 1237 3089 re·

82 3102 184 3175 quirit.
218 3101 283 3187 Ego
310 3103 343 3154 in
366 3101 420 3155 Ed.
450 3100 498 3154 Gr.
524 3109 553 3154 et
577 3108 667 3157 nostr
692 3100 759 3165 mai.
787 3100 847 3154 cta.
877 3100 912 3154 ds
929 3102 972 3156 NJ
989 3101 1023 3154 D.
1042 3051 1067 3156 Ι.
1088 3108 1131 3160 li.
1162 3113 1236 3161 extr.

81 3194 111 3247 p.
131 3178 175 3237 79.
194 3172 266 3238 dixi,
293 3179 395 3231 nostro
416 3169 648 3225 Tusculanarum
672 3168 736 3223 loco
754 3169 831 3223 haud
857 3170 1039 3227 incommodo
1062 3173 1125 3250 legi
1149 3177 1252 3231 etiam

80 3263 166 3319 posse
191 3243 332 3312 anquirit:
368 3243 445 3312 quoti
472 3258 551 3295 nunc
575 3257 634 3293 non
658 3240 855 3295 necessarium
883 3241 1028 3306 existimo,
1052 3260 1147 3314 neque
1172 3254 1238 3301 tum

81 3317 196 3387 aliquid
214 3323 316 3369 contra
334 3313 455 3369 (lodices
482 3311 648 3366 novandum
674 3327 734 3365 asse
758 3311 866 3367 censui.
902 3310 1025 3380 inquirit
1042 3323 1120 3373 recta
1137 3315 1235 3379 Kiihn.

81 3390 123 3442 ait
142 3386 235 3440 multo
253 3385 372 3461 gravius
391 3384 501 3437 dictum
520 3400 594 3449 esse,
613 3398 698 3453 quam
718 3380 843 3450 simplex
862 3381 981 3450 quaerit.
1018 3385 1080 3438 Mr.

152 3456 301 3524 inanitate]
337 3455 433 3522 „Pau
459 3453 575 3510 secund.
600 3460 695 3524 quart.
722 3452 789 3505 Fab.
814 3451 975 3508 uanitate.“
998 3454 1134 3512 Gebhard.
1181 3459 1237 3515 Est

82 3531 169 3586 etiam
187 3528 312 3582 vanitate
329 3526 363 3579 in
380 3527 474 3580 tribus
493 3527 563 3579 Oxx.
583 3523 704 3579 suan
744 3557 751 3572 ·
789 3523 849 3576 Mr.
1108 3520 1115 3531 ‘

151 3601 267 3654 Nullam
285 3597 450 3651 eminentem
469 3593 599 3664 effigiem
623 3592 769 3661 [virtutis]
794 3594 845 3647 sed
871 3594 1063 3652 adumbratam
1081 3599 1236 3668 imaginem

81 3669 204 3740 gloriae]
240 3669 312 3723 Voci
329 3667 455 3733 uirtutis,
479 3673 639 3738 praeeunte
667 3665 836 3720 doctissimo
861 3665 1003 3734 Bentleio,
1029 3671 1151 3727 uncinos
1178 3673 1237 3727 cir·

40 3754 42 3761 ·
82 3742 310 3813 cumposuimus,
329 3758 396 3793 cum
414 3739 569 3792 manifesto
589 3736 717 3808 παρέλκῃ,
736 3753 790 3790 nec
808 3753 825 3792 a
842 3734 957 3790 Balliol.
977 3757 993 3792 a
1016 3749 1160 3797 noscatur.
1198 3742 1233 3798 Ι).

151 3818 376 3879 consectaturque
403 3811 509 3865 nullam
538 3807 703 3868 eminentem
736 3805 863 3874 effigiem
888 3804 1044 3881 [uirtuteeL
1070 3813 1137 3883 sed]
1179 3813 1235 3871 Ρω

80 3885 188 3940 nuliam
207 3891 320 3938 estnon
340 3882 472 3935 illumin
489 3879 555 3934 Edu
582 3878 678 3932 Larnb.
698 3878 747 3932 Fr.
768 3877 851 3931 Fabr.
882 3876 982 3954 Pergit
1000 3900 1076 3936 unus
1096 3883 1145 3935 Ox.
1166 3884 1236 3943 emt,

80 3963 159 4010 neate
177 3955 282 4023 effigie.
303 3954 418 4019 „Forte
437 3951 545 4016 [voluit
562 3948 696 4015 fortasse]
723 3948 880 4023 legendum
905 3967 960 4003 nan
982 3951 1073 4009 iiiam.
1111 3953 1236 4031 Effigies

80 4027 272 4102 intelligitur,
291 4041 365 4095 quae
384 4021 511 4085 vultum,
530 4021 668 4091 colorem,
688 4035 805 4074 carnem
825 4020 843 4072 i.
853 4037 877 4073 e.
897 4021 1053 4075 veritatem
1076 4024 1169 4089 sistit,
1187 4024 1236 4079 cui

81 4098 228 4159 contraria
248 4105 291 4151 cst
309 4091 476 4147 adumbrata
494 4093 600 4166 imago,
620 4109 692 4160 quae
709 4098 828 4160 praeter
845 4091 972 4160 speciem
991 4094 1133 4160 quandam
1154 4094 1236 4147 simi·

81 4169 141 4223 lem
159 4166 351 4220 nihilhabet.
387 4165 555 4214 Verteremr
591 4161 708 4216 Nicht
734 4161 841 4225 ienes
869 4159 1023 4216 labendo
1043 4162 1235 4228 Gemilde,

80 4239 245 4294 sondern
270 4237 332 4294 'ein
350 4230 624 4287 Sobattanbild
642 4231 704 4285 eles
731 4228 897 4283 Ruhms.“
924 4229 1037 4286 Nissen.
1076 4233 1111 4284 In
1135 4233 1235 4285 eadem

79 4311 172 4364 fuisse
200 4307 343 4362 sententia
366 4304 448 4358 vides
471 4299 643 4364 liambinum
671 4308 700 4354 et
722 4300 772 4353 Fr.
792 4298 973 4355 Fabricium:
1003 4302 1096 4370 nequo
1115 4317 1179 4377 ego,
1198 4300 1234 4367 -si

80 4381 153 4435 libri
171 4378 347 4444 addicerent,
366 4375 401 4430 ab
420 4391 452 4428 ea
470 4389 518 4427 me
537 4368 665 4425 alienum
683 4370 847 4440 profiterer.
886 4370 947 4426 Mr.
995 4416 1001 4424 ,
1104 4371 1107 4376 ’
