<?xml version="1.0" encoding="UTF-8"?>
<!DOCTYPE html PUBLIC "-//W3C//DTD XHTML 1.0 Transitional//EN"
    "http://www.w3.org/TR/xhtml1/DTD/xhtml1-transitional.dtd">
<html xmlns="http://www.w3.org/1999/xhtml" xml:lang="en" lang="en">
 <head>
  <title>
</title>
<meta http-equiv="Content-Type" content="text/html;charset=utf-8" />
  <meta name='ocr-system' content='tesseract 3.04.00' />
  <meta name='ocr-capabilities' content='ocr_page ocr_carea ocr_par ocr_line ocrx_word'/>
</head>
<body>
  <div class='ocr_page' id='page_1' title='image "./mtulliiciceroni00davigoog/mtulliiciceroni00davigoog_0468.png"; bbox 0 0 2842 5070; ppageno 0'>
   <div class='ocr_carea' id='block_1_1' title="bbox 567 271 1304 367">
    <p class='ocr_par' dir='ltr' id='par_1_1' title="bbox 567 271 1304 367">
     <span class='ocr_line' id='line_1_1' title="bbox 567 271 1304 367; baseline 0 -14"><span class='ocrx_word' id='word_1_1' title='bbox 567 280 706 353; x_wconf 62' lang='lat' dir='ltr'><strong>xmom</strong></span> <span class='ocrx_word' id='word_1_2' title='bbox 723 286 786 367; x_wconf 78' lang='lat' dir='ltr'><strong>lv,</strong></span> <span class='ocrx_word' id='word_1_3' title='bbox 806 272 894 354; x_wconf 79' lang='lat' dir='ltr'><strong>ss..</strong></span> <span class='ocrx_word' id='word_1_4' title='bbox 1065 304 1068 309; x_wconf 93' lang='lat'>·</span> <span class='ocrx_word' id='word_1_5' title='bbox 1224 271 1304 355; x_wconf 75' lang='lat'>461-</span> 
     </span>
    </p>
   </div>
   <div class='ocr_carea' id='block_1_2' title="bbox 133 453 1309 626">
    <p class='ocr_par' dir='ltr' id='par_1_2' title="bbox 133 453 1309 626">
     <span class='ocr_line' id='line_1_2' title="bbox 256 453 1019 523; baseline -0.021 0"><span class='ocrx_word' id='word_1_6' title='bbox 256 453 439 523; x_wconf 87' lang='lat' dir='ltr'><strong>Ma&#39;nderem</strong></span> <span class='ocrx_word' id='word_1_7' title='bbox 459 453 564 521; x_wconf 86' lang='lat' dir='ltr'><strong>nntds.</strong></span> <span class='ocrx_word' id='word_1_8' title='bbox 1015 498 1019 507; x_wconf 87' lang='lat'><strong>.</strong></span> 
     </span>
     <span class='ocr_line' id='line_1_3' title="bbox 133 534 1309 626; baseline -0.011 -24"><span class='ocrx_word' id='word_1_9' title='bbox 133 536 259 604; x_wconf 84' lang='lat' dir='ltr'><strong>Eorum</strong></span> <span class='ocrx_word' id='word_1_10' title='bbox 280 543 411 606; x_wconf 81' lang='lat' dir='ltr'><strong>viscera</strong></span> <span class='ocrx_word' id='word_1_11' title='bbox 433 541 579 624; x_wconf 87' lang='lat' dir='ltr'><strong>apponit.</strong></span> <span class='ocrx_word' id='word_1_12' title='bbox 616 534 704 603; x_wconf 79' lang='lat' dir='ltr'><strong>Quid</strong></span> <span class='ocrx_word' id='word_1_13' title='bbox 724 543 776 599; x_wconf 88' lang='lat' dir='ltr'><strong>est</strong></span> <span class='ocrx_word' id='word_1_14' title='bbox 796 535 897 614; x_wconf 87' lang='lat' dir='ltr'><strong>enirn,</strong></span> <span class='ocrx_word' id='word_1_15' title='bbox 920 552 984 618; x_wconf 87' lang='lat' dir='ltr'><strong>quo</strong></span> <span class='ocrx_word' id='word_1_16' title='bbox 1006 552 1072 598; x_wconf 90' lang='lat' dir='ltr'><strong>non</strong></span> <span class='ocrx_word' id='word_1_17' title='bbox 1093 535 1309 626; x_wconf 63' lang='lat' dir='ltr'><strong>prognota.-</strong></span> 
     </span>
    </p>
   </div>
   <div class='ocr_carea' id='block_1_3' title="bbox 1082 659 1293 682">
    <p class='ocr_par' dir='ltr' id='par_1_3' title="bbox 1082 659 1293 682">
     <span class='ocr_line' id='line_1_4' title="bbox 1082 659 1293 682; baseline 0.005 -9"><span class='ocrx_word' id='word_1_18' title='bbox 1082 659 1293 682; x_wconf 46' lang='grc' dir='ltr'>Ἢ</span> 
     </span>
    </p>
   </div>
   <div class='ocr_carea' id='block_1_4' title="bbox 92 709 1312 1856">
    <p class='ocr_par' dir='ltr' id='par_1_4' title="bbox 92 709 1312 1856">
     <span class='ocr_line' id='line_1_5' title="bbox 133 709 1312 797; baseline -0.003 -17"><span class='ocrx_word' id='word_1_19' title='bbox 133 735 166 780; x_wconf 90' lang='lat' dir='ltr'><strong>et</strong></span> <span class='ocrx_word' id='word_1_20' title='bbox 183 709 338 780; x_wconf 75' lang='lat' dir='ltr'><strong>Lambinus</strong></span> <span class='ocrx_word' id='word_1_21' title='bbox 358 743 394 779; x_wconf 84' lang='lat' dir='ltr'><strong>ex</strong></span> <span class='ocrx_word' id='word_1_22' title='bbox 411 725 576 778; x_wconf 81' lang='lat' dir='ltr'><strong>coniectura</strong></span> <span class='ocrx_word' id='word_1_23' title='bbox 596 720 742 788; x_wconf 72' lang='lat' dir='ltr'><strong>Mandaei,</strong></span> <span class='ocrx_word' id='word_1_24' title='bbox 770 720 885 773; x_wconf 88' lang='lat' dir='ltr'><strong>laudato</strong></span> <span class='ocrx_word' id='word_1_25' title='bbox 903 721 1034 776; x_wconf 80' lang='lat' dir='ltr'><strong>Lucretii</strong></span> <span class='ocrx_word' id='word_1_26' title='bbox 1058 740 1154 790; x_wconf 79' lang='lat' dir='ltr'><strong>versu,</strong></span> <span class='ocrx_word' id='word_1_27' title='bbox 1181 724 1212 776; x_wconf 90' lang='lat' dir='ltr'><strong>in</strong></span> <span class='ocrx_word' id='word_1_28' title='bbox 1230 730 1312 797; x_wconf 83' lang='lat' dir='ltr'><strong>quo&#39;</strong></span> 
     </span>
     <span class='ocr_line' id='line_1_6' title="bbox 92 790 1290 868; baseline 0.001 -18"><span class='ocrx_word' id='word_1_29' title='bbox 92 818 93 823; x_wconf 50' lang='lat'>¹</span> <span class='ocrx_word' id='word_1_30' title='bbox 134 806 178 850; x_wconf 89' lang='lat' dir='ltr'><strong>est</strong></span> <span class='ocrx_word' id='word_1_31' title='bbox 203 799 288 851; x_wconf 85' lang='lat' dir='ltr'><strong>mulis</strong></span> <span class='ocrx_word' id='word_1_32' title='bbox 309 790 464 850; x_wconf 81' lang='lat' dir='ltr'><strong>mandaret·</strong></span> <span class='ocrx_word' id='word_1_33' title='bbox 501 795 557 849; x_wconf 86' lang='lat' dir='ltr'><strong>Sed</strong></span> <span class='ocrx_word' id='word_1_34' title='bbox 582 793 640 847; x_wconf 84' lang='lat' dir='ltr'><strong>hoe</strong></span> <span class='ocrx_word' id='word_1_35' title='bbox 666 811 755 868; x_wconf 81' lang='lat' dir='ltr'><strong>genus</strong></span> <span class='ocrx_word' id='word_1_36' title='bbox 778 792 916 862; x_wconf 89' lang='lat' dir='ltr'><strong>loquendi</strong></span> <span class='ocrx_word' id='word_1_37' title='bbox 941 793 973 844; x_wconf 89' lang='lat' dir='ltr'><strong>in</strong></span> <span class='ocrx_word' id='word_1_38' title='bbox 995 793 1114 847; x_wconf 86' lang='lat' dir='ltr'><strong>Palatin.</strong></span> <span class='ocrx_word' id='word_1_39' title='bbox 1139 805 1232 866; x_wconf 85' lang='lat' dir='ltr'><strong>quart.</strong></span> <span class='ocrx_word' id='word_1_40' title='bbox 1260 805 1290 851; x_wconf 91' lang='lat' dir='ltr'><strong>et</strong></span> 
     </span>
     <span class='ocr_line' id='line_1_7' title="bbox 134 861 1287 937; baseline 0 -16"><span class='ocrx_word' id='word_1_41' title='bbox 134 868 219 921; x_wconf 80' lang='lat' dir='ltr'><strong>Fabr.</strong></span> <span class='ocrx_word' id='word_1_42' title='bbox 244 884 333 937; x_wconf 82' lang='lat' dir='ltr'><strong>aequa</strong></span> <span class='ocrx_word' id='word_1_43' title='bbox 359 875 415 922; x_wconf 91' lang='lat' dir='ltr'><strong>est:</strong></span> <span class='ocrx_word' id='word_1_44' title='bbox 450 866 556 920; x_wconf 77' lang='lat' dir='ltr'><strong>habent</strong></span> <span class='ocrx_word' id='word_1_45' title='bbox 578 865 657 919; x_wconf 88' lang='lat' dir='ltr'><strong>enim</strong></span> <span class='ocrx_word' id='word_1_46' title='bbox 679 861 877 917; x_wconf 87' lang='lat' dir='ltr'><strong>mandarem.“</strong></span> <span class='ocrx_word' id='word_1_47' title='bbox 903 861 985 916; x_wconf 83' lang='lat' dir='ltr'><strong>Gebd.</strong></span> <span class='ocrx_word' id='word_1_48' title='bbox 1023 864 1127 936; x_wconf 74' lang='lat' dir='ltr'><strong>„Bipp</strong></span> <span class='ocrx_word' id='word_1_49' title='bbox 1151 869 1287 923; x_wconf 80' lang='lat' dir='ltr'><em>mandem.</em></span> 
     </span>
     <span class='ocr_line' id='line_1_8' title="bbox 133 931 1290 1006; baseline -0.002 -14"><span class='ocrx_word' id='word_1_50' title='bbox 133 934 209 992; x_wconf 86' lang='lat' dir='ltr'><strong>Da&#39;re</strong></span> <span class='ocrx_word' id='word_1_51' title='bbox 227 938 351 990; x_wconf 85' lang='lat' dir='ltr'><strong>voluisse</strong></span> <span class='ocrx_word' id='word_1_52' title='bbox 369 939 505 991; x_wconf 83' lang='lat' dir='ltr'><strong>videntur</strong></span> <span class='ocrx_word' id='word_1_53' title='bbox 528 937 666 988; x_wconf 88' lang='lat' dir='ltr'><strong>mandam.</strong></span> <span class='ocrx_word' id='word_1_54' title='bbox 696 935 839 1002; x_wconf 83' lang='lat' dir='ltr'><strong>[Minime.</strong></span> <span class='ocrx_word' id='word_1_55' title='bbox 876 931 1043 1003; x_wconf 79' lang='lat' dir='ltr'><strong>Sequuntur</strong></span> <span class='ocrx_word' id='word_1_56' title='bbox 1060 937 1290 1006; x_wconf 76' lang='lat' dir='ltr'><strong>Lallemannum,</strong></span> 
     </span>
     <span class='ocr_line' id='line_1_9' title="bbox 156 1005 1288 1063; baseline 0.003 -3"><span class='ocrx_word' id='word_1_57' title='bbox 156 1009 187 1060; x_wconf 89' lang='lat' dir='ltr'><strong>ui</strong></span> <span class='ocrx_word' id='word_1_58' title='bbox 206 1024 273 1060; x_wconf 86' lang='lat' dir='ltr'><strong>cum</strong></span> <span class='ocrx_word' id='word_1_59' title='bbox 291 1008 429 1062; x_wconf 77' lang='lat' dir='ltr'><strong>lambino</strong></span> <span class='ocrx_word' id='word_1_60' title='bbox 446 1008 533 1060; x_wconf 88' lang='lat' dir='ltr'><strong>facit:</strong></span> <span class='ocrx_word' id='word_1_61' title='bbox 567 1006 721 1059; x_wconf 77' lang='lat' dir='ltr'><strong>Lambinus</strong></span> <span class='ocrx_word' id='word_1_62' title='bbox 749 1013 844 1056; x_wconf 87' lang='lat' dir='ltr'><strong>autem</strong></span> <span class='ocrx_word' id='word_1_63' title='bbox 872 1005 1000 1057; x_wconf 80' lang='lat' dir='ltr'><strong><em>mandem</em></strong></span> <span class='ocrx_word' id='word_1_64' title='bbox 1024 1006 1056 1057; x_wconf 89' lang='lat' dir='ltr'><strong>in</strong></span> <span class='ocrx_word' id='word_1_65' title='bbox 1074 1006 1181 1061; x_wconf 86' lang='lat' dir='ltr'><strong>duobus</strong></span> <span class='ocrx_word' id='word_1_66' title='bbox 1200 1007 1288 1063; x_wconf 76' lang='lat' dir='ltr'><strong>codd.</strong></span> 
     </span>
     <span class='ocr_line' id='line_1_10' title="bbox 135 1027 1290 1147; baseline -0.008 -15"><span class='ocrx_word' id='word_1_67' title='bbox 135 1027 196 1134; x_wconf 53' lang='lat' dir='ltr'><strong>gie.</strong></span> <span class='ocrx_word' id='word_1_68' title='bbox 216 1079 250 1132; x_wconf 91' lang='lat' dir='ltr'><strong>de</strong></span> <span class='ocrx_word' id='word_1_69' title='bbox 270 1079 315 1132; x_wconf 85' lang='lat' dir='ltr'><strong>Or.</strong></span> <span class='ocrx_word' id='word_1_70' title='bbox 337 1080 390 1132; x_wconf 90' lang='lat'><strong>111.</strong></span> <span class='ocrx_word' id='word_1_71' title='bbox 410 1081 454 1135; x_wconf 83' lang='lat'><strong>58.</strong></span> <span class='ocrx_word' id='word_1_72' title='bbox 478 1077 619 1147; x_wconf 86' lang='lat' dir='ltr'><strong>reperisse</strong></span> <span class='ocrx_word' id='word_1_73' title='bbox 645 1084 779 1128; x_wconf 80' lang='lat' dir='ltr'><strong>narratur</strong></span> <span class='ocrx_word' id='word_1_74' title='bbox 801 1092 817 1126; x_wconf 91' lang='lat' dir='ltr'><strong>a</strong></span> <span class='ocrx_word' id='word_1_75' title='bbox 842 1074 864 1125; x_wconf 77' lang='lat' dir='ltr'><strong>t</strong></span> <span class='ocrx_word' id='word_1_76' title='bbox 865 1092 890 1130; x_wconf 91' lang='lat' dir='ltr'><strong>r.</strong></span> <span class='ocrx_word' id='word_1_77' title='bbox 909 1075 933 1127; x_wconf 81' lang='lat' dir='ltr'>F</span> <span class='ocrx_word' id='word_1_78' title='bbox 934 1074 1074 1143; x_wconf 78' lang='lat' dir='ltr'><strong>abriciot]</strong></span> <span class='ocrx_word' id='word_1_79' title='bbox 1101 1077 1157 1131; x_wconf 87' lang='lat' dir='ltr'><strong>Sed</strong></span> <span class='ocrx_word' id='word_1_80' title='bbox 1175 1082 1290 1135; x_wconf 77' lang='lat' dir='ltr'><strong>eaeor.</strong></span> 
     </span>
     <span class='ocr_line' id='line_1_11' title="bbox 133 1142 1226 1219; baseline 0.001 -18"><span class='ocrx_word' id='word_1_81' title='bbox 133 1151 265 1202; x_wconf 90' lang='lat' dir='ltr'><strong>rectione</strong></span> <span class='ocrx_word' id='word_1_82' title='bbox 283 1149 328 1200; x_wconf 87' lang='lat' dir='ltr'><strong>nil</strong></span> <span class='ocrx_word' id='word_1_83' title='bbox 347 1165 426 1219; x_wconf 86' lang='lat' dir='ltr'><strong>opus.</strong></span> <span class='ocrx_word' id='word_1_84' title='bbox 465 1148 603 1201; x_wconf 76' lang='lat' dir='ltr'><strong>Hortatur</strong></span> <span class='ocrx_word' id='word_1_85' title='bbox 621 1155 663 1199; x_wconf 90' lang='lat' dir='ltr'><strong>est</strong></span> <span class='ocrx_word' id='word_1_86' title='bbox 679 1162 733 1216; x_wconf 87' lang='lat' dir='ltr'><strong>pro</strong></span> <span class='ocrx_word' id='word_1_87' title='bbox 751 1142 878 1198; x_wconf 77' lang='lat' dir='ltr'><strong>bortatur</strong></span> <span class='ocrx_word' id='word_1_88' title='bbox 896 1151 937 1198; x_wconf 87' lang='lat' dir='ltr'><strong>est</strong></span> <span class='ocrx_word' id='word_1_89' title='bbox 955 1146 1098 1199; x_wconf 88' lang='lat' dir='ltr'><strong>diotum.“</strong></span> <span class='ocrx_word' id='word_1_90' title='bbox 1114 1148 1226 1204; x_wconf 87' lang='lat' dir='ltr'><strong>Nissen.</strong></span> 
     </span>
     <span class='ocr_line' id='line_1_12' title="bbox 208 1215 1288 1285; baseline -0.001 -12"><span class='ocrx_word' id='word_1_91' title='bbox 208 1216 246 1273; x_wconf 85' lang='lat' dir='ltr'><strong>Ut</strong></span> <span class='ocrx_word' id='word_1_92' title='bbox 270 1235 346 1272; x_wconf 88' lang='lat' dir='ltr'><strong>meos</strong></span> <span class='ocrx_word' id='word_1_93' title='bbox 371 1217 456 1271; x_wconf 84' lang='lat' dir='ltr'><strong>malis</strong></span> <span class='ocrx_word' id='word_1_94' title='bbox 483 1215 571 1270; x_wconf 85' lang='lat' dir='ltr'><strong>miser</strong></span> <span class='ocrx_word' id='word_1_95' title='bbox 588 1217 754 1271; x_wconf 87' lang='lat' dir='ltr'><strong>Manderem</strong></span> <span class='ocrx_word' id='word_1_96' title='bbox 777 1215 871 1282; x_wconf 87' lang='lat' dir='ltr'><strong>natos]</strong></span> <span class='ocrx_word' id='word_1_97' title='bbox 908 1217 943 1269; x_wconf 90' lang='lat' dir='ltr'><strong>ln</strong></span> <span class='ocrx_word' id='word_1_98' title='bbox 960 1217 1026 1270; x_wconf 86' lang='lat' dir='ltr'><strong>aliis</strong></span> <span class='ocrx_word' id='word_1_99' title='bbox 1044 1227 1096 1285; x_wconf 85' lang='lat' dir='ltr'><strong>est,</strong></span> <span class='ocrx_word' id='word_1_100' title='bbox 1116 1222 1288 1276; x_wconf 86' lang='lat' dir='ltr'><strong>mandarem.</strong></span> 
     </span>
     <span class='ocr_line' id='line_1_13' title="bbox 134 1285 492 1354; baseline -0.008 -12"><span class='ocrx_word' id='word_1_101' title='bbox 134 1285 183 1343; x_wconf 82' lang='lat' dir='ltr'><strong>sio</strong></span> <span class='ocrx_word' id='word_1_102' title='bbox 201 1291 352 1342; x_wconf 84' lang='lat' dir='ltr'><strong>Lucretius</strong></span> <span class='ocrx_word' id='word_1_103' title='bbox 371 1291 411 1354; x_wconf 88' lang='grc' dir='ltr'><strong>ΙΙ,</strong></span> <span class='ocrx_word' id='word_1_104' title='bbox 430 1291 492 1345; x_wconf 81' lang='grc'>637.</span> 
     </span>
     <span class='ocr_line' id='line_1_14' title="bbox 238 1356 1003 1427; baseline -0.001 -14"><span class='ocrx_word' id='word_1_105' title='bbox 238 1398 241 1403; x_wconf 89' lang='lat'><em>-</em></span> <span class='ocrx_word' id='word_1_106' title='bbox 300 1360 342 1413; x_wconf 89' lang='lat' dir='ltr'><strong>Ne</strong></span> <span class='ocrx_word' id='word_1_107' title='bbox 360 1361 499 1414; x_wconf 86' lang='lat' dir='ltr'><strong>Saturnus</strong></span> <span class='ocrx_word' id='word_1_108' title='bbox 522 1374 582 1412; x_wconf 90' lang='lat' dir='ltr'><strong>eum</strong></span> <span class='ocrx_word' id='word_1_109' title='bbox 600 1357 684 1410; x_wconf 74' lang='lat' dir='ltr'><strong>unalis</strong></span> <span class='ocrx_word' id='word_1_110' title='bbox 709 1356 859 1410; x_wconf 86' lang='lat' dir='ltr'><strong>mandaret</strong></span> <span class='ocrx_word' id='word_1_111' title='bbox 877 1360 1003 1427; x_wconf 82' lang='lat' dir='ltr'><strong>adeptus.</strong></span> 
     </span>
     <span class='ocr_line' id='line_1_15' title="bbox 133 1427 1262 1508; baseline 0.003 -24"><span class='ocrx_word' id='word_1_112' title='bbox 133 1427 300 1508; x_wconf 76' lang='lat' dir='ltr'><strong>Ableganda</strong></span> <span class='ocrx_word' id='word_1_113' title='bbox 317 1440 413 1483; x_wconf 90' lang='lat' dir='ltr'><strong>tamen</strong></span> <span class='ocrx_word' id='word_1_114' title='bbox 431 1448 489 1483; x_wconf 89' lang='lat' dir='ltr'><strong>non</strong></span> <span class='ocrx_word' id='word_1_115' title='bbox 509 1438 552 1483; x_wconf 88' lang='lat' dir='ltr'><strong>est</strong></span> <span class='ocrx_word' id='word_1_116' title='bbox 569 1428 800 1499; x_wconf 86' lang='lat' dir='ltr'><strong>recepta-lectio.</strong></span> <span class='ocrx_word' id='word_1_117' title='bbox 838 1429 979 1504; x_wconf 81' lang='lat' dir='ltr'><strong>Virgilius</strong></span> <span class='ocrx_word' id='word_1_118' title='bbox 998 1430 1105 1507; x_wconf 76' lang='lat' dir='ltr'><strong>Georg.</strong></span> <span class='ocrx_word' id='word_1_119' title='bbox 1124 1431 1180 1500; x_wconf 87' lang='lat'>111,</span> <span class='ocrx_word' id='word_1_120' title='bbox 1198 1436 1262 1492; x_wconf 70' lang='lat'><strong>268.</strong></span> 
     </span>
     <span class='ocr_line' id='line_1_16' title="bbox 300 1497 1068 1570; baseline 0 -16"><span class='ocrx_word' id='word_1_121' title='bbox 300 1501 454 1555; x_wconf 71' lang='lat' dir='ltr'><strong>Potniades</strong></span> <span class='ocrx_word' id='word_1_122' title='bbox 471 1500 554 1552; x_wconf 84' lang='lat' dir='ltr'><strong>malis</strong></span> <span class='ocrx_word' id='word_1_123' title='bbox 577 1500 700 1552; x_wconf 82' lang='lat' dir='ltr'><strong>membra</strong></span> <span class='ocrx_word' id='word_1_124' title='bbox 721 1497 883 1552; x_wconf 83' lang='lat' dir='ltr'><strong>absumsere</strong></span> <span class='ocrx_word' id='word_1_125' title='bbox 901 1502 1068 1570; x_wconf 79' lang='lat' dir='ltr'><strong>quadrigae.</strong></span> 
     </span>
     <span class='ocr_line' id='line_1_17' title="bbox 133 1568 1207 1639; baseline 0 -14"><span class='ocrx_word' id='word_1_126' title='bbox 133 1571 244 1625; x_wconf 85' lang='lat' dir='ltr'><strong>Eodem</strong></span> <span class='ocrx_word' id='word_1_127' title='bbox 261 1573 346 1626; x_wconf 88' lang='lat' dir='ltr'><strong>m&#39;odo</strong></span> <span class='ocrx_word' id='word_1_128' title='bbox 364 1574 476 1625; x_wconf 82' lang='lat' dir='ltr'><strong>locutus</strong></span> <span class='ocrx_word' id='word_1_129' title='bbox 496 1580 540 1623; x_wconf 88' lang='lat' dir='ltr'><strong>est</strong></span> <span class='ocrx_word' id='word_1_130' title='bbox 556 1568 627 1625; x_wconf 89' lang='lat' dir='ltr'><strong>Aen.</strong></span> <span class='ocrx_word' id='word_1_131' title='bbox 647 1571 701 1636; x_wconf 89' lang='lat'><strong>111,</strong></span> <span class='ocrx_word' id='word_1_132' title='bbox 719 1572 781 1625; x_wconf 80' lang='lat'><strong>25⁷.</strong></span> <span class='ocrx_word' id='word_1_133' title='bbox 818 1569 935 1624; x_wconf 81' lang='lat' dir='ltr'><strong>Ovidius</strong></span> <span class='ocrx_word' id='word_1_134' title='bbox 952 1574 1066 1626; x_wconf 84' lang='lat' dir='ltr'><strong>Metam.</strong></span> <span class='ocrx_word' id='word_1_135' title='bbox 1084 1572 1145 1639; x_wconf 77' lang='lat' dir='ltr'><strong>XV,</strong></span> <span class='ocrx_word' id='word_1_136' title='bbox 1163 1575 1207 1629; x_wconf 77' lang='lat'><strong>92.</strong></span> 
     </span>
     <span class='ocr_line' id='line_1_18' title="bbox 301 1639 896 1695; baseline -0.003 0"><span class='ocrx_word' id='word_1_137' title='bbox 301 1670 334 1680; x_wconf 96' lang='lat'>—</span> <span class='ocrx_word' id='word_1_138' title='bbox 353 1642 405 1695; x_wconf 87' lang='lat' dir='ltr'><strong>Nit</strong></span> <span class='ocrx_word' id='word_1_139' title='bbox 422 1648 449 1694; x_wconf 85' lang='lat' dir='ltr'><strong>te</strong></span> <span class='ocrx_word' id='word_1_140' title='bbox 467 1641 526 1694; x_wconf 85' lang='lat' dir='ltr'><strong>nisi</strong></span> <span class='ocrx_word' id='word_1_141' title='bbox 544 1639 642 1694; x_wconf 83' lang='lat' dir='ltr'><strong>tristia</strong></span> <span class='ocrx_word' id='word_1_142' title='bbox 660 1640 795 1693; x_wconf 82' lang='lat' dir='ltr'><strong>mandere</strong></span> <span class='ocrx_word' id='word_1_143' title='bbox 814 1654 896 1693; x_wconf 83' lang='lat' dir='ltr'><strong>saeuo</strong></span> 
     </span>
     <span class='ocr_line' id='line_1_19' title="bbox 258 1713 1141 1769; baseline -0.008 0"><span class='ocrx_word' id='word_1_144' title='bbox 258 1730 261 1735; x_wconf 84' lang='lat'>·</span> <span class='ocrx_word' id='word_1_145' title='bbox 304 1713 428 1769; x_wconf 84' lang='lat' dir='ltr'><strong>Vulnera</strong></span> <span class='ocrx_word' id='word_1_146' title='bbox 450 1713 535 1765; x_wconf 84' lang='lat' dir='ltr'><strong>dente</strong></span> <span class='ocrx_word' id='word_1_147' title='bbox 559 1713 647 1764; x_wconf 87' lang='lat' dir='ltr'><strong>iuvat.</strong></span> <span class='ocrx_word' id='word_1_148' title='bbox 1135 1736 1141 1743; x_wconf 53' lang='lat'><em>⁴</em></span> 
     </span>
     <span class='ocr_line' id='line_1_20' title="bbox 136 1780 1312 1856; baseline 0.004 -20"><span class='ocrx_word' id='word_1_149' title='bbox 136 1780 300 1850; x_wconf 85' lang='lat' dir='ltr'><strong>Quinetiam</strong></span> <span class='ocrx_word' id='word_1_150' title='bbox 316 1783 473 1837; x_wconf 88' lang='lat' dir='ltr'><strong>versiculos</strong></span> <span class='ocrx_word' id='word_1_151' title='bbox 490 1781 576 1835; x_wconf 89' lang='lat' dir='ltr'><strong>hosce</strong></span> <span class='ocrx_word' id='word_1_152' title='bbox 594 1781 722 1853; x_wconf 88' lang='lat' dir='ltr'><strong>reperias</strong></span> <span class='ocrx_word' id='word_1_153' title='bbox 738 1780 811 1834; x_wconf 87' lang='lat' dir='ltr'><strong>lieet</strong></span> <span class='ocrx_word' id='word_1_154' title='bbox 828 1780 878 1833; x_wconf 90' lang='lat' dir='ltr'><strong>lib.</strong></span> <span class='ocrx_word' id='word_1_155' title='bbox 890 1782 943 1835; x_wconf 88' lang='lat'><strong>111.</strong></span> <span class='ocrx_word' id='word_1_156' title='bbox 963 1782 998 1837; x_wconf 91' lang='lat' dir='ltr'><strong>de</strong></span> <span class='ocrx_word' id='word_1_157' title='bbox 1017 1783 1093 1837; x_wconf 73' lang='lat' dir='ltr'><strong>Orat.</strong></span> <span class='ocrx_word' id='word_1_158' title='bbox 1114 1802 1177 1856; x_wconf 81' lang='lat' dir='ltr'><strong>cap.</strong></span> <span class='ocrx_word' id='word_1_159' title='bbox 1187 1788 1230 1843; x_wconf 78' lang='grc'><strong>58.</strong></span> <span class='ocrx_word' id='word_1_160' title='bbox 1250 1787 1289 1841; x_wconf 86' lang='lat' dir='ltr'><strong>D.</strong></span> <span class='ocrx_word' id='word_1_161' title='bbox 1303 1782 1312 1811; x_wconf 68' lang='lat'><strong>³</strong></span> 
     </span>
    </p>
   </div>
   <div class='ocr_carea' id='block_1_5' title="bbox 107 1869 1357 3917">
    <p class='ocr_par' dir='ltr' id='par_1_5' title="bbox 134 1869 1352 2716">
     <span class='ocr_line' id='line_1_21' title="bbox 206 1869 1315 1936; baseline 0.004 -11"><span class='ocrx_word' id='word_1_162' title='bbox 206 1880 237 1925; x_wconf 86' lang='lat' dir='ltr'><strong>ut</strong></span> <span class='ocrx_word' id='word_1_163' title='bbox 259 1888 336 1925; x_wconf 88' lang='lat' dir='ltr'><strong>meos</strong></span> <span class='ocrx_word' id='word_1_164' title='bbox 359 1902 392 1916; x_wconf 87' lang='lat'>-</span> <span class='ocrx_word' id='word_1_165' title='bbox 419 1872 578 1925; x_wconf 80' lang='lat' dir='ltr'><strong>manderem</strong></span> <span class='ocrx_word' id='word_1_166' title='bbox 602 1869 695 1936; x_wconf 80' lang='lat' dir='ltr'><strong>natos]</strong></span> <span class='ocrx_word' id='word_1_167' title='bbox 731 1870 845 1935; x_wconf 86' lang='lat' dir='ltr'><strong>„Habet</strong></span> <span class='ocrx_word' id='word_1_168' title='bbox 868 1871 997 1923; x_wconf 79' lang='lat' dir='ltr'><strong>mandem</strong></span> <span class='ocrx_word' id='word_1_169' title='bbox 1021 1873 1088 1928; x_wconf 84' lang='lat' dir='ltr'><strong>Cod.</strong></span> <span class='ocrx_word' id='word_1_170' title='bbox 1116 1874 1208 1928; x_wconf 83' lang='lat' dir='ltr'><strong>Rehd.</strong></span> <span class='ocrx_word' id='word_1_171' title='bbox 1243 1872 1315 1929; x_wconf 79' lang='lat' dir='ltr'><strong>Ex&#39;</strong></span> 
     </span>
     <span class='ocr_line' id='line_1_22' title="bbox 135 1936 1292 2017; baseline 0.005 -24"><span class='ocrx_word' id='word_1_172' title='bbox 135 1943 201 1996; x_wconf 85' lang='lat' dir='ltr'><strong>loeo</strong></span> <span class='ocrx_word' id='word_1_173' title='bbox 219 1944 350 1995; x_wconf 82' lang='lat' dir='ltr'><strong>Lucretii</strong></span> <span class='ocrx_word' id='word_1_174' title='bbox 367 1944 432 1996; x_wconf 85' lang='lat' dir='ltr'><strong>veri</strong></span> <span class='ocrx_word' id='word_1_175' title='bbox 450 1943 485 1995; x_wconf 83' lang='lat' dir='ltr'><strong>fit</strong></span> <span class='ocrx_word' id='word_1_176' title='bbox 502 1941 608 2007; x_wconf 84' lang='lat' dir='ltr'><strong>simile,</strong></span> <span class='ocrx_word' id='word_1_177' title='bbox 642 1940 700 1993; x_wconf 84' lang='lat' dir='ltr'><strong>hoe</strong></span> <span class='ocrx_word' id='word_1_178' title='bbox 724 1956 840 2010; x_wconf 86' lang='lat' dir='ltr'><strong>quoque</strong></span> <span class='ocrx_word' id='word_1_179' title='bbox 865 1941 929 1994; x_wconf 86' lang='lat' dir='ltr'><strong>loco</strong></span> <span class='ocrx_word' id='word_1_180' title='bbox 946 1941 996 1994; x_wconf 86' lang='lat' dir='ltr'><strong>vel</strong></span> <span class='ocrx_word' id='word_1_181' title='bbox 1013 1936 1144 1997; x_wconf 78' lang='lat' dir='ltr'><strong>bortatur</strong></span> <span class='ocrx_word' id='word_1_182' title='bbox 1162 1976 1194 1989; x_wconf 87' lang='lat'>-</span> <span class='ocrx_word' id='word_1_183' title='bbox 1214 1961 1292 2017; x_wconf 86' lang='lat' dir='ltr'><strong>man-</strong></span> 
     </span>
     <span class='ocr_line' id='line_1_23' title="bbox 136 2010 1289 2086; baseline 0.004 -21"><span class='ocrx_word' id='word_1_184' title='bbox 136 2014 209 2077; x_wconf 86' lang='lat' dir='ltr'><strong>dem,</strong></span> <span class='ocrx_word' id='word_1_185' title='bbox 227 2015 276 2066; x_wconf 81' lang='lat' dir='ltr'><strong>vel</strong></span> <span class='ocrx_word' id='word_1_186' title='bbox 294 2010 416 2067; x_wconf 81' lang='lat' dir='ltr'><strong>dortatu&#39;</strong></span> <span class='ocrx_word' id='word_1_187' title='bbox 435 2014 598 2066; x_wconf 86' lang='lat' dir='ltr'><strong>mandarem</strong></span> <span class='ocrx_word' id='word_1_188' title='bbox 615 2011 771 2086; x_wconf 80' lang='lat' dir='ltr'><strong>legendum</strong></span> <span class='ocrx_word' id='word_1_189' title='bbox 790 2027 857 2063; x_wconf 87' lang='lat' dir='ltr'><strong>esse.</strong></span> <span class='ocrx_word' id='word_1_190' title='bbox 895 2011 973 2064; x_wconf 83' lang='lat' dir='ltr'><strong>lliud</strong></span> <span class='ocrx_word' id='word_1_191' title='bbox 1010 2015 1212 2070; x_wconf 86' lang='lat' dir='ltr'><strong>raetulerim.“</strong></span> <span class='ocrx_word' id='word_1_192' title='bbox 1237 2017 1289 2070; x_wconf 88' lang='lat' dir='ltr'><strong>Or.</strong></span> 
     </span>
     <span class='ocr_line' id='line_1_24' title="bbox 135 2030 1352 2152; baseline 0.006 -17"><span class='ocrx_word' id='word_1_193' title='bbox 135 2084 172 2135; x_wconf 89' lang='lat' dir='ltr'><strong>ad</strong></span> <span class='ocrx_word' id='word_1_194' title='bbox 188 2083 240 2138; x_wconf 91' lang='lat' dir='ltr'><strong>W.</strong></span> <span class='ocrx_word' id='word_1_195' title='bbox 261 2083 378 2139; x_wconf 85' lang='lat' dir='ltr'><strong>scholas.</strong></span> <span class='ocrx_word' id='word_1_196' title='bbox 415 2083 488 2136; x_wconf 82' lang='lat' dir='ltr'><strong>Mihi</strong></span> <span class='ocrx_word' id='word_1_197' title='bbox 507 2083 624 2151; x_wconf 88' lang='lat' dir='ltr'><strong>quidem</strong></span> <span class='ocrx_word' id='word_1_198' title='bbox 648 2081 776 2134; x_wconf 81' lang='lat' dir='ltr'><strong>mandem</strong></span> <span class='ocrx_word' id='word_1_199' title='bbox 800 2098 836 2133; x_wconf 87' lang='lat' dir='ltr'><strong>ex</strong></span> <span class='ocrx_word' id='word_1_200' title='bbox 859 2030 1028 2152; x_wconf 81' lang='lat' dir='ltr'><strong>compendio</strong></span> <span class='ocrx_word' id='word_1_201' title='bbox 1052 2085 1189 2141; x_wconf 86' lang='lat' dir='ltr'><strong>mand&#39;em</strong></span> <span class='ocrx_word' id='word_1_202' title='bbox 1206 2086 1245 2152; x_wconf 91' lang='lat' dir='ltr'><strong>(i.</strong></span> <span class='ocrx_word' id='word_1_203' title='bbox 1263 2105 1290 2144; x_wconf 90' lang='lat' dir='ltr'><strong>e.</strong></span> <span class='ocrx_word' id='word_1_204' title='bbox 1346 2135 1352 2149; x_wconf 82' lang='lat'><em>,</em></span> 
     </span>
     <span class='ocr_line' id='line_1_25' title="bbox 135 2152 1292 2222; baseline 0.004 -17"><span class='ocrx_word' id='word_1_205' title='bbox 135 2154 314 2219; x_wconf 86' lang='lat' dir='ltr'><strong>manderem)</strong></span> <span class='ocrx_word' id='word_1_206' title='bbox 333 2164 430 2208; x_wconf 88' lang='lat' dir='ltr'><strong>ortum</strong></span> <span class='ocrx_word' id='word_1_207' title='bbox 446 2153 573 2205; x_wconf 87' lang='lat' dir='ltr'><strong>videtur.</strong></span> <span class='ocrx_word' id='word_1_208' title='bbox 610 2152 748 2206; x_wconf 86' lang='lat' dir='ltr'><strong>Ceterum</strong></span> <span class='ocrx_word' id='word_1_209' title='bbox 774 2161 924 2222; x_wconf 89' lang='lat' dir='ltr'><strong>receptum</strong></span> <span class='ocrx_word' id='word_1_210' title='bbox 943 2162 985 2206; x_wconf 87' lang='lat' dir='ltr'><strong>est</strong></span> <span class='ocrx_word' id='word_1_211' title='bbox 1004 2154 1092 2208; x_wconf 89' lang='lat' dir='ltr'><strong>etiam</strong></span> <span class='ocrx_word' id='word_1_212' title='bbox 1108 2159 1238 2212; x_wconf 84' lang='lat' dir='ltr'><strong>mandem</strong></span> <span class='ocrx_word' id='word_1_213' title='bbox 1254 2175 1292 2212; x_wconf 82' lang='lat' dir='ltr'><strong>ex</strong></span> 
     </span>
     <span class='ocr_line' id='line_1_26' title="bbox 134 2222 1291 2290; baseline 0.008 -14"><span class='ocrx_word' id='word_1_214' title='bbox 134 2224 191 2277; x_wconf 85' lang='lat' dir='ltr'><strong>Ed.</strong></span> <span class='ocrx_word' id='word_1_215' title='bbox 210 2226 282 2278; x_wconf 84' lang='lat' dir='ltr'><strong>Lall.</strong></span> <span class='ocrx_word' id='word_1_216' title='bbox 301 2226 333 2276; x_wconf 87' lang='lat' dir='ltr'><strong>in</strong></span> <span class='ocrx_word' id='word_1_217' title='bbox 351 2226 404 2278; x_wconf 84' lang='lat' dir='ltr'><strong>Ed</strong></span> <span class='ocrx_word' id='word_1_218' title='bbox 422 2224 553 2290; x_wconf 80' lang='lat' dir='ltr'><strong>Mannh.;</strong></span> <span class='ocrx_word' id='word_1_219' title='bbox 571 2223 735 2276; x_wconf 86' lang='lat' dir='ltr'><strong>mandarem</strong></span> <span class='ocrx_word' id='word_1_220' title='bbox 753 2222 892 2275; x_wconf 81' lang='lat' dir='ltr'><strong>scribitur</strong></span> <span class='ocrx_word' id='word_1_221' title='bbox 908 2225 939 2275; x_wconf 89' lang='lat' dir='ltr'><strong>in</strong></span> <span class='ocrx_word' id='word_1_222' title='bbox 953 2224 1093 2280; x_wconf 77' lang='lat' dir='ltr'><strong>Ouddita</strong></span> <span class='ocrx_word' id='word_1_223' title='bbox 1116 2266 1122 2278; x_wconf 94' lang='lat'><strong>.</strong></span> <span class='ocrx_word' id='word_1_224' title='bbox 1143 2229 1216 2282; x_wconf 82' lang='lat' dir='ltr'><strong>Gud</strong></span> <span class='ocrx_word' id='word_1_225' title='bbox 1228 2234 1252 2284; x_wconf 93' lang='lat'><strong>1.</strong></span> <span class='ocrx_word' id='word_1_226' title='bbox 1263 2232 1291 2285; x_wconf 79' lang='lat'><em>2</em></span> 
     </span>
     <span class='ocr_line' id='line_1_27' title="bbox 135 2245 1291 2376; baseline 0.006 -30"><span class='ocrx_word' id='word_1_227' title='bbox 135 2295 225 2347; x_wconf 83' lang='lat' dir='ltr'><strong>Marb.</strong></span> <span class='ocrx_word' id='word_1_228' title='bbox 248 2295 346 2349; x_wconf 88' lang='lat' dir='ltr'><strong>Duisb.</strong></span> <span class='ocrx_word' id='word_1_229' title='bbox 375 2303 404 2347; x_wconf 89' lang='lat' dir='ltr'><strong>et</strong></span> <span class='ocrx_word' id='word_1_230' title='bbox 435 2304 559 2364; x_wconf 87' lang='lat' dir='ltr'><strong>quatuor</strong></span> <span class='ocrx_word' id='word_1_231' title='bbox 584 2295 653 2349; x_wconf 61' lang='grc' dir='ltr'><strong>θα.</strong></span> <span class='ocrx_word' id='word_1_232' title='bbox 697 2293 845 2345; x_wconf 88' lang='lat' dir='ltr'><strong>Nimirum</strong></span> <span class='ocrx_word' id='word_1_233' title='bbox 870 2295 1025 2351; x_wconf 80' lang='lat' dir='ltr'><strong>mandandi</strong></span> <span class='ocrx_word' id='word_1_234' title='bbox 1050 2245 1171 2351; x_wconf 67' lang='lat' dir='ltr'><strong>verbum</strong></span> <span class='ocrx_word' id='word_1_235' title='bbox 1197 2299 1291 2376; x_wconf 76' lang='lat' dir='ltr'><strong>magis</strong></span> 
     </span>
     <span class='ocr_line' id='line_1_28' title="bbox 135 2363 1293 2437; baseline 0.005 -21"><span class='ocrx_word' id='word_1_236' title='bbox 135 2373 238 2418; x_wconf 88' lang='lat' dir='ltr'><strong>notum</strong></span> <span class='ocrx_word' id='word_1_237' title='bbox 258 2373 319 2417; x_wconf 83' lang='lat' dir='ltr'><strong>erat</strong></span> <span class='ocrx_word' id='word_1_238' title='bbox 336 2365 471 2429; x_wconf 87' lang='lat' dir='ltr'><strong>librariis,</strong></span> <span class='ocrx_word' id='word_1_239' title='bbox 500 2382 585 2434; x_wconf 88' lang='lat' dir='ltr'><strong>quam</strong></span> <span class='ocrx_word' id='word_1_240' title='bbox 606 2363 728 2416; x_wconf 86' lang='lat' dir='ltr'><strong>verbum</strong></span> <span class='ocrx_word' id='word_1_241' title='bbox 753 2364 911 2417; x_wconf 81' lang='lat' dir='ltr'><strong>mandendi.</strong></span> <span class='ocrx_word' id='word_1_242' title='bbox 948 2367 988 2418; x_wconf 84' lang='lat' dir='ltr'><strong>Re</strong></span> <span class='ocrx_word' id='word_1_243' title='bbox 1007 2366 1067 2437; x_wconf 86' lang='lat' dir='ltr'><strong>ipsa</strong></span> <span class='ocrx_word' id='word_1_244' title='bbox 1085 2370 1204 2424; x_wconf 77' lang='lat' dir='ltr'><strong>fortasse</strong></span> <span class='ocrx_word' id='word_1_245' title='bbox 1222 2387 1293 2424; x_wconf 82' lang='lat' dir='ltr'><strong>con·-</strong></span> 
     </span>
     <span class='ocr_line' id='line_1_29' title="bbox 134 2433 1292 2511; baseline 0.008 -25"><span class='ocrx_word' id='word_1_246' title='bbox 134 2436 260 2487; x_wconf 85' lang='lat' dir='ltr'><strong>trarium</strong></span> <span class='ocrx_word' id='word_1_247' title='bbox 277 2434 373 2488; x_wconf 88' lang='lat' dir='ltr'><strong>locum</strong></span> <span class='ocrx_word' id='word_1_248' title='bbox 392 2452 457 2487; x_wconf 90' lang='lat' dir='ltr'><strong>eum</strong></span> <span class='ocrx_word' id='word_1_249' title='bbox 475 2434 583 2486; x_wconf 86' lang='lat' dir='ltr'><strong>habuit.</strong></span> <span class='ocrx_word' id='word_1_250' title='bbox 621 2433 656 2486; x_wconf 88' lang='lat' dir='ltr'><strong>In</strong></span> <span class='ocrx_word' id='word_1_251' title='bbox 679 2433 746 2486; x_wconf 83' lang='lat' dir='ltr'><strong>God.</strong></span> <span class='ocrx_word' id='word_1_252' title='bbox 765 2438 842 2488; x_wconf 85' lang='lat' dir='ltr'><strong>Mon.</strong></span> <span class='ocrx_word' id='word_1_253' title='bbox 863 2440 887 2489; x_wconf 97' lang='lat' dir='ltr'><strong>l.</strong></span> <span class='ocrx_word' id='word_1_254' title='bbox 906 2435 1017 2511; x_wconf 83' lang='lat' dir='ltr'><strong>legitur</strong></span> <span class='ocrx_word' id='word_1_255' title='bbox 1039 2443 1079 2491; x_wconf 73' lang='lat' dir='ltr'><strong>ut·</strong></span> <span class='ocrx_word' id='word_1_256' title='bbox 1094 2441 1182 2494; x_wconf 82' lang='lat' dir='ltr'><strong>meis</strong></span> <span class='ocrx_word' id='word_1_257' title='bbox 1204 2440 1292 2496; x_wconf 79' lang='lat' dir='ltr'><strong>motis</strong></span> 
     </span>
     <span class='ocr_line' id='line_1_30' title="bbox 136 2504 1292 2569; baseline 0.006 -11"><span class='ocrx_word' id='word_1_258' title='bbox 136 2536 171 2546; x_wconf 95' lang='lat'>-</span> <span class='ocrx_word' id='word_1_259' title='bbox 189 2512 270 2558; x_wconf 86' lang='lat' dir='ltr'><strong>natos</strong></span> <span class='ocrx_word' id='word_1_260' title='bbox 294 2521 395 2557; x_wconf 86' lang='lat' dir='ltr'><strong>meos.</strong></span> <span class='ocrx_word' id='word_1_261' title='bbox 434 2506 545 2558; x_wconf 78' lang='lat' dir='ltr'><strong>Eorum.</strong></span> <span class='ocrx_word' id='word_1_262' title='bbox 582 2504 645 2556; x_wconf 92' lang='lat' dir='ltr'><strong>Duo</strong></span> <span class='ocrx_word' id='word_1_263' title='bbox 673 2505 744 2557; x_wconf 82' lang='lat' dir='ltr'><strong>Oxx.</strong></span> <span class='ocrx_word' id='word_1_264' title='bbox 768 2507 845 2558; x_wconf 82' lang='lat' dir='ltr'><strong>Mon.</strong></span> <span class='ocrx_word' id='word_1_265' title='bbox 864 2508 889 2560; x_wconf 78' lang='lat'><strong>2.</strong></span> <span class='ocrx_word' id='word_1_266' title='bbox 915 2515 944 2558; x_wconf 88' lang='lat' dir='ltr'><strong>et</strong></span> <span class='ocrx_word' id='word_1_267' title='bbox 968 2507 1043 2562; x_wconf 85' lang='lat' dir='ltr'><strong>Gud.</strong></span> <span class='ocrx_word' id='word_1_268' title='bbox 1069 2508 1180 2569; x_wconf 84' lang='lat' dir='ltr'><strong>habent</strong></span> <span class='ocrx_word' id='word_1_269' title='bbox 1198 2513 1292 2565; x_wconf 83' lang='lat' dir='ltr'><strong>malae</strong></span> 
     </span>
     <span class='ocr_line' id='line_1_31' title="bbox 135 2575 1290 2647; baseline 0.007 -19"><span class='ocrx_word' id='word_1_270' title='bbox 135 2592 190 2645; x_wconf 86' lang='lat' dir='ltr'><strong>pro</strong></span> <span class='ocrx_word' id='word_1_271' title='bbox 218 2576 311 2641; x_wconf 83' lang='lat' dir='ltr'><strong>matis,</strong></span> <span class='ocrx_word' id='word_1_272' title='bbox 339 2576 429 2629; x_wconf 86' lang='lat' dir='ltr'><strong>Rehd.</strong></span> <span class='ocrx_word' id='word_1_273' title='bbox 453 2576 565 2628; x_wconf 89' lang='lat' dir='ltr'><strong>motum.</strong></span> <span class='ocrx_word' id='word_1_274' title='bbox 601 2575 636 2627; x_wconf 84' lang='lat' dir='ltr'><strong>ln</strong></span> <span class='ocrx_word' id='word_1_275' title='bbox 660 2575 743 2627; x_wconf 76' lang='lat' dir='ltr'><strong>vind.</strong></span> <span class='ocrx_word' id='word_1_276' title='bbox 765 2580 790 2631; x_wconf 92' lang='lat' dir='ltr'><strong>l.</strong></span> <span class='ocrx_word' id='word_1_277' title='bbox 819 2584 861 2629; x_wconf 89' lang='lat' dir='ltr'><strong>est</strong></span> <span class='ocrx_word' id='word_1_278' title='bbox 885 2577 960 2642; x_wconf 74' lang='lat' dir='ltr'><strong>titios</strong></span> <span class='ocrx_word' id='word_1_279' title='bbox 975 2585 1038 2647; x_wconf 82' lang='lat' dir='ltr'><strong>pro</strong></span> <span class='ocrx_word' id='word_1_280' title='bbox 1061 2587 1147 2635; x_wconf 85' lang='lat' dir='ltr'><strong>natos.</strong></span> <span class='ocrx_word' id='word_1_281' title='bbox 1169 2582 1290 2647; x_wconf 71' lang='lat' dir='ltr'><strong>esan</strong></span> 
     </span>
     <span class='ocr_line' id='line_1_32' title="bbox 136 2645 1285 2716; baseline 0.003 -18"><span class='ocrx_word' id='word_1_282' title='bbox 136 2647 364 2699; x_wconf 86' lang='lat' dir='ltr'><strong>omittitmiser.</strong></span> <span class='ocrx_word' id='word_1_283' title='bbox 400 2648 480 2700; x_wconf 90' lang='lat' dir='ltr'><strong>Unus</strong></span> <span class='ocrx_word' id='word_1_284' title='bbox 500 2648 550 2699; x_wconf 88' lang='lat' dir='ltr'><strong>Ox.</strong></span> <span class='ocrx_word' id='word_1_285' title='bbox 569 2645 655 2698; x_wconf 88' lang='lat' dir='ltr'><strong>habet</strong></span> <span class='ocrx_word' id='word_1_286' title='bbox 682 2645 759 2698; x_wconf 88' lang='lat' dir='ltr'><strong>notis</strong></span> <span class='ocrx_word' id='word_1_287' title='bbox 782 2653 944 2716; x_wconf 85' lang='lat' dir='ltr'><strong>pronatae.</strong></span> <span class='ocrx_word' id='word_1_288' title='bbox 981 2649 1043 2702; x_wconf 85' lang='lat' dir='ltr'><strong>Mr.</strong></span> <span class='ocrx_word' id='word_1_289' title='bbox 1281 2646 1285 2651; x_wconf 81' lang='grc'><strong>’</strong></span> 
     </span>
    </p>

    <p class='ocr_par' dir='ltr' id='par_1_6' title="bbox 135 2717 1357 3209">
     <span class='ocr_line' id='line_1_33' title="bbox 207 2717 1357 2790; baseline 0 -20"><span class='ocrx_word' id='word_1_290' title='bbox 207 2718 313 2770; x_wconf 86' lang='lat' dir='ltr'><strong>Eorum</strong></span> <span class='ocrx_word' id='word_1_291' title='bbox 330 2717 442 2770; x_wconf 80' lang='lat' dir='ltr'><strong>viscera</strong></span> <span class='ocrx_word' id='word_1_292' title='bbox 460 2717 596 2785; x_wconf 79' lang='lat' dir='ltr'><strong>apponit]</strong></span> <span class='ocrx_word' id='word_1_293' title='bbox 633 2717 731 2782; x_wconf 86' lang='lat' dir='ltr'><strong>„Haeo</strong></span> <span class='ocrx_word' id='word_1_294' title='bbox 757 2717 901 2786; x_wconf 86' lang='lat' dir='ltr'><strong>particula</strong></span> <span class='ocrx_word' id='word_1_295' title='bbox 920 2718 1068 2773; x_wconf 81' lang='lat' dir='ltr'><strong>Ciceronis</strong></span> <span class='ocrx_word' id='word_1_296' title='bbox 1088 2737 1147 2774; x_wconf 85' lang='lat' dir='ltr'><strong>esse</strong></span> <span class='ocrx_word' id='word_1_297' title='bbox 1164 2723 1291 2790; x_wconf 84' lang='lat' dir='ltr'><strong>videtur,</strong></span> <span class='ocrx_word' id='word_1_298' title='bbox 1353 2763 1357 2770; x_wconf 86' lang='lat'><strong>.</strong></span> 
     </span>
     <span class='ocr_line' id='line_1_34' title="bbox 135 2787 1294 2865; baseline 0.007 -27"><span class='ocrx_word' id='word_1_299' title='bbox 135 2801 196 2839; x_wconf 85' lang='lat' dir='ltr'><strong>nnn</strong></span> <span class='ocrx_word' id='word_1_300' title='bbox 212 2791 315 2857; x_wconf 74' lang='lat' dir='ltr'><strong>poetae</strong></span> <span class='ocrx_word' id='word_1_301' title='bbox 334 2789 440 2860; x_wconf 80' lang='lat' dir='ltr'><strong>tragici</strong></span> <span class='ocrx_word' id='word_1_302' title='bbox 461 2787 550 2857; x_wconf 85' lang='lat' dir='ltr'><strong>[quod</strong></span> <span class='ocrx_word' id='word_1_303' title='bbox 573 2788 668 2839; x_wconf 83' lang='lat' dir='ltr'><strong>visum</strong></span> <span class='ocrx_word' id='word_1_304' title='bbox 687 2795 730 2839; x_wconf 87' lang='lat' dir='ltr'><strong>est</strong></span> <span class='ocrx_word' id='word_1_305' title='bbox 747 2787 903 2854; x_wconf 83' lang='lat' dir='ltr'><strong>Turneb0]‚</strong></span> <span class='ocrx_word' id='word_1_306' title='bbox 928 2798 963 2840; x_wconf 92' lang='lat' dir='ltr'><strong>ut</strong></span> <span class='ocrx_word' id='word_1_307' title='bbox 981 2808 1016 2843; x_wconf 83' lang='lat' dir='ltr'><strong>ex</strong></span> <span class='ocrx_word' id='word_1_308' title='bbox 1041 2793 1225 2861; x_wconf 86' lang='lat' dir='ltr'><strong>sequentibus</strong></span> <span class='ocrx_word' id='word_1_309' title='bbox 1242 2813 1294 2865; x_wconf 88' lang='lat' dir='ltr'><strong>ap-</strong></span> 
     </span>
     <span class='ocr_line' id='line_1_35' title="bbox 158 2857 1292 2936; baseline 0.006 -27"><span class='ocrx_word' id='word_1_310' title='bbox 158 2867 233 2910; x_wconf 85' lang='lat' dir='ltr'><strong>aret:</strong></span> <span class='ocrx_word' id='word_1_311' title='bbox 283 2877 437 2928; x_wconf 81' lang='lat' dir='ltr'><strong>uainquam</strong></span> <span class='ocrx_word' id='word_1_312' title='bbox 468 2857 545 2910; x_wconf 88' lang='lat' dir='ltr'><strong>nihil</strong></span> <span class='ocrx_word' id='word_1_313' title='bbox 576 2874 751 2932; x_wconf 82' lang='lat' dir='ltr'><strong>magnopere</strong></span> <span class='ocrx_word' id='word_1_314' title='bbox 773 2858 925 2913; x_wconf 81' lang='lat' dir='ltr'><strong>interest.“</strong></span> <span class='ocrx_word' id='word_1_315' title='bbox 955 2860 1059 2914; x_wconf 66' lang='lat' dir='ltr'><strong>(iomar.</strong></span> <span class='ocrx_word' id='word_1_316' title='bbox 1086 2863 1220 2932; x_wconf 77' lang='lat' dir='ltr'><strong>Anonym.</strong></span> <span class='ocrx_word' id='word_1_317' title='bbox 1246 2883 1292 2936; x_wconf 88' lang='lat' dir='ltr'><strong>ap.</strong></span> 
     </span>
     <span class='ocr_line' id='line_1_36' title="bbox 135 2875 1294 2999; baseline 0.008 -19"><span class='ocrx_word' id='word_1_318' title='bbox 135 2875 225 2982; x_wconf 57' lang='lat' dir='ltr'><strong>dread.</strong></span> <span class='ocrx_word' id='word_1_319' title='bbox 244 2878 329 2994; x_wconf 66' lang='lat' dir='ltr'><strong>anm</strong></span> <span class='ocrx_word' id='word_1_320' title='bbox 366 2930 407 2981; x_wconf 94' lang='lat' dir='ltr'><strong>Ut</strong></span> <span class='ocrx_word' id='word_1_321' title='bbox 433 2946 532 2981; x_wconf 79' lang='lat' dir='ltr'><strong>versus</strong></span> <span class='ocrx_word' id='word_1_322' title='bbox 560 2936 672 2997; x_wconf 87' lang='lat' dir='ltr'><strong>partem</strong></span> <span class='ocrx_word' id='word_1_323' title='bbox 685 2947 732 2981; x_wconf 88' lang='lat' dir='ltr'><strong>.ea</strong></span> <span class='ocrx_word' id='word_1_324' title='bbox 754 2929 932 2999; x_wconf 86' lang='lat' dir='ltr'><strong>scripserunt</strong></span> <span class='ocrx_word' id='word_1_325' title='bbox 955 2930 1024 2982; x_wconf 86' lang='lat' dir='ltr'><strong>Dav.</strong></span> <span class='ocrx_word' id='word_1_326' title='bbox 1049 2940 1079 2985; x_wconf 90' lang='lat' dir='ltr'><strong>et</strong></span> <span class='ocrx_word' id='word_1_327' title='bbox 1096 2933 1242 2988; x_wconf 70' lang='lat' dir='ltr'><strong>FAWolf.</strong></span> <span class='ocrx_word' id='word_1_328' title='bbox 1262 2944 1294 2989; x_wconf 90' lang='lat' dir='ltr'><strong>et</strong></span> 
     </span>
     <span class='ocr_line' id='line_1_37' title="bbox 135 2998 1294 3068; baseline 0.006 -16"><span class='ocrx_word' id='word_1_329' title='bbox 135 2998 188 3052; x_wconf 84' lang='lat' dir='ltr'><strong>hie</strong></span> <span class='ocrx_word' id='word_1_330' title='bbox 207 2999 323 3067; x_wconf 87' lang='lat' dir='ltr'><strong>quidem</strong></span> <span class='ocrx_word' id='word_1_331' title='bbox 347 2999 378 3049; x_wconf 92' lang='lat' dir='ltr'><strong>in</strong></span> <span class='ocrx_word' id='word_1_332' title='bbox 395 2999 449 3053; x_wconf 87' lang='lat' dir='ltr'><strong>Ed.</strong></span> <span class='ocrx_word' id='word_1_333' title='bbox 468 3017 513 3068; x_wconf 87' lang='lat' dir='ltr'><strong>pr.</strong></span> <span class='ocrx_word' id='word_1_334' title='bbox 542 2999 669 3068; x_wconf 84' lang='lat' dir='ltr'><strong>itemque</strong></span> <span class='ocrx_word' id='word_1_335' title='bbox 696 2999 817 3051; x_wconf 88' lang='lat' dir='ltr'><strong>Lallem.</strong></span> <span class='ocrx_word' id='word_1_336' title='bbox 848 2999 913 3065; x_wconf 88' lang='lat' dir='ltr'><strong>(Sed</strong></span> <span class='ocrx_word' id='word_1_337' title='bbox 940 3000 990 3052; x_wconf 82' lang='lat' dir='ltr'><strong>hio</strong></span> <span class='ocrx_word' id='word_1_338' title='bbox 1010 3011 1121 3055; x_wconf 87' lang='lat' dir='ltr'><strong>mutato</strong></span> <span class='ocrx_word' id='word_1_339' title='bbox 1138 3005 1294 3059; x_wconf 82' lang='lat' dir='ltr'><strong>verborum</strong></span> 
     </span>
     <span class='ocr_line' id='line_1_38' title="bbox 136 3069 1291 3137; baseline 0.007 -15"><span class='ocrx_word' id='word_1_340' title='bbox 136 3070 239 3122; x_wconf 88' lang='lat' dir='ltr'><strong>ordine</strong></span> <span class='ocrx_word' id='word_1_341' title='bbox 258 3086 354 3121; x_wconf 89' lang='lat' dir='ltr'><strong>eorum</strong></span> <span class='ocrx_word' id='word_1_342' title='bbox 372 3071 485 3137; x_wconf 84' lang='lat' dir='ltr'><strong>apponit</strong></span> <span class='ocrx_word' id='word_1_343' title='bbox 503 3069 646 3136; x_wconf 72' lang='lat' dir='ltr'><strong>viscerae)</strong></span> <span class='ocrx_word' id='word_1_344' title='bbox 673 3070 762 3122; x_wconf 89' lang='lat' dir='ltr'><strong>Nobb.</strong></span> <span class='ocrx_word' id='word_1_345' title='bbox 783 3070 855 3129; x_wconf 84' lang='lat' dir='ltr'><strong>Tbn.</strong></span> <span class='ocrx_word' id='word_1_346' title='bbox 874 3069 942 3127; x_wconf 81' lang='lat' dir='ltr'><strong>Bill,</strong></span> <span class='ocrx_word' id='word_1_347' title='bbox 979 3071 1062 3125; x_wconf 88' lang='lat' dir='ltr'><strong>Solus</strong></span> <span class='ocrx_word' id='word_1_348' title='bbox 1081 3072 1148 3126; x_wconf 82' lang='lat' dir='ltr'><strong>God.</strong></span> <span class='ocrx_word' id='word_1_349' title='bbox 1169 3075 1244 3134; x_wconf 84' lang='lat' dir='ltr'><strong>Gud.</strong></span> <span class='ocrx_word' id='word_1_350' title='bbox 1266 3083 1291 3133; x_wconf 79' lang='lat' dir='ltr'><strong>l.</strong></span> 
     </span>
     <span class='ocr_line' id='line_1_39' title="bbox 135 3139 1221 3209; baseline 0.001 -17"><span class='ocrx_word' id='word_1_351' title='bbox 135 3139 223 3193; x_wconf 83' lang='lat' dir='ltr'><strong>habet</strong></span> <span class='ocrx_word' id='word_1_352' title='bbox 242 3139 364 3204; x_wconf 80' lang='lat' dir='ltr'><strong>vissere3</strong></span> <span class='ocrx_word' id='word_1_353' title='bbox 387 3140 442 3191; x_wconf 92' lang='lat' dir='ltr'><strong>duo</strong></span> <span class='ocrx_word' id='word_1_354' title='bbox 462 3142 531 3194; x_wconf 83' lang='lat' dir='ltr'><strong>Oxx.</strong></span> <span class='ocrx_word' id='word_1_355' title='bbox 552 3153 665 3207; x_wconf 79' lang='lat' dir='ltr'><strong>querum</strong></span> <span class='ocrx_word' id='word_1_356' title='bbox 682 3157 735 3209; x_wconf 88' lang='lat' dir='ltr'><strong>pro</strong></span> <span class='ocrx_word' id='word_1_357' title='bbox 754 3155 857 3193; x_wconf 88' lang='lat' dir='ltr'><strong>eorum.</strong></span> <span class='ocrx_word' id='word_1_358' title='bbox 894 3141 955 3193; x_wconf 77' lang='lat' dir='ltr'><strong>Mt.</strong></span> <span class='ocrx_word' id='word_1_359' title='bbox 1107 3168 1112 3175; x_wconf 95' lang='lat'><strong>·</strong></span> <span class='ocrx_word' id='word_1_360' title='bbox 1218 3152 1221 3156; x_wconf 83' lang='grc'><strong>’</strong></span> 
     </span>
    </p>

    <p class='ocr_par' dir='ltr' id='par_1_7' title="bbox 107 3209 1319 3758">
     <span class='ocr_line' id='line_1_40' title="bbox 210 3209 1319 3286; baseline 0.005 -22"><span class='ocrx_word' id='word_1_361' title='bbox 210 3209 284 3265; x_wconf 84' lang='lat' dir='ltr'><strong>Quid</strong></span> <span class='ocrx_word' id='word_1_362' title='bbox 312 3217 354 3262; x_wconf 85' lang='lat' dir='ltr'><strong>est</strong></span> <span class='ocrx_word' id='word_1_363' title='bbox 379 3211 462 3272; x_wconf 84' lang='lat' dir='ltr'><strong>enim,</strong></span> <span class='ocrx_word' id='word_1_364' title='bbox 488 3225 541 3278; x_wconf 79' lang='lat' dir='ltr'><strong>quo</strong></span> <span class='ocrx_word' id='word_1_365' title='bbox 562 3225 616 3263; x_wconf 87' lang='lat' dir='ltr'><strong>non</strong></span> <span class='ocrx_word' id='word_1_366' title='bbox 637 3212 841 3279; x_wconf 79' lang='lat' dir='ltr'><strong>progrediatur</strong></span> <span class='ocrx_word' id='word_1_367' title='bbox 866 3209 937 3263; x_wconf 77' lang='lat' dir='ltr'><strong>ira?</strong></span> <span class='ocrx_word' id='word_1_368' title='bbox 971 3213 1073 3280; x_wconf 85' lang='lat' dir='ltr'><strong>eodem,</strong></span> <span class='ocrx_word' id='word_1_369' title='bbox 1104 3231 1158 3284; x_wconf 81' lang='lat' dir='ltr'><strong>quo</strong></span> <span class='ocrx_word' id='word_1_370' title='bbox 1187 3216 1292 3286; x_wconf 71' lang='lat' dir='ltr'><strong>furor]</strong></span> <span class='ocrx_word' id='word_1_371' title='bbox 1316 3225 1319 3232; x_wconf 86' lang='lat'>&#39;</span> 
     </span>
     <span class='ocr_line' id='line_1_41' title="bbox 136 3278 1292 3353; baseline 0.008 -22"><span class='ocrx_word' id='word_1_372' title='bbox 136 3281 243 3345; x_wconf 86' lang='lat' dir='ltr'><strong>„Hunc</strong></span> <span class='ocrx_word' id='word_1_373' title='bbox 261 3278 358 3333; x_wconf 89' lang='lat' dir='ltr'><strong>locum</strong></span> <span class='ocrx_word' id='word_1_374' title='bbox 376 3281 418 3332; x_wconf 87' lang='lat' dir='ltr'><strong>sie</strong></span> <span class='ocrx_word' id='word_1_375' title='bbox 429 3279 595 3345; x_wconf 79' lang='lat' dir='ltr'><strong>emendavi,</strong></span> <span class='ocrx_word' id='word_1_376' title='bbox 615 3279 719 3331; x_wconf 88' lang='lat' dir='ltr'><strong>duabus</strong></span> <span class='ocrx_word' id='word_1_377' title='bbox 736 3283 854 3334; x_wconf 80' lang='lat' dir='ltr'><strong>vocibus</strong></span> <span class='ocrx_word' id='word_1_378' title='bbox 873 3281 905 3332; x_wconf 87' lang='lat' dir='ltr'><strong>in</strong></span> <span class='ocrx_word' id='word_1_379' title='bbox 923 3299 1006 3335; x_wconf 89' lang='lat' dir='ltr'><strong>suum</strong></span> <span class='ocrx_word' id='word_1_380' title='bbox 1023 3284 1122 3338; x_wconf 87' lang='lat' dir='ltr'><strong>locum</strong></span> <span class='ocrx_word' id='word_1_381' title='bbox 1139 3288 1292 3353; x_wconf 87' lang='lat' dir='ltr'><strong>restitutis,</strong></span> 
     </span>
     <span class='ocr_line' id='line_1_42' title="bbox 107 3350 1123 3454; baseline 0.003 -50"><span class='ocrx_word' id='word_1_382' title='bbox 107 3359 112 3366; x_wconf 80' lang='grc'><strong>“</strong></span> <span class='ocrx_word' id='word_1_383' title='bbox 139 3360 169 3404; x_wconf 88' lang='lat' dir='ltr'><strong>et</strong></span> <span class='ocrx_word' id='word_1_384' title='bbox 189 3351 425 3421; x_wconf 82' lang='lat' dir='ltr'><strong>interpunctione</strong></span> <span class='ocrx_word' id='word_1_385' title='bbox 444 3358 562 3402; x_wconf 88' lang='lat' dir='ltr'><strong>mutata.</strong></span> <span class='ocrx_word' id='word_1_386' title='bbox 600 3350 644 3403; x_wconf 89' lang='lat' dir='ltr'><strong>lta</strong></span> <span class='ocrx_word' id='word_1_387' title='bbox 669 3351 747 3402; x_wconf 89' lang='lat' dir='ltr'><strong>enim</strong></span> <span class='ocrx_word' id='word_1_388' title='bbox 772 3350 884 3430; x_wconf 80' lang='lat' dir='ltr'><strong>legitur</strong></span> <span class='ocrx_word' id='word_1_389' title='bbox 901 3352 1033 3408; x_wconf 85' lang='lat' dir='ltr'><strong>inlibris</strong></span> <span class='ocrx_word' id='word_1_390' title='bbox 1051 3356 1123 3454; x_wconf 67' lang='lat' dir='ltr'><strong>rulq</strong></span> 
     </span>
     <span class='ocr_line' id='line_1_43' title="bbox 137 3421 1292 3501; baseline 0.008 -27"><span class='ocrx_word' id='word_1_391' title='bbox 137 3429 179 3476; x_wconf 90' lang='lat' dir='ltr'><strong>est</strong></span> <span class='ocrx_word' id='word_1_392' title='bbox 202 3421 285 3487; x_wconf 84' lang='lat' dir='ltr'><strong>enim,</strong></span> <span class='ocrx_word' id='word_1_393' title='bbox 318 3437 371 3491; x_wconf 80' lang='lat' dir='ltr'><strong>quo</strong></span> <span class='ocrx_word' id='word_1_394' title='bbox 394 3438 450 3476; x_wconf 86' lang='lat' dir='ltr'><strong>nan</strong></span> <span class='ocrx_word' id='word_1_395' title='bbox 475 3421 682 3490; x_wconf 78' lang='lat' dir='ltr'><strong>progrediatur</strong></span> <span class='ocrx_word' id='word_1_396' title='bbox 712 3421 805 3474; x_wconf 84' lang='lat' dir='ltr'><strong>eodem</strong></span> <span class='ocrx_word' id='word_1_397' title='bbox 833 3424 889 3501; x_wconf 59' lang='lat' dir='ltr'><strong>ira³</strong></span> <span class='ocrx_word' id='word_1_398' title='bbox 922 3439 975 3492; x_wconf 83' lang='lat' dir='ltr'><strong>quo</strong></span> <span class='ocrx_word' id='word_1_399' title='bbox 1001 3425 1104 3490; x_wconf 74' lang='lat' dir='ltr'><strong>furor?</strong></span> <span class='ocrx_word' id='word_1_400' title='bbox 1283 3467 1292 3483; x_wconf 92' lang='lat'><strong>.</strong></span> 
     </span>
     <span class='ocr_line' id='line_1_44' title="bbox 138 3490 1319 3565; baseline 0.007 -20"><span class='ocrx_word' id='word_1_401' title='bbox 138 3493 292 3545; x_wconf 84' lang='lat' dir='ltr'><strong>Lambinus</strong></span> <span class='ocrx_word' id='word_1_402' title='bbox 311 3520 345 3530; x_wconf 91' lang='lat'>-</span> <span class='ocrx_word' id='word_1_403' title='bbox 363 3494 498 3546; x_wconf 89' lang='lat' dir='ltr'><strong>mendum</strong></span> <span class='ocrx_word' id='word_1_404' title='bbox 516 3491 640 3546; x_wconf 86' lang='lat' dir='ltr'><strong>sustulit.</strong></span> <span class='ocrx_word' id='word_1_405' title='bbox 678 3490 714 3543; x_wconf 85' lang='lat' dir='ltr'><strong>ln</strong></span> <span class='ocrx_word' id='word_1_406' title='bbox 736 3495 834 3544; x_wconf 67' lang='lat' dir='ltr'><strong>nostro</strong></span> <span class='ocrx_word' id='word_1_407' title='bbox 860 3495 1056 3565; x_wconf 85' lang='lat' dir='ltr'><strong>manuscripto</strong></span> <span class='ocrx_word' id='word_1_408' title='bbox 1075 3505 1128 3549; x_wconf 89' lang='lat' dir='ltr'><strong>est:</strong></span> <span class='ocrx_word' id='word_1_409' title='bbox 1158 3499 1232 3553; x_wconf 83' lang='lat' dir='ltr'><strong>Quid</strong></span> <span class='ocrx_word' id='word_1_410' title='bbox 1250 3507 1293 3553; x_wconf 83' lang='lat' dir='ltr'><strong>est</strong></span> <span class='ocrx_word' id='word_1_411' title='bbox 1317 3494 1319 3499; x_wconf 66' lang='grc'><strong>’</strong></span> 
     </span>
     <span class='ocr_line' id='line_1_45' title="bbox 138 3558 1294 3639; baseline 0.007 -24"><span class='ocrx_word' id='word_1_412' title='bbox 138 3567 221 3628; x_wconf 88' lang='lat' dir='ltr'><strong>enim,</strong></span> <span class='ocrx_word' id='word_1_413' title='bbox 241 3581 296 3632; x_wconf 91' lang='lat' dir='ltr'><strong>quo</strong></span> <span class='ocrx_word' id='word_1_414' title='bbox 315 3558 375 3616; x_wconf 77' lang='lat' dir='ltr'><strong>bon</strong></span> <span class='ocrx_word' id='word_1_415' title='bbox 391 3563 596 3639; x_wconf 80' lang='lat' dir='ltr'><strong>progrediatur</strong></span> <span class='ocrx_word' id='word_1_416' title='bbox 613 3578 714 3615; x_wconf 89' lang='lat' dir='ltr'><strong>eorum</strong></span> <span class='ocrx_word' id='word_1_417' title='bbox 730 3562 791 3615; x_wconf 77' lang='lat' dir='ltr'><strong>ira?</strong></span> <span class='ocrx_word' id='word_1_418' title='bbox 810 3579 866 3631; x_wconf 89' lang='lat' dir='ltr'><strong>quo</strong></span> <span class='ocrx_word' id='word_1_419' title='bbox 885 3565 998 3617; x_wconf 87' lang='lat' dir='ltr'><strong>furor.“</strong></span> <span class='ocrx_word' id='word_1_420' title='bbox 1021 3568 1085 3620; x_wconf 82' lang='lat' dir='ltr'><strong>Fre.</strong></span> <span class='ocrx_word' id='word_1_421' title='bbox 1105 3569 1189 3621; x_wconf 80' lang='lat' dir='ltr'><strong>Fabr.</strong></span> <span class='ocrx_word' id='word_1_422' title='bbox 1218 3571 1294 3635; x_wconf 87' lang='lat' dir='ltr'><strong>„Re-</strong></span> 
     </span>
     <span class='ocr_line' id='line_1_46' title="bbox 138 3632 1294 3758; baseline 0.008 -72"><span class='ocrx_word' id='word_1_423' title='bbox 138 3635 211 3758; x_wconf 60' lang='lat' dir='ltr'><strong>cepd</strong></span> <span class='ocrx_word' id='word_1_424' title='bbox 230 3634 362 3757; x_wconf 47' lang='lat' dir='ltr'><strong>b‘airgainti</strong></span> <span class='ocrx_word' id='word_1_425' title='bbox 391 3634 627 3688; x_wconf 87' lang='lat' dir='ltr'><strong>emendationem.</strong></span> <span class='ocrx_word' id='word_1_426' title='bbox 663 3632 794 3685; x_wconf 86' lang='lat' dir='ltr'><strong>Fortasse</strong></span> <span class='ocrx_word' id='word_1_427' title='bbox 819 3642 916 3686; x_wconf 86' lang='lat' dir='ltr'><strong>tamen</strong></span> <span class='ocrx_word' id='word_1_428' title='bbox 938 3652 992 3707; x_wconf 86' lang='lat' dir='ltr'><strong>pro</strong></span> <span class='ocrx_word' id='word_1_429' title='bbox 1018 3639 1114 3691; x_wconf 88' lang='lat' dir='ltr'><strong>eodem</strong></span> <span class='ocrx_word' id='word_1_430' title='bbox 1136 3640 1294 3715; x_wconf 77' lang='lat' dir='ltr'><strong>legendum</strong></span> 
     </span>
     <span class='ocr_line' id='line_1_47' title="bbox 138 3718 397 3757; baseline -0.008 0"><span class='ocrx_word' id='word_1_431' title='bbox 138 3721 189 3757; x_wconf 89' lang='lat' dir='ltr'><strong>eun</strong></span> <span class='ocrx_word' id='word_1_432' title='bbox 211 3722 234 3757; x_wconf 93' lang='lat' dir='ltr'><strong>o.</strong></span> <span class='ocrx_word' id='word_1_433' title='bbox 311 3722 344 3756; x_wconf 83' lang='lat' dir='ltr'><strong>ru</strong></span> <span class='ocrx_word' id='word_1_434' title='bbox 357 3718 397 3756; x_wconf 90' lang='lat' dir='ltr'><strong>us.</strong></span> 
     </span>
    </p>

    <p class='ocr_par' dir='ltr' id='par_1_8' title="bbox 139 3767 1296 3917">
     <span class='ocr_line' id='line_1_48' title="bbox 211 3767 1296 3848; baseline 0.006 -18"><span class='ocrx_word' id='word_1_435' title='bbox 211 3773 287 3830; x_wconf 83' lang='lat' dir='ltr'><strong>Quid</strong></span> <span class='ocrx_word' id='word_1_436' title='bbox 304 3777 379 3827; x_wconf 85' lang='lat' dir='ltr'><strong>enim</strong></span> <span class='ocrx_word' id='word_1_437' title='bbox 397 3781 449 3839; x_wconf 88' lang='lat' dir='ltr'><strong>est,</strong></span> <span class='ocrx_word' id='word_1_438' title='bbox 469 3792 522 3845; x_wconf 78' lang='lat' dir='ltr'><strong>quo</strong></span> <span class='ocrx_word' id='word_1_439' title='bbox 541 3792 595 3828; x_wconf 84' lang='lat' dir='ltr'><strong>non</strong></span> <span class='ocrx_word' id='word_1_440' title='bbox 609 3767 816 3843; x_wconf 77' lang='lat' dir='ltr'><strong>progrediatur</strong></span> <span class='ocrx_word' id='word_1_441' title='bbox 834 3776 928 3831; x_wconf 88' lang='lat' dir='ltr'><strong>eodem</strong></span> <span class='ocrx_word' id='word_1_442' title='bbox 945 3777 994 3832; x_wconf 86' lang='lat' dir='ltr'><strong>ira</strong></span> <span class='ocrx_word' id='word_1_443' title='bbox 1011 3795 1065 3848; x_wconf 78' lang='lat' dir='ltr'><strong>pua</strong></span> <span class='ocrx_word' id='word_1_444' title='bbox 1081 3778 1201 3848; x_wconf 65' lang='lat' dir='ltr'><strong>forort]</strong></span> <span class='ocrx_word' id='word_1_445' title='bbox 1222 3781 1296 3836; x_wconf 79' lang='lat' dir='ltr'><strong>For·</strong></span> 
     </span>
     <span class='ocr_line' id='line_1_49' title="bbox 139 3846 1296 3917; baseline 0.008 -19"><span class='ocrx_word' id='word_1_446' title='bbox 139 3863 190 3898; x_wconf 90' lang='lat' dir='ltr'><strong>san</strong></span> <span class='ocrx_word' id='word_1_447' title='bbox 209 3846 274 3916; x_wconf 81' lang='lat' dir='ltr'><strong>quid</strong></span> <span class='ocrx_word' id='word_1_448' title='bbox 292 3847 365 3898; x_wconf 83' lang='lat' dir='ltr'><strong>enim</strong></span> <span class='ocrx_word' id='word_1_449' title='bbox 383 3852 425 3898; x_wconf 92' lang='lat' dir='ltr'><strong>est</strong></span> <span class='ocrx_word' id='word_1_450' title='bbox 443 3846 520 3914; x_wconf 89' lang='lat' dir='ltr'><strong>quod</strong></span> <span class='ocrx_word' id='word_1_451' title='bbox 537 3862 590 3899; x_wconf 92' lang='lat' dir='ltr'><strong>non</strong></span> <span class='ocrx_word' id='word_1_452' title='bbox 606 3846 815 3914; x_wconf 77' lang='lat' dir='ltr'><strong>progrediatur</strong></span> <span class='ocrx_word' id='word_1_453' title='bbox 831 3848 925 3900; x_wconf 89' lang='lat' dir='ltr'><strong>eodem</strong></span> <span class='ocrx_word' id='word_1_454' title='bbox 943 3847 991 3901; x_wconf 83' lang='lat' dir='ltr'><strong>ira</strong></span> <span class='ocrx_word' id='word_1_455' title='bbox 1010 3867 1061 3914; x_wconf 81' lang='lat' dir='ltr'><strong>quo</strong></span> <span class='ocrx_word' id='word_1_456' title='bbox 1077 3852 1182 3917; x_wconf 72' lang='lat' dir='ltr'><strong>furor?</strong></span> <span class='ocrx_word' id='word_1_457' title='bbox 1211 3854 1296 3907; x_wconf 84' lang='lat' dir='ltr'><strong>Prae-</strong></span> 
     </span>
    </p>
   </div>
   <div class='ocr_carea' id='block_1_6' title="bbox 138 3914 1396 3995">
    <p class='ocr_par' dir='ltr' id='par_1_9' title="bbox 138 3914 1396 3995">
     <span class='ocr_line' id='line_1_50' title="bbox 138 3914 1396 3995; baseline 0.01 -27"><span class='ocrx_word' id='word_1_458' title='bbox 138 3917 328 3969; x_wconf 85' lang='lat' dir='ltr'><strong>stantissimus</strong></span> <span class='ocrx_word' id='word_1_459' title='bbox 352 3924 448 3968; x_wconf 88' lang='lat' dir='ltr'><strong>autem</strong></span> <span class='ocrx_word' id='word_1_460' title='bbox 471 3917 618 3970; x_wconf 84' lang='lat' dir='ltr'><strong>Bentleius</strong></span> <span class='ocrx_word' id='word_1_461' title='bbox 640 3916 736 3970; x_wconf 88' lang='lat' dir='ltr'><strong>locum</strong></span> <span class='ocrx_word' id='word_1_462' title='bbox 762 3919 804 3969; x_wconf 87' lang='lat' dir='ltr'><strong>sic</strong></span> <span class='ocrx_word' id='word_1_463' title='bbox 828 3919 902 3971; x_wconf 83' lang='lat' dir='ltr'><strong>refin</strong></span> <span class='ocrx_word' id='word_1_464' title='bbox 925 3918 959 3983; x_wconf 87' lang='lat' dir='ltr'><strong>it,</strong></span> <span class='ocrx_word' id='word_1_465' title='bbox 991 3920 1067 3975; x_wconf 76' lang='lat' dir='ltr'><strong>Quid</strong></span> <span class='ocrx_word' id='word_1_466' title='bbox 1092 3925 1167 3977; x_wconf 87' lang='lat' dir='ltr'><strong>enim</strong></span> <span class='ocrx_word' id='word_1_467' title='bbox 1184 3932 1225 3977; x_wconf 85' lang='lat' dir='ltr'><strong>est</strong></span> <span class='ocrx_word' id='word_1_468' title='bbox 1242 3934 1296 3995; x_wconf 79' lang='lat' dir='ltr'><strong>quo</strong></span> <span class='ocrx_word' id='word_1_469' title='bbox 1393 3914 1396 3918; x_wconf 35' lang='lat'><strong>⁴</strong></span> 
     </span>
    </p>
   </div>
   <div class='ocr_carea' id='block_1_7' title="bbox 137 3987 1300 4489">
    <p class='ocr_par' dir='ltr' id='par_1_10' title="bbox 139 3987 1296 4114">
     <span class='ocr_line' id='line_1_51' title="bbox 139 3987 1296 4056; baseline 0.008 -16"><span class='ocrx_word' id='word_1_470' title='bbox 139 4003 194 4040; x_wconf 87' lang='lat' dir='ltr'><strong>non</strong></span> <span class='ocrx_word' id='word_1_471' title='bbox 209 3987 411 4056; x_wconf 79' lang='lat' dir='ltr'><strong>progrediatur</strong></span> <span class='ocrx_word' id='word_1_472' title='bbox 428 3987 497 4054; x_wconf 79' lang='lat' dir='ltr'><strong>ira?</strong></span> <span class='ocrx_word' id='word_1_473' title='bbox 528 3987 566 4040; x_wconf 82' lang='lat' dir='ltr'><strong>Eo</strong></span> <span class='ocrx_word' id='word_1_474' title='bbox 586 3987 696 4040; x_wconf 89' lang='lat' dir='ltr'><strong>demum</strong></span> <span class='ocrx_word' id='word_1_475' title='bbox 715 4003 768 4056; x_wconf 80' lang='lat' dir='ltr'><strong>pao</strong></span> <span class='ocrx_word' id='word_1_476' title='bbox 787 3990 878 4055; x_wconf 73' lang='lat' dir='ltr'><strong>furor.</strong></span> <span class='ocrx_word' id='word_1_477' title='bbox 944 4005 977 4042; x_wconf 88' lang='lat' dir='ltr'><strong>ee</strong></span> <span class='ocrx_word' id='word_1_478' title='bbox 995 3992 1088 4046; x_wconf 87' lang='lat' dir='ltr'><strong>multo</strong></span> <span class='ocrx_word' id='word_1_479' title='bbox 1107 3995 1296 4049; x_wconf 79' lang='lat' dir='ltr'><strong>aliter&#39;ham·</strong></span> 
     </span>
     <span class='ocr_line' id='line_1_52' title="bbox 139 4057 726 4114; baseline 0.005 -4"><span class='ocrx_word' id='word_1_480' title='bbox 139 4058 222 4110; x_wconf 89' lang='lat' dir='ltr'><strong>binus</strong></span> <span class='ocrx_word' id='word_1_481' title='bbox 241 4067 270 4110; x_wconf 91' lang='lat' dir='ltr'><strong>et</strong></span> <span class='ocrx_word' id='word_1_482' title='bbox 288 4057 437 4111; x_wconf 81' lang='lat' dir='ltr'><strong>Fabricius</strong></span> <span class='ocrx_word' id='word_1_483' title='bbox 457 4059 653 4112; x_wconf 88' lang='lat' dir='ltr'><strong>emendarunt.</strong></span> <span class='ocrx_word' id='word_1_484' title='bbox 689 4058 726 4114; x_wconf 86' lang='lat' dir='ltr'><strong>D.</strong></span> 
     </span>
    </p>

    <p class='ocr_par' dir='ltr' id='par_1_11' title="bbox 137 4127 1300 4489">
     <span class='ocr_line' id='line_1_53' title="bbox 212 4127 1297 4201; baseline 0.005 -17"><span class='ocrx_word' id='word_1_485' title='bbox 212 4128 287 4184; x_wconf 84' lang='lat' dir='ltr'><strong>Quid</strong></span> <span class='ocrx_word' id='word_1_486' title='bbox 305 4128 378 4183; x_wconf 85' lang='lat' dir='ltr'><strong>enirn</strong></span> <span class='ocrx_word' id='word_1_487' title='bbox 396 4136 459 4197; x_wconf 89' lang='lat' dir='ltr'><strong>est‚.</strong></span> <span class='ocrx_word' id='word_1_488' title='bbox 478 4146 529 4198; x_wconf 83' lang='lat' dir='ltr'><strong>quo</strong></span> <span class='ocrx_word' id='word_1_489' title='bbox 548 4145 601 4181; x_wconf 90' lang='lat' dir='ltr'><strong>non</strong></span> <span class='ocrx_word' id='word_1_490' title='bbox 617 4145 716 4197; x_wconf 79' lang='lat' dir='ltr'><strong>progr.</strong></span> <span class='ocrx_word' id='word_1_491' title='bbox 735 4129 830 4182; x_wconf 89' lang='lat' dir='ltr'><strong>eodem</strong></span> <span class='ocrx_word' id='word_1_492' title='bbox 853 4127 911 4196; x_wconf 79' lang='lat' dir='ltr'><strong>ira,</strong></span> <span class='ocrx_word' id='word_1_493' title='bbox 938 4146 990 4199; x_wconf 78' lang='lat' dir='ltr'><strong>quo</strong></span> <span class='ocrx_word' id='word_1_494' title='bbox 1008 4130 1128 4201; x_wconf 58' lang='lat' dir='ltr'><strong>sarad]</strong></span> <span class='ocrx_word' id='word_1_495' title='bbox 1164 4135 1297 4201; x_wconf 86' lang='lat' dir='ltr'><strong>„Habeat</strong></span> 
     </span>
     <span class='ocr_line' id='line_1_54' title="bbox 137 4197 1297 4276; baseline 0.008 -26"><span class='ocrx_word' id='word_1_496' title='bbox 137 4197 209 4252; x_wconf 86' lang='lat' dir='ltr'><strong>haec</strong></span> <span class='ocrx_word' id='word_1_497' title='bbox 227 4199 365 4269; x_wconf 88' lang='lat' dir='ltr'><strong>loquendi</strong></span> <span class='ocrx_word' id='word_1_498' title='bbox 379 4202 453 4253; x_wconf 90' lang='lat' dir='ltr'><strong>ratio</strong></span> <span class='ocrx_word' id='word_1_499' title='bbox 468 4201 614 4275; x_wconf 82' lang='lat' dir='ltr'><strong>ingratum</strong></span> <span class='ocrx_word' id='word_1_500' title='bbox 626 4200 774 4270; x_wconf 91' lang='lat' dir='ltr'><strong>quidpiam</strong></span> <span class='ocrx_word' id='word_1_501' title='bbox 793 4201 907 4253; x_wconf 83' lang='lat' dir='ltr'><strong>auribus</strong></span> <span class='ocrx_word' id='word_1_502' title='bbox 925 4203 1040 4269; x_wconf 89' lang='lat' dir='ltr'><strong>nostris,</strong></span> <span class='ocrx_word' id='word_1_503' title='bbox 1060 4204 1154 4274; x_wconf 84' lang='lat' dir='ltr'><strong>sitque</strong></span> <span class='ocrx_word' id='word_1_504' title='bbox 1167 4207 1297 4276; x_wconf 84' lang='lat' dir='ltr'><strong>asperior</strong></span> 
     </span>
     <span class='ocr_line' id='line_1_55' title="bbox 139 4258 1297 4351; baseline 0.008 -31"><span class='ocrx_word' id='word_1_505' title='bbox 139 4258 192 4320; x_wconf 85' lang='lat' dir='ltr'><strong>illa</strong></span> <span class='ocrx_word' id='word_1_506' title='bbox 211 4271 353 4341; x_wconf 85' lang='lat' dir='ltr'><strong>appositio</strong></span> <span class='ocrx_word' id='word_1_507' title='bbox 372 4272 468 4324; x_wconf 89' lang='lat' dir='ltr'><strong>eodem</strong></span> <span class='ocrx_word' id='word_1_508' title='bbox 487 4287 539 4337; x_wconf 76' lang='lat' dir='ltr'><strong>quo</strong></span> <span class='ocrx_word' id='word_1_509' title='bbox 557 4272 645 4337; x_wconf 76' lang='lat' dir='ltr'><strong>furor.</strong></span> <span class='ocrx_word' id='word_1_510' title='bbox 674 4271 853 4344; x_wconf 77' lang='lat' dir='ltr'><strong>Languidam</strong></span> <span class='ocrx_word' id='word_1_511' title='bbox 872 4289 937 4324; x_wconf 89' lang='lat' dir='ltr'><strong>sane</strong></span> <span class='ocrx_word' id='word_1_512' title='bbox 946 4272 1054 4343; x_wconf 83' lang='lat' dir='ltr'><strong>vixque</strong></span> <span class='ocrx_word' id='word_1_513' title='bbox 1062 4275 1161 4328; x_wconf 83' lang='lat' dir='ltr'><strong>Tullio</strong></span> <span class='ocrx_word' id='word_1_514' title='bbox 1180 4277 1297 4351; x_wconf 78' lang='lat' dir='ltr'><strong>dignam</strong></span> 
     </span>
     <span class='ocr_line' id='line_1_56' title="bbox 140 4340 1295 4417; baseline 0.008 -27"><span class='ocrx_word' id='word_1_515' title='bbox 140 4340 258 4395; x_wconf 80' lang='lat' dir='ltr'><strong>efficere</strong></span> <span class='ocrx_word' id='word_1_516' title='bbox 289 4342 448 4396; x_wconf 87' lang='lat' dir='ltr'><strong>orationem</strong></span> <span class='ocrx_word' id='word_1_517' title='bbox 476 4342 622 4407; x_wconf 81' lang='lat' dir='ltr'><strong>videntur,</strong></span> <span class='ocrx_word' id='word_1_518' title='bbox 651 4343 702 4411; x_wconf 91' lang='lat' dir='ltr'><strong>qui</strong></span> <span class='ocrx_word' id='word_1_519' title='bbox 729 4341 805 4393; x_wconf 87' lang='lat' dir='ltr'><strong>hane</strong></span> <span class='ocrx_word' id='word_1_520' title='bbox 830 4342 909 4395; x_wconf 86' lang='lat' dir='ltr'><strong>nobis</strong></span> <span class='ocrx_word' id='word_1_521' title='bbox 937 4342 1095 4399; x_wconf 85' lang='lat' dir='ltr'><strong>lectionem</strong></span> <span class='ocrx_word' id='word_1_522' title='bbox 1124 4347 1295 4417; x_wconf 81' lang='lat' dir='ltr'><strong>propinant:</strong></span> 
     </span>
     <span class='ocr_line' id='line_1_57' title="bbox 140 4410 1300 4489; baseline 0 -20"><span class='ocrx_word' id='word_1_523' title='bbox 140 4410 218 4469; x_wconf 79' lang='lat' dir='ltr'><strong>Quid</strong></span> <span class='ocrx_word' id='word_1_524' title='bbox 246 4443 277 4455; x_wconf 94' lang='lat'><em>-</em></span> <span class='ocrx_word' id='word_1_525' title='bbox 302 4411 510 4483; x_wconf 78' lang='lat' dir='ltr'><strong>progrediatur</strong></span> <span class='ocrx_word' id='word_1_526' title='bbox 538 4411 607 4466; x_wconf 78' lang='lat' dir='ltr'><strong>ira?</strong></span> <span class='ocrx_word' id='word_1_527' title='bbox 636 4427 669 4466; x_wconf 90' lang='lat' dir='ltr'><strong>eo</strong></span> <span class='ocrx_word' id='word_1_528' title='bbox 698 4413 815 4480; x_wconf 77' lang='lat' dir='ltr'><strong>donum,</strong></span> <span class='ocrx_word' id='word_1_529' title='bbox 850 4429 902 4483; x_wconf 75' lang='lat' dir='ltr'><strong>quo</strong></span> <span class='ocrx_word' id='word_1_530' title='bbox 929 4413 1023 4478; x_wconf 72' lang='lat' dir='ltr'><strong>furor.</strong></span> <span class='ocrx_word' id='word_1_531' title='bbox 1067 4420 1177 4472; x_wconf 81' lang='lat' dir='ltr'><strong>Locum</strong></span> <span class='ocrx_word' id='word_1_532' title='bbox 1201 4418 1300 4489; x_wconf 76' lang='lat' dir='ltr'><strong>patim</strong></span> 
     </span>
    </p>
   </div>
   <div class='ocr_carea' id='block_1_8' title="bbox 0 0 1436 5070">
    <p class='ocr_par' dir='ltr' id='par_1_12' title="bbox 0 0 1436 5070">
     <span class='ocr_line' id='line_1_58' title="bbox 0 0 1436 5070; baseline 0 0"><span class='ocrx_word' id='word_1_533' title='bbox 0 0 1436 5070; x_wconf 95' lang='lat' dir='ltr'><strong> </strong></span> 
     </span>
    </p>
   </div>
  </div>
 </body>
</html>
