2842 5070
514 299 644 363 LIBER
662 298 723 378 1Πρ
745 300 794 382 16,
1157 302 1217 364 lll

70 485 155 548 quae
176 465 335 551 cogitatio
348 465 561 524 unamaxime
576 464 741 525 molestias
753 481 865 523 omnes
882 469 1038 523 extenuat
1054 472 1088 524 et
1099 459 1215 526 diluit:

70 548 202 620 deinde,
236 546 322 628 quod
348 547 491 607 humana
512 547 654 606 humane
677 544 814 606 ferenda
835 545 1010 628 intelligit:
1038 553 1217 625 postremo,

75 654 481 683 -....-..—.-.-.s---
905 669 1209 685 ——--——-—-

272 693 279 704 Κ

71 738 114 790 30.
134 737 184 789 29:
214 749 314 784 cauere
332 730 438 801 antiqui
455 732 547 784 detlcia
571 733 652 797 furta
672 731 764 784 Iotae:
800 737 831 781 ut
848 730 956 783 Semela
975 736 1028 782 eat
1052 731 1218 797 comanam,

69 812 102 857 ut
121 811 174 856 eet
194 805 355 871 deperditus
373 805 416 854 la:
437 803 550 870 denique
567 811 598 855 ut
616 803 654 855 ad
675 803 776 855 Troiae
796 807 868 853 tecta
888 801 1025 854 volarit
1045 801 1112 852 avia.
1133 829 1166 838 -
1187 831 1219 844 -
1303 817 1305 822 ·

72 876 107 928 ln
127 876 285 938 sententiis,
305 891 375 943 quae
393 890 504 926 causam
522 875 571 926 vel
590 875 784 926 conditionem
802 873 939 935 indicant,
954 899 987 909 -
1006 880 1128 939 utraque
1146 871 1221 926 ratio

70 946 158 998 facile
181 953 379 1008 commutatur,
410 945 459 995 vel
485 954 566 997 certa
593 962 625 996 re
648 947 747 1015 posita,
778 945 825 994 vel
852 943 976 994 admixta
1006 941 1220 994 dubitatione.“

71 1017 135 1068 Nec
160 1032 229 1067 vero
255 1015 407 1066 audiendus
430 1014 537 1080 auhn„
565 1015 616 1083 qui
639 1014 806 1082 cogitauerit
835 1014 966 1064 laturum
999 1022 1131 1064 exactum
1160 1030 1219 1066 esse

72 1087 226 1138 contendit.
263 1084 322 1138 Ter
339 1085 456 1154 quidem
476 1086 575 1138 Cicero
594 1087 689 1154 posuit
708 1085 796 1154 quod.-
814 1085 943 1151 primum
959 1091 1054 1136 autem
1072 1084 1220 1136 intellexit

69 1157 118 1208 vel
136 1155 263 1228 intelligi
280 1156 390 1208 voluit:
415 1155 515 1224 quippe
534 1154 584 1225 qui
601 1157 650 1209 vel
669 1172 768 1224 quum3
787 1155 911 1206 alterum
931 1164 960 1206 et
982 1156 1104 1206 tertium
1122 1156 1219 1224 posuit

69 1242 122 1296 pro
147 1228 212 1296 quia
235 1226 283 1278 vel
310 1244 350 1286 eo,
382 1228 459 1293 qaod.
498 1228 531 1278 ln
558 1227 624 1279 Cod.
653 1229 727 1278 llllon.
747 1230 772 1280 2.
800 1233 842 1276 est
865 1225 971 1296 glossa:
1005 1225 1130 1292 primum
1149 1232 1219 1277 tum

69 1297 225 1359 accidit,
246 1299 317 1362 quod
331 1310 414 1364 pocae
433 1297 562 1349 accidere
573 1297 631 1349 ‘'diu
654 1296 837 1364 cogitauerit.
866 1293 1024 1360 facilius
1049 1297 1124 1358 fert
1147 1312 1219 1349 cum

69 1369 187 1420 accidit.
216 1368 356 1441 Verburg.
377 1385 489 1438 quoque
508 1370 600 1420 refert
617 1369 764 1421 Davisium
793 1366 836 1430 [in
854 1366 905 1418 Ed.
929 1366 965 1430 1.]
990 1368 1021 1417 in
1045 1367 1146 1418 libello
1165 1369 1245 1419 Le·‘

70 1440 198 1492 ctionum
216 1439 367 1489 Verianum
392 1447 547 1500 annotasse,
577 1439 711 1490 Codicem
736 1437 941 1489 Norvicensem
959 1446 1023 1506 post
1047 1437 1218 1504 cogitaverit

70 1510 172 1561 addere
191 1509 309 1574 facilius
332 1510 390 1573 fert
416 1525 476 1561 cum
495 1507 610 1561 accidit.
647 1511 729 1562 Unus
751 1509 801 1560 Ox.
829 1507 915 1568 habet
939 1507 1064 1573 primum
1082 1509 1219 1576 quidem

47 1595 151 1648 ¹posse
175 1581 300 1632 accidere
328 1597 388 1631 cum
410 1579 458 1631 ‹liu
484 1578 662 1647 cogitauerit.
704 1578 789 1629 Vides
815 1577 967 1629 librarium
1000 1578 1220 1630 coniunctivum

69 1650 162 1702 addita
180 1652 273 1734 glossa
298 1650 346 1702 vel
373 1644 427 1701 sibi
452 1651 500 1702 vel
518 1650 582 1701 aliis
610 1651 669 1702 sive
687 1649 833 1718 explicare
852 1648 912 1700 sive
932 1665 1066 1701 excusare
1083 1650 1217 1702 voluisse.

69 1721 264 1774 indicativum
291 1720 388 1771 nullus
414 1719 498 1790 plane
524 1730 689 1772 nostrorum
707 1720 849 1771 librorum
869 1718 993 1771 exhibet.
1030 1721 1129 1793 Pergit
1146 1738 1220 1772 unus

71 1793 121 1844 Ox.
142 1807 213 1860 quae
232 1789 406 1856 cognitioss
440 1790 512 1841 Gud.
541 1791 651 1841 omittit
678 1805 749 1842 anas
776 1805 832 1857 quo
851 1791 953 1840 omisso
977 1791 1169 1859 superlativus
1188 1792 1220 1842 in

69 1879 141 1914 voce
159 1861 281 1914 maxime
298 1861 379 1913 valde
398 1860 574 1912 debilitatur.
606 1854 669 1912 Vidss
699 1876 749 1912 nos
774 1860 804 1908 in
823 1858 967 1927 Symbolis
994 1861 1078 1912 criu.
1105 1863 1139 1914 ad
1157 1862 1216 1915 oio.

69 1934 106 1987 ΙΙ.
129 1937 152 1986 7.
173 1951 201 2002 p.
223 1936 263 1986 ll.
285 1941 312 1984 et
331 1931 445 2000 symbb.
466 1930 550 1983 criu.
571 1931 593 1982 1.
614 1933 638 1985 5.
657 1949 685 2001 p.
706 1935 731 1986 9.
769 1929 830 1982 Mr.

139 2003 284 2055 naviculas
303 2018 397 2054 omnes
414 2008 544 2054 extenuat
562 2006 588 2053 et
613 2001 707 2065 diluit]
743 2000 871 2066 „Omnes
890 2002 952 2052 fere
972 2010 1043 2053 vett.
1065 2001 1143 2054 codd.
1170 2001 1222 2055 ha-

70 2074 138 2126 bent
164 2079 192 2126 et
217 2073 333 2125 deluit.-
364 2071 438 2124 unde
466 2074 581 2140 quidam
604 2074 701 2124 facere
719 2080 859 2124 conantur
881 2077 908 2123 et
934 2071 1104 2124 delenit.“
1122 2071 1217 2124 Lamb.

70 2161 131 2197 cur.
156 2161 209 2196 sec.
247 2145 310 2208 „Et
329 2143 450 2195 ¹deluit
473 2143 586 2213 Gryph.
617 2143 757 2212 quomodo
783 2142 938 2215 legendum
960 2143 1084 2194 videtur.
1132 2143 1222 2211 Saepe

71 2223 167 2267 autem
185 2215 216 2265 in
233 2214 289 2265 hoc
309 2214 421 2266 variare
440 2214 556 2287 vulgata
575 2214 750 2282 exemplaria
776 2213 809 2263 ab
828 2213 954 2281 antiquis
981 2211 1222 2265 animadvertas.“

69 2287 154 2338 Brut.
191 2286 251 2349 „In
270 2284 351 2336 nullo
370 2284 466 2354 reperi
485 2284 616 2336 Lambini
635 2283 752 2336 deluil.“
772 2280 853 2336 Gett.
874 2282 940 2335 eod.
957 2286 1067 2338 loona.
1088 2282 1221 2337 miserias

68 2373 122 2426 pro
141 2355 290 2418 molestias.
311 2355 377 2407 Cod.
400 2353 472 2407 Gud.
493 2356 563 2407 Edd.
584 2355 616 2405 A.
635 2357 666 2407 B.
687 2355 714 2407 S.
734 2355 768 2406 Ε.
790 2355 820 2406 O.
840 2352 873 2405 V.
892 2356 962 2405 Ven.
990 2363 1078 2406 nostr.
1108 2353 1172 2406 Asc.
1193 2359 1241 2415 t..

70 2431 95 2481 2.
117 2426 238 2480 HWolf.
259 2426 335 2477 Crat.
356 2426 453 2477 Herw.
473 2426 541 2478 Rob.
562 2425 660 2494 Steph.
681 2427 760 2476 Junt.
779 2423 885 2475 habent
903 2440 995 2475 omma
1013 2426 1164 2479 molestiae.
1185 2452 1220 2463 -

69 2496 169 2550 Doluit
186 2497 290 2548 habent
309 2495 395 2549 codd.
415 2496 501 2547 Illarb.
524 2496 596 2548 Gud.
617 2499 643 2550 2.
682 2495 817 2548 Ceterum
834 2493 938 2544 habere
956 2494 1026 2561 haec
1049 2496 1136 2547 verba
1153 2511 1222 2565 poe·

70 2568 162 2620 ticum
182 2568 316 2631 colorem,
335 2567 490 2634 facileque,
510 2566 535 2616 si
553 2566 617 2635 quis
634 2565 775 2617 hariolari
798 2565 881 2627 velit,
905 2565 1033 2616 numeris
1059 2566 1117 2617 suis
1136 2567 1220 2618 resti-

32 2701 35 2704 *
70 2639 115 2689 tui
138 2655 227 2707 posse,
250 2646 283 2688 ut
307 2645 390 2690 exeat
413 2637 539 2688 senarius
564 2637 714 2701 iambicus,
743 2635 977 2687 animadvertisse
1002 2633 1077 2687 mihi
1102 2636 1218 2689 videort

70 2710 166 2763 Potuit
184 2709 322 2760 videlicet
341 2709 414 2777 apud
432 2716 553 2776 poetam,
573 2707 684 2758 abiecto
703 2711 738 2770 et,
758 2705 858 2757 scribi:

111 2841 113 2847 y
236 2777 390 2833 Molestius
410 2793 502 2831 omues
521 2782 661 2839 extenuat,
682 2775 776 2828 diluit.
815 2777 873 2828 Mr.
1168 2812 1171 2822 .

143 2851 214 2920 quod
245 2847 362 2900 helmana
391 2849 506 2913 ferenda
543 2847 716 2913 intelligite]
762 2847 915 2911 „Humane
944 2846 1057 2918 Gryph.
1089 2849 1222 2902 Victor.“

70 2921 154 2973 Brut.
194 2919 356 2985 „Humane]
383 2919 431 2970 Sic
449 2919 594 2969 Victorius
619 2918 722 2969 edidit:
755 2926 784 2969 et
811 2917 853 2968 sic
877 2916 998 2970 habetur
1022 2920 1054 2971 in
1072 2916 1143 2972 Pali.
1164 2939 1217 2974 sec.
1257 2941 1259 2944 ·

70 2999 139 3044 tert.
169 2991 262 3058 quint.
292 2989 401 3039 Primus
429 2986 571 3039 delmatiae.
617 2990 748 3058 Praefert)
775 2988 931 3040 lectionem
958 2991 1124 3043 Vaticanam
1149 2993 1222 3058 quod

69 3059 221 3113 humana
238 3057 377 3110 humane
396 3056 523 3121 ferenda,
551 3066 652 3126 utpote
676 3057 898 3126 liquidissimam
921 3067 949 3110 et
966 3061 1115 3130 propriam
1140 3063 1222 3114 Cice·

70 3131 138 3183 roni
157 3129 234 3181 infra
252 3146 276 3180 c.
297 3131 339 3183 27.
360 3126 441 3181 Geta.
480 3128 598 3192 „Unius
624 3127 736 3179 Codicis
760 3129 931 3180 auctoritate
955 3131 1014 3182 viri
1041 3131 1141 3182 critici
1159 3147 1223 3184 cor·

70 3208 212 3255 rexerunt
235 3198 354 3252 humana
378 3197 506 3267 humanas
519 3197 644 3260 ferenda.
691 3196 746 3248 Sed
769 3197 880 3249 sufficit
905 3197 994 3250 lectio
1014 3200 1125 3252 Codicis
1151 3202 1220 3276 Reg.

69 3273 254 3339 aliorumque
284 3272 347 3322 fere
374 3270 507 3322 omnium*
532 3283 668 3336 meaeque
694 3266 747 3318 Ed.
776 3275 833 3318 vet.
862 3264 982 3320 humana
1013 3270 1140 3333 ferenda.
1178 3273 1222 3323 lta

68 3345 242 3414 plerumque
262 3341 377 3394 Cicero:
403 3340 461 3391 vid.
481 3340 554 3407 Epp.
576 3339 610 3390 ad
628 3337 687 3389 Aa.
708 3338 765 3388 XV.
786 3339 834 3391 to:
866 3339 915 3390 aed
939 3336 1067 3401 ltumaaa
1085 3342 1220 3409 fereada5

70 3415 148 3465 infra
166 3408 199 3463 V.
220 3415 248 3467 6:
269 3411 320 3480 qai
337 3408 432 3462 omnia
448 3408 568 3461 humana
588 3441 620 3450 -
640 3407 804 3461 tolerabilia
823 3409 936 3461 ducat.“
971 3409 1059 3464 Boalt.
1136 3417 1137 3421 ’

143 3500 220 3556 Quod
242 3499 368 3554 humana
395 3497 527 3564 humane]
570 3497 664 3573 Vulgo
691 3498 815 3551 mediam
847 3515 949 3551 vocem
971 3502 1220 3570 praetermittunt,

71 3589 168 3644 quam,
195 3571 310 3624 iubente
329 3571 420 3622 Vatic.
448 3571 534 3622 simul
558 3587 590 3622 ac
615 3569 753 3621 sermonis
781 3569 923 3643 elegantia
947 3572 1072 3623 restitui.
1109 3573 1223 3624 Plutar-

69 3644 140 3695 chus
164 3642 245 3695 Cons.
275 3642 311 3695 ad
331 3641 428 3710 lipoll.¹
454 3645 603 3716 pag.‚102.
640 3641 834 3709 Ἀνθρωπίνως
858 3639 952 3710 φέρειν
978 3642 1008 3694 τὸ
1043 3647 1220 3712 coattestatur.

69 3715 150 3768 Idem
166 3732 230 3787 pag.
252 3716 311 3767 118.
344 3717 488 3772 Πείθοντες
506 3713 539 3762 τὰ
558 3712 638 3763 κοινὰ
657 3715 707 3762 τοῦ
723 3714 786 3780 βίου
804 3717 992 3778 συμπτώματα
1011 3720 1108 3774 κοινῶς
1128 3717 1222 3784 φέρειν

68 3786 171 3838 καὶτὰ
194 3783 427 3835 ἈΝΘΡΩἩΙΝΑ
449 3781 706 3834 ἈΝΘΡ-ΩΠΓΝΩΣ.
743 3783 907 3852 Respexisse
931 3783 1049 3836 videtur
1080 3785 1115 3838 ad
1146 3785 1221 3838 illud

69 3856 234 3908 llllenandri:
643 3887 648 3896 -

136 3936 141 3945 “
234 3927 426 3997 Ἀνθρωπίνως
443 3928 496 3995 χρὴ
515 3926 562 3984 τὰς
579 3928 665 3994 τύχας
682 3920 786 3993 φέρειν,
806 3924 872 3983 ξένε.

239 4000 280 4049 Τὰ
300 3998 378 4048 κοινὰ
398 4002 494 4054 κοινῶς
513 3995 558 4048 δεῖ
574 3997 667 4064 φέρειν
685 4001 880 4064 συμπτώματα.

69 4067 158 4120 Extat
176 4067 250 4136 apud
269 4067 419 4119 stobaeum
438 4066 528 4119 Serm.
540 4067 665 4118 CXXIII.
684 4083 748 4140 pag.
757 4069 818 4121 615.
838 4066 909 4118 Vide
917 4068 996 4118 Fam.
1016 4067 1066 4119 lib.
1077 4067 1125 4120 Vl.
1138 4072 1161 4123 1.
1182 4069 1219 4122 D.

142 4139 270 4189 Humana
289 4135 414 4201 humane]
453 4138 521 4200 „Ita
549 4137 673 4188 eVatic.
700 4136 788 4188 Gebh.
810 4145 839 4188 et
856 4137 925 4188 Dar.
960 4136 1021 4189 Alii
1046 4138 1221 4191 alterutrum

71 4207 241 4261 omittunt.“
267 4207 382 4259 Lallem.
422 4207 516 4269 „Dar⁸
545 4206 653 4257 addidit
672 4204 804 4258 hamana.
833 4225 897 4259 sane
915 4208 995 4259 bene.
1035 4209 1083 4262 Sic
1109 4218 1137 4261 et
1161 4209 1219 4261 MS.

65 4279 131 4330 Vat.
153 4281 251 4347 itaque
271 4288 300 4332 et
318 4279 378 4348 ipse
398 4274 524 4328 addidi.“
542 4277 610 4326 Era.
624 4277 704 4326 ‘Ilio
728 4293 798 4329 vero
821 4293 919 4346 operas
951 4277 1145 4332 inobedientes
1171 4279 1222 4331 ha·

70 4349 147 4402 buit:
167 4350 283 4401 namin
301 4349 442 4401 contextis
461 4345 538 4397 nihil
557 4345 669 4418 legitur
687 4346 744 4397 nisi
761 4344 882 4400 bumana
904 4349 1037 4414 ferenda:
1066 4351 1098 4400 in
1125 4355 1219 4400 annot.

71 4427 174 4473 autem·
187 4420 319 4480 subiecta
341 4419 451 4473 dicitur
476 4417 546 4469 alios
564 4413 680 4470 humane
706 4417 858 4472 omittere:
893 4419 969 4487 quod
986 4421 1046 4489 ipse
1065 4417 1219 4472 commisit.
