2842 5070
537 344 542 357 .
566 301 698 367 menn
719 303 780 386 111,
801 308 851 372 aa
1224 309 1287 373 aa
1327 258 1329 267 ¹

132 483 230 550 quam
250 469 316 551 ipsi
337 469 455 546 velint,
476 471 505 530 si
529 470 684 547 sentiant,
706 470 781 552 plus
793 479 897 545 certe,
919 490 1016 553 quam
1037 482 1167 537 nosmet
1186 476 1286 555 ipsos,

127 551 318 637 diligamus.
361 551 448 613 Nam
470 551 559 633 quod
574 553 679 628 aiunt,
698 553 875 633 plerosque
896 553 1180 620 consolationibus
1201 557 1286 619 nibil

113 628 259 712 ‚levari,'
272 634 534 720 adiunguntque,
556 636 781 716 consolatores
795 637 884 715 ipsos
899 633 1054 698 confiteri
1076 658 1111 700 se
1133 639 1285 716 miseros,

151 737 232 777 uum
254 715 296 778 ad
317 735 373 779 eos
394 718 555 796 impetum
576 737 672 778 suuni
694 717 841 780 Fortuna
863 720 1082 792 converterit,
1103 728 1285 801 utrumque

129 811 134 818 “
156 801 341 864 'ssolvitun
392 798 482 883 Sunt
506 799 594 860 enim
615 801 679 861 ista
699 820 767 862 nou
795 809 938 862 naturae
959 801 1054 879 vitia,
1076 801 1134 865 sed
1155 803 1282 884 culpae.
1304 802 1330 856 b.

130 984 232 1063 ellipsi
250 979 460 1056 antapodoseos.
482 986 536 1039 Pro
555 987 788 1054 adiunguntque
808 984 970 1062 Codsdug.
989 985 1076 1041 babet
1095 985 1285 1055 adiungant-

131 1073 189 1126 que.
226 1053 269 1108 Ad
289 1075 316 1109 v.
335 1057 530 1110 consolatores.
551 1056 636 1110 Laod.
657 1057 824 1110 annotavitt
845 1064 878 1109 ut
895 1057 1017 1112 Oileum.
1056 1057 1111 1110 Est
1128 1075 1198 1111 voro
1218 1074 1284 1112 con-

130 1127 242 1180 solator
259 1126 432 1181 vocabulum
450 1126 526 1198 apud
547 1126 717 1180 Ciceronem
737 1143 795 1179 non
813 1127 930 1199 q'uidem
952 1125 1031 1189 ἅπαξ
1048 1128 1208 1195 λεγόμενον,
1235 1129 1285 1183 sed

130 1196 273 1255 rarissimi
291 1216 368 1251 usus.
405 1197 562 1268 Reperitnr
580 1198 666 1251 etiam
687 1198 718 1266 in
736 1197 811 1267 Epp.
832 1196 892 1250 cic.
912 1199 962 1251 Vl.
987 1202 1012 1255 4.
1041 1207 1106 1270 post
1129 1199 1204 1253 rned.
1231 1200 1285 1253 etee'
1365 1239 1369 1245 -

128 1284 173 1320 nae
191 1268 289 1336 ipsum,
308 1271 509 1327 consolatorem
527 1273 612 1330 tanen,
632 1285 686 1321 non
704 1273 812 1327 tontum
829 1268 939 1334 literae,
967 1269 1064 1339 quibua
1090 1286 1198 1338 seneper
1226 1275 1283 1322 eta·

129 1338 343 1407 dunauantum
366 1338 559 1409 longinquitas
584 1338 718 1406 temporie
742 1338 896 1406 mitigavit.
939 1340 1005 1393 Mox
1029 1339 1126 1395 [anub.
1146 1340 1226 1393 solus
1252 1355 1283 1394 ee

128 1425 203 1462 esee
220 1409 345 1474 miseros,
365 1429 400 1463 ex
418 1411 595 1473 coniectura,
617 1409 679 1462 siue
698 1408 793 1472 dubio,
813 1426 867 1462 neo
886 1427 956 1464 vero
975 1411 1146 1465 necessaria.
1185 1410 1246 1466 Mr..

199 1497 280 1546 quum
298 1481 337 1532 ad
355 1497 402 1533 eoa
419 1480 550 1546 impetum
562 1494 646 1532 suum
663 1480 777 1544 fortuna
801 1479 991 1547 conuenerit]
1024 1517 1048 1546 ‚‚
1056 1479 1190 1550 Quinque
1208 1480 1280 1534 Pell.

125 1550 271 1618 omittunt
290 1552 435 1616 fortunu.“
455 1548 537 1604 Getta.
952 1604 955 1609 ,
1271 1587 1274 1593 -

198 1619 333 1685 Fortuna]
370 1621 452 1674 Hane
476 1637 578 1692 vocem
606 1635 665 1673 non
691 1628 854 1706 agnoscunt
879 1620 953 1679 Pell..
977 1621 1107 1690 quinque
1130 1620 1282 1690 nostrique

128 1689 255 1774 Codices.
292 1692 355 1814 1ὸῖεο
381 1709 413 1756 ea
437 1689 554 1746 videtur
572 1707 748 1756 necessarum
772 1692 900 1746 simodo
926 1698 1079 1765 repetatur
1104 1686 1163 1744 dni
1183 1696 1281 1744 noeroit

78 1788 81 1792 “
128 1777 255 1815 'meerm-
322 1799 328 1814 s
521 1773 525 1780 ¹
817 1790 819 1797 ⁴

200 1849 280 1901 quum
306 1832 345 1886 ad
367 1848 414 1885 eoa
438 1834 567 1896 impetum
589 1847 669 1885 auum
685 1831 810 1885 Fortuna
834 1831 1008 1900 converterit]
1043 1833 1168 1887 Uncinis
1188 1834 1281 1904 sepsit

60 1920 63 1924 ’
126 1899 201 1958 Dav.
220 1919 321 1962 vocem
339 1903 466 1970 Fortuna
493 1903 525 1957 in
543 1901 597 1954 Ed.
616 1902 647 1958 3ss
669 1901 732 1954 sine
757 1902 853 1968 dubio,
900 1903 946 1956 uia
972 1922 1036 1956 eam
1054 1904 1152 1957 abesse
1171 1904 1288 1957 vidite

67 2014 73 2020 .
128 1970 198 2025 coa.
218 1972 289 2048 Reg.
309 1991 482 2044 quamquam
501 1981 600 2027 nostra
618 1971 736 2026 collatio
758 1980 842 2026 tacet.
878 1921 933 2027 §sd
960 1973 1038 2027 abest
1055 1992 1071 2026 a
1090 1974 1165 2028 Gud.
1188 1977 1210 2028 l.
1231 1975 1304 2044 qui,
1389 1986 1394 1992 '

126 2038 219 2110 Regio
238 2043 409 2097 simillimus
434 2052 487 2108 ast,
516 2051 544 2098 et
562 2062 579 2096 a
596 2042 698 2095 moltis
717 2042 784 2097 aliis
812 2043 941 2114 itemque
965 2044 999 2098 ab
1017 2043 1091 2099 uda.
1110 2045 1140 2096 P.
1161 2051 1190 2096 et
1208 2047 1280 2098 Vena

126 2112 187 2166 Alt.
224 2111 279 2167 Sed
296 2112 402 2168 habent
421 2132 484 2168 eam
503 2122 563 2168 tres
584 2112 669 2166 Godd.
692 2112 761 2166 ou.
782 2113 868 2179 (unos
887 2133 975 2185 supra
993 2114 1058 2175 lin.)
1077 2112 1173 2168 Duisb·
1189 2113 1280 2168 Rehd.

126 2183 200 2256 ling.
221 2184 305 2240 Vind.
328 2189 350 2239 Ι.
370 2191 400 2238 et
418 2185 490 2240 Edd.
511 2184 577 2238 rell.
604 2183 669 2259 Ego
688 2192 782 2237 autem
803 2185 920 2244 uncinis
939 2184 1063 2238 liberavi
1086 2201 1148 2238 eam
1167 2201 1279 2250 vocem,

126 2271 221 2324 neque
240 2273 306 2308 cum
325 2255 443 2309 Davisio
463 2255 600 2310 sufficere
619 2256 754 2310 existimo
779 2255 804 2324 si
823 2252 878 2308 dud
902 2257 998 2308 κοινοῦ
1025 2262 1176 2326 repetatur
1198 2257 1281 2308 mise·

75 2368 78 2378 .
126 2325 183 2376 ria.
228 2324 354 2380 Orellius
389 2327 537 2379 existimat
557 2324 709 2378 bominem
744 2325 889 2396 quendam
916 2324 1118 2380 Christianum
1144 2325 1280 2380 abiecisse

127 2393 211 2446 illam
230 2411 344 2459 vocem,
363 2413 400 2448 ne
417 2396 599 2461 fortuna'dea
618 2395 676 2449 dici
695 2395 837 2450 videatur.
858 2396 944 2453 Suum
962 2397 1075 2450 omittit
1095 2395 1162 2451 God.
1183 2396 1278 2462 Gud.·;

72 2506 74 2511 .
127 2469 203 2516 unus
222 2465 272 2519 ox.
290 2464 378 2520 habet
395 2482 432 2519 ae
449 2466 583 2535 impetum
600 2481 692 2519 enum:
712 2473 828 2536 recepte
847 2465 944 2542 glossa
960 2467 1116 2520 verborum
1135 2468 1280 2536 posterio-

127 2551 194 2587 rum
214 2535 245 2587 in
270 2535 411 2590 orationis
438 2537 553 2592 seriem.
589 2534 663 2592 'l'res
682 2534 752 2589 Oxx.
773 2543 803 2588 et
821 2535 895 2589 Gud.
922 2535 1030 2590 babent
1057 2539 1280 2603 conuerterint3

125 2605 201 2658 Edd.
221 2606 250 2656 P.
273 2614 302 2660 et
320 2609 389 2661 Ven.
409 2606 468 2662 Alt.
494 2613 680 2661 conuertunt.
718 2606 845 2660 Verbum
870 2605 1031 2673 dissolvere,
1057 2606 1133 2677 quod
1155 2609 1281 2679 ponitur

125 2681 181 2746 pro
199 2679 327 2742 refutare
354 2677 402 2732 uel
428 2679 527 2749 potius
545 2693 614 2749 pro:
642 2678 801 2744 argumenti
824 2679 881 2730 aim
898 2677 1044 2744 infirmare
1066 2684 1148 2746 atque
1172 2677 1281 2744 infrin-

126 2756 208 2813 gem
229 2747 357 2818 reperies
376 2750 471 2802 'etiam
498 2748 533 2802 da
554 2748 623 2801 Div.
643 2747 683 2804 11.
707 2750 734 2804 4.
760 2747 796 2802 de
814 2746 860 2801 0r.
886 2747 926 2800 11.
950 2748 996 2806 38.
1025 2749 1066 2802 ita
1084 2749 1225 2818 positum,
1246 2756 1281 2800 nt

126 2817 300 2888 respondeat
319 2817 430 2874 Graeco
449 2818 588 2875 διαλύειν..
615 2819 677 2873 Me.

175 2904 259 2960 ·Non
277 2897 396 2961 naturae
414 2906 494 2970 uitia,
517 2907 566 2961 aed
583 2903 703 2977 culpae]
738 2903 787 2958 sio
804 2902 856 2962 lib.
876 2906 924 2958 tv.
952 2922 1013 2978 cap.
1033 2905 1078 2963 37.
1118 2890 1280 2964 Qui-aulem

78 3020 80 3024 .
125 2991 180 3030 non
198 2982 302 3028 tratura
320 2978 370 3029 aed
395 2977 481 3046 culpa
505 2975 603 3029 vitiosi
620 2993 675 3029 esse
694 2976 831 3029 dicuutur.
867 2973 902 3028 D.
931 2984 1027 3031 tamen
1045 2977 1203 3032 lsambinus
1231 2996 1279 3032 re-

126 3044 292 3117 ponendum
312 3048 436 3109 censuit,
455 3063 509 3098 reon
527 3053 644 3099 naturae
661 3046 741 3110 vitia,
760 3047 807 3099 aed
825 3046 962 3101 sultitiae.
999 3047 1102 3110 Credo,
1122 3049 1190 3117 quia
1208 3049 1279 3101 etul-

128 3114 226 3168 titt'am
246 3125 314 3169 mox
332 3114 412 3169 addit
431 3125 537 3169 noster.
575 3114 660 3182 Quasi
677 3123 748 3169 vero
767 3117 849 3184 culpa
867 3132 925 3168 nun
950 3117 989 3171 sit
1013 3117 1150 3171 etultt’te‘a!
1185 3119 1280 3171 Dona·

126 3192 174 3238 tus
193 3186 225 3238 in
243 3182 376 3243 Terentii
395 3186 500 3256 Hecyr.
520 3186 585 3239 Act.
605 3185 642 3238 ll.
660 3184 706 3247 vSe.
728 3186 750 3237 1.
770 3188 815 3241 31.
840 3186 959 3239 Videtur
975 3204 1057 3242 unum
1078 3186 1280 3257 diaiaseopera

125 3263 154 3311 et
172 3256 273 3327 salpae
291 3264 319 3323 et
338 3264 428 3310 taenea
447 3263 557 3311 nonest
576 3257 656 3312 idem.
695 3254 875 3325 operaenim
900 3263 949 3321 eet,
972 3259 1000 3310 ei
1022 3259 1140 3311 scientes
1162 3259 1279 3312 laeseri-

73 3334 79 3348 ·’
125 3346 203 3394 mue;
222 3323 320 3412 eulpa,
337 3327 364 3380 ai
381 3328 544 3389 nescientes.-
570 3343 685 3398 quorum
703 3328 822 3379 atterum
840 3325 969 3392 sceleris,
996 3327 1116 3380 aderam
1135 3325 1279 3382 stultitiae

123 3405 171 3454 eet.
208 3398 356 3455 Similiter
372 3397 580 3453 Eratosthenes
599 3397 674 3469 apud
691 3395 850 3450 Homerum
869 3396 968 3466 Odyss.
988 3397 1011 3462 1,
1032 3401 1058 3455 6.
1077 3397 1108 3450 le
1127 3397 1160 3448 it.

286 3463 325 3521 Ἠ
340 3468 409 3525 sirau
427 3465 586 3541 εὐφροσύνη
602 3468 734 3538 uirile,
752 3468 989 3520 ΚΑΚΟἽἨΊῸΣ
1004 3471 1080 3520 ’ΛΠΟ
1117 3471 1206 3520 ΣΗΣ.
1271 3488 1276 3499 ·

125 3538 243 3594 &donau
260 3540 306 3605 τῆς
323 3535 493 3612 ἀφροσύνης.
531 3540 642 3593 Auctor
669 3546 713 3592 est
731 3536 895 3591 Athenaeus
913 3536 964 3597 lib.
984 3539 1007 3601 Ι.
1033 3557 1099 3614 pag.
1123 3543 1164 3596 16.
1201 3538 1278 3605 Quin

126 3619 155 3673 et
173 3611 311 3684 Origenes
329 3614 362 3667 in
381 3612 501 3665 Celsum
519 3609 572 3669 lib.
591 3606 644 3665 lll.
664 3626 700 3679 pa
724 3645 731 3658 ·
754 3610 811 3663 155.
843 3605 918 3662 Karai
937 3610 1004 3678 yde,
1024 3611 1132 3681 inquit,
1150 3609 1181 3662 td
1201 3607 1278 3679 ἀκρι-

124 3681 181 3749 βές,
206 3686 259 3742 πᾶς
285 3687 390 3749 ,φαῦλος
408 3675 523 3749 ἀνόητός
548 3679 632 3735 ἐστιν.
668 3627 741 3733 vile
760 3676 950 3735 Scholiasten
974 3680 1009 3732 ad
1033 3678 1186 3750 Euripidis
1205 3679 1279 3751 ilip-

124 3750 185 3822 pol.
205 3768 248 3804 vs.
267 3753 329 3806 ute.
350 3758 378 3805 et
391 3751 513 3813 ‚suidam
532 3751 564 3808 in
581 3748 693 3816 indura.
731 3749 775 3803 Ne
799 3764 870 3802 vera
896 3748 1034 3819 solorum.
1053 3767 1115 3805 esse
1134 3747 1278 3804 Christia-

125 3836 231 3873 norum
250 3822 363 3887 φράσιν,
381 3840 418 3877 ex
436 3823 526 3878 sacris
543 3820 737 3890 scriptoribus
754 3817 897 3886 haustam,
915 3828 1011 3890 putes,
1029 3838 1066 3873 en
1083 3820 1139 3874 tibi
1153 3820 1277 3875 Dionem

126 3887 376 3960 Chrysostomum‚
414 3892 446 3943 ui
464 3891 540 3945 Orat.
559 3891 613 3947 111.
633 3907 661 3963 p.
682 3889 725 3955 39.
744 3891 796 3952 ait,
815 3888 886 3943 nott
906 3891 961 3962 μὲν
983 3885 1139 3961 inornatis
1161 3888 1279 3958 ἀνόητός
1333 3935 1335 3938 ⁴

123 3959 237 4028 λέγεται.
273 3960 350 4084 Hales
368 3910 516 4037 villgatam
538 3960 695 4023 lectionem
713 3959 832 4026 abunde,
857 3961 919 4024 ,nisi
936 3961 1037 4029 fallor,
1067 3961 1205 4016 muniunt
1226 3962 1279 4016 tir·

78 4060 79 4065 =
123 4039 272 4101 ruantque.
338 4070 345 4086 .

194 4119 267 4182 Sunt
285 4120 358 4173 euim
376 4118 434 4172 ieta
452 4135 507 4172 nan
525 4124 641 4177 naturae
658 4117 741 4182 uitia,
760 4118 809 4172 sed
826 4116 945 4186 eulpae]
981 4117 1063 4172 Unus
1081 4118 1133 4172 Ox.
1162 4120 1275 4174 omittit

123 4192 207 4245 enim.
252 4189 341 4256 Quam
372 4187 476 4243 tribuit
498 4187 637 4243 lambino
664 4189 862 4242 coniecturam
889 4184 1032 4248 Davisius,
1070 4196 1103 4240 ut
1130 4190 1275 4243 scribatur

123 4263 257 4314 stultitiae
275 4276 329 4330 pro
348 4249 454 4328 iulpne,
471 4275 536 4313 eam
555 4257 671 4323 exbibet
690 4275 753 4310 mar
774 4254 1118 4324 oEdd.La1nbb.Goth.,
1136 4277 1190 4313 nec
1204 4274 1275 4312 vero

124 4330 222 4388 addito
239 4329 375 4386 Lambini
394 4329 523 4395 nomine,
541 4328 593 4396 qui
610 4330 732 4394 fortasse
753 4275 792 4382 be
811 4344 842 4382 aa
860 4327 1046 4401 proponenda
1074 4345 1111 4381 ne
1135 4328 1276 4402 cogitavit

125 4399 249 4470 quidem
286 4401 426 4457 tamum
444 4407 542 4463 eutem
558 4405 627 4469 post
643 4395 792 4465 Davisium
810 4395 915 4463 tribuit
931 4413 999 4464 eam
1018 4398 1102 4458 Verb.
1122 4399 1154 4450 in
1179 4414 1271 4472 marg.
