2842 5070
108 414 114 427 Ι
203 314 268 393 'see
413 320 1164 392 c1conoN1s'rusoomN.n1srorar.
1239 374 1244 384 .

197 480 268 573 est,
301 512 340 557 ea
371 512 469 577 quam
496 493 645 581 intelligi
682 486 884 579 ζηλοτυπίαν
909 493 1006 568 uolo,¹
1027 477 1205 577 aegritudo
1238 512 1278 554 ex
1307 513 1362 570 eo,

205 576 294 660 quod
315 576 404 640 alter
425 596 553 658 quoque
576 578 727 659 potietur
748 594 799 652 eo,
822 573 910 656 quod
925 577 997 658 ipse
1010 576 1256 656 concupiverit.
1289 576 1363 639 Mr-

204 661 382 724 sericordia
417 667 468 720 est
501 657 678 744 aegritudo
710 677 750 719 ex
776 660 913 719 miseria
940 660 1090 735 alterius,
1119 659 1245 721 iniuria
1266 658 1363 721 labo·

203 744 327 808 rantis:
355 761 453 803 nemo
480 742 569 803 euim
598 739 787 824 parricidae
811 747 870 800 aut
897 739 1082 821 proditoris
1104 741 1267 822 supplicio
1295 743 1363 802 mi-

121 824 387 931 rjltsericordta
415 834 662 887 commovetur:
696 843 812 904 angor,
848 822 1024 908 aegritudo
1053 841 1221 904 premens:
1252 823 1363 887 iactus

1222 952 1368 964 ———-—-u

203 1019 288 1073 ronta
305 1015 347 1081 di,
367 1015 473 1085 inquit,
493 1011 549 1069 toa
567 1017 636 1083 λύπη
656 1013 757 1080 inieci
775 1014 822 1066 καλ
840 1013 929 1075 ἄλλοις
948 1011 1094 1083 ὑπάρχειν,
1122 1017 1165 1066 καὶ
1183 1012 1251 1082 ἡμῖν
1268 1013 1362 1087 turp.

199 1106 273 1158 χειν.
309 1086 486 1162 Legeudum,
514 1086 571 1138 nisi
594 1086 738 1152 fallensi
763 1088 807 1138 καλ
832 1083 899 1152 ἡμῖν
925 1083 1049 1154 ὑπάρχει.
1087 1084 1238 1139 Ciceronis
1262 1087 1362 1139 verbis

202 1159 326 1230 propior
342 1166 385 1212 est
403 1156 543 1232 delinitio,
569 1175 643 1227 quae
670 1165 763 1225 exstat
785 1156 860 1225 apud
877 1156 1030 1209 Stobaeum
1048 1157 1150 1252 Eclog.
1169 1156 1268 1209 Ethic.
1293 1175 1360 1232 pag.

202 1233 264 1287 lte.
294 1230 475 1296 -Ζηλατυπλαν
498 1227 529 1280 di
551 1230 639 1295 λύπην
657 1224 702 1282 iai
718 1232 764 1293 rqi-
776 1226 867 1296 ἕτερον
884 1225 1085 1295 ἐπιτυγχάνειν,
1108 1247 1149 1282 ων
1166 1225 1246 1289 αὐτὸς
1263 1227 1361 1281 ἐπιθυ·

202 1305 258 1368 μετ.
283 1294 633 1366 ὃουίλνααύυια,ἒπε6ύμεν,
650 1307 684 1351 ut
702 1317 737 1352 ex
755 1307 853 1351 nostro
870 1306 960 1367 patet,
979 1307 1009 1351 et
1026 1315 1072 1350 ros
1090 1299 1151 1368 ipsa
1168 1297 1267 1365 docet;
1286 1298 1361 1353 alio·

204 1372 278 1444 quia
295 1372 375 1424 euim
392 1369 464 1424 haec
481 1368 613 1422 definitio
632 1370 665 1424 ab
683 1369 873 1423 aemulatione
896 1385 955 1421 non
974 1369 1031 1421 erit
1054 1369 1175 1423 diversa.
1211 1368 1248 1423 D.

229 1470 233 1487 ·
274 1460 349 1529 qaod
365 1460 559 1529 alteramque
573 1457 705 1527 poliatur
722 1455 873 1526 ecsqaod]
906 1457 972 1510 Cod.
993 1457 1082 1511 Rehd.
1099 1458 1228 1526 potiatur
1245 1475 1358 1527 qaoque.

202 1529 277 1606 Aug.
297 1547 401 1601 ηααηυα
416 1532 497 1598 pati
503 1536 589 1583 atur
610 1547 655 1583 eo.
692 1529 838 1583 scribitur
856 1528 930 1598 quod
952 1528 1016 1582 ille
1035 1528 1224 1597 concupiverit
1251 1530 1284 1580 in
1301 1531 1357 1583 Ed.

202 1603 243 1667 lt,
270 1599 428 1672 quoditie
451 1600 527 1667 ἱρή
554 1617 627 1654 aeae.
655 1600 688 1650 in
705 1600 777 1652 Edd.
797 1599 831 1652 A.
850 1601 881 1651 Β.
901 1598 930 1651 S.
949 1599 984 1651 E.
1005 1600 1035 1652 G.
1055 1602 1092 1652 Μ.
1112 1602 1146 1653 1..
1170 1608 1200 1652 et
1226 1600 1359 1652 omnibus

202 1674 402 1796 iiiiii?
415 1670 671 1797 iiiiii?
691 1668 1359 1808 iiufli‘wtititittiaitiwl.¹5
1386 1740 1388 1745 v

202 1813 409 1868 Misericordia
428 1829 488 1882 sqq.
508 1800 580 1864 haec
598 1821 641 1865 est
658 1813 708 1864 Pr.
727 1811 856 1863 Fabricii
873 1812 1033 1863 annotatio:
1059 1815 1152 1878 ,stirne
1168 1813 1240 1877 λύπη
1258 1812 1296 1871 αἱς
1312 1812 1361 1866 iat

201 1886 322 1945 ἀναξίας
344 1883 559 1936 κακοπαθοῦντι.
591 1883 695 1951 Angor
718 1890 761 1934 est
782 1886 851 1948 λύπη
877 1884 1046 1951 βαρύνουσα.
1089 1883 1233 1936 Aeramna
1261 1883 1359 1950 ὀδύνη,
1382 1901 1385 1905 ·

201 1959 270 2022 λύπη
293 1953 428 2013 ἐπίτονος.
464 1953 676 2007 Sollicitudinic
702 1961 730 2005 et
756 1953 900 2006 molestiae
928 1953 1111 2006 definitiones
1138 1972 1174 2006 ex
1196 1971 1253 2005 una
1279 1951 1360 2016 ἀνίας

201 2026 277 2097 apud
295 2025 444 2079 helinium
463 2041 611 2093 expressae
628 2023 774 2087 ridentur.
810 2025 851 2097 Ea
869 2022 936 2074 talis
954 2033 1011 2076 est:
1034 2021 1110 2088 aare,
1129 2028 1197 2090 λύπη
1215 2021 1245 2077 ἐκ
1263 2023 1360 2078 ‹isaia-

200 2102 312 2220 γηέμξῖν
338 2099 473 2221 pigopca,
498 2094 531 2216 ἢλ
542 2093 742 2184 intersaepire.
779 2092 828 2215 1ὲέ
851 2094 1118 2216 gfdicgatmnesnm
1145 2095 1231 2215 lepge
1248 2095 1357 2214 'abegse

199 2185 375 2308 latitat
388 2182 516 2305 atto.
534 2185 589 2300 {ti
612 2181 818 2303 iiiiifmiii..
833 2170 1357 2308 ...iimiiiiiieiii‘&iiiiii

199 2310 272 2362 tiam
290 2309 392 2362 Cicero
412 2306 511 2376 paullo
529 2313 596 2358 ante
613 2306 750 2374 pudorem
766 2307 944 2371 numeravit·
967 2306 1048 2358 cuius
1065 2306 1194 2361 definitio
1210 2305 1261 2358 hic
1281 2306 1357 2358 desi-

200 2379 326 2432 deratur.
363 2375 448 2445 Apud
464 2377 614 2428 Laenium
632 2383 676 2430 est
699 2375 831 2443 αἰσχύνη,
856 2379 946 2445 φόβος
964 2374 1087 2441 ἀδοξίας,
1115 2378 1217 2431 idest:
1250 2376 1382 2446 pudor„

199 2447 456 2502 metus-iniasuiae.
497 2447 631 2501 Terrorie
653 2447 786 2499 definitio
813 2448 926 2499 concisa
949 2457 1003 2501 est:
1035 2450 1157 2515 ἔκπληξις
1175 2447 1249 2517 apud
1267 2449 1355 2500 Lair·

198 2519 276 2572 tium
302 2517 441 2571 definitur
466 2517 557 2586 φόβος
587 2516 618 2570 ἐκ
644 2520 796 2588 φαντασίας
821 2515 974 2584 ἀσυνήθους
1000 2518 1198 2590 πράγματος.“
1225 2546 1259 2556 ·-
1300 2521 1354 2572 Pro

197 2588 310 2644 iniuria
327 2588 411 2640 Vind.
435 2591 457 2642 1.
473 2588 564 2640 'habet
581 2588 734 2653 iniuriare,
760 2589 848 2641 Rehd.
869 2591 930 2643 siae
948 2589 1019 2643 iare.
1056 2593 1111 2643 Pro
1128 2588 1294 2658 parricidae
1312 2597 1354 2642 est

196 2661 356 2730 patricidae
374 2659 406 2710 in
422 2657 528 2710 duobus
548 2659 632 2712 Oodd.
653 2659 722 2710 (lxx.
743 2659 817 2712 Gud.
838 2664 862 2714 l.
883 2662 910 2726 (a
930 2664 954 2714 l.
974 2661 1027 2725 m.)
1045 2664 1120 2714 tlon.
1141 2666 1166 2715 l.
1187 2661 1258 2712 Edd.
1277 2664 1305 2713 P.
1325 2659 1353 2713 S.

198 2731 339 2800 Sequitur
355 2737 387 2784 ot
404 2745 458 2798 pro
481 2736 529 2783 aut
553 2729 585 2782 in
602 2729 670 2783 Cod.
690 2729 765 2782 Gud.
783 2733 809 2785 λ.
847 2731 881 2781 ln
901 2731 975 2803 Aug.
1005 2741 1048 2785 est
1067 2731 1273 2785 misericordie
1290 2747 1355 2800 sap·

132 2865 135 2871 .
193 2802 299 2871 plici03
317 2803 349 2854 in
366 2799 450 2852 Vind.
471 2805 495 2855 1.
521 2807 655 2853 oneretur.
672 2799 761 2854 Rehd.
786 2801 1007 2854 commovebitur.
1046 2803 1106 2856 Mr.

269 2889 378 2956 Angor,
407 2889 559 2957 aegritudo
579 2889 725 2957 premens]
763 2888 812 2943 Sic
828 2890 898 2964 Reg.
917 2889 1064 2943 Pithoean.
1092 2892 1211 2946 stated.
1249 2892 1352 2967 Vulgo,

117 3029 120 3041 Ι
197 2975 291 3028 angor
308 2965 351 3014 est
369 2961 523 3029 aegritudo
544 2977 682 3031 premens.
718 2962 755 3014 D.
776 3031 783 3045 ·

197 3032 708 3159 s...‘f”ttts.⁰2tt‘²‘.l⁰..tt⁷tttt.
721 3033 1087 3178 tlg¹53221tttttt⁰t
1101 3033 1365 3172 {iiiiii}

192 3181 296 3233 >nostra
324 3173 442 3245 collatio
467 3171 578 3236 taceat]
606 3175 681 3226 Gud.
703 3179 727 3229 1.
747 3176 784 3230 2·
799 3175 884 3227 Bern.
911 3174 1000 3228 Rehd.
1026 3175 1156 3228 omnibus
1182 3175 1281 3226 Leidd.
1306 3191 1354 3225 sex

196 3245 267 3298 Oxx.
289 3244 375 3298 Marb.
401 3244 475 3297 Gud.
498 3244 595 3296 Duisb.
622 3246 697 3297 Mon.
718 3248 742 3300 l.
762 3246 788 3299 2.
826 3245 991 3298 Omiserunt
1014 3245 1101 3311 etiem
1128 3245 1203 3295 Vict.
1228 3255 1257 3296 et
1284 3245 1353 3298 Rob.

196 3314 297 3386 steph.
333 3315 379 3369 Ad
402 3316 575 3368 senteutiam
598 3317 636 3367 ci.
662 3315 845 3369 Doederlein.
873 3317 935 3367 Lat.
964 3315 1072 3385 synon.
1100 3332 1129 3370 u.
1152 3314 1282 3381 Etymol.
1304 3317 1354 3367 IV.

194 3403 224 3457 p.
244 3388 307 3441 416.
343 3388 408 3439 Post
432 3387 524 3438 iactae
550 3385 683 3454 sequitur
710 3391 753 3438 eet
774 3386 814 3436 in·
829 3384 914 3439 codd.
939 3384 1023 3436 Vind.
1044 3388 1069 3438 1.
1098 3392 1127 3434 et
1151 3381 1223 3454 Aug.
1260 3381 1306 3434 Ad
1325 3403 1354 3437 v.

197 3464 333 3524 aerumna
349 3456 416 3508 vide
434 3456 616 3511 Doederlein.
635 3455 656 3507 l.
677 3472 701 3507 c.
728 3473 757 3525 p.
777 3458 839 3510 att.
876 3456 939 3525 Ipse
957 3454 1060 3507 Cicero
1086 3452 1121 3503 de
1139 3452 1225 3503 Finn.
1246 3453 1284 3503 ΙΙ.
1307 3458 1352 3510 35,

194 3528 262 3583 118:
283 3541 434 3581 aerumnas
452 3560 485 3572 -
504 3527 627 3581 maiorer
644 3528 737 3580 nostri
760 3525 869 3578 laborer
891 3540 947 3577 non
973 3522 1122 3590 fagiendos
1139 3553 1171 3574 -,
1192 3525 1354 3578 αααιύααυι-

196 3606 272 3656 runt.
310 3600 460 3670 Pompeius
478 3601 579 3652 Festus
594 3614 624 3667 p.
644 3596 723 3666 Vlll.
741 3596 785 3648 ed.
805 3595 878 3649 Scal.
898 3609 1057 3659 aeramnae,
1085 3594 1134 3657 ait,
1160 3593 1268 3647 latores
1285 3612 1353 3649 one·

194 3682 277 3724 rosae
295 3671 464 3738 significant.
490 3669 561 3722 Add.
581 3668 647 3723 Nic.
667 3666 744 3719 Strsii
762 3666 845 3718 Lima
863 3664 994 3719 ciceron.
1013 3683 1042 3734 p.
1053 3667 1097 3720 62.
1117 3663 1247 3734 (Opusrc.
1263 3667 1350 3718 Antv.

193 3743 274 3797 loto.
294 3742 334 3808 8.)
369 3745 424 3796 Pro
448 3741 576 3795 crucians
592 3752 684 3809 marg.
704 3736 780 3788 Crat.
800 3734 886 3787 hebet
908 3736 1101 3802 excruciane3'
1118 3734 1191 3787 unus
1211 3736 1261 3789 Ox.
1289 3754 1352 3790 cm-

194 3812 293 3866 ciatas.
331 3816 385 3866 Pro
405 3813 509 3867 eiulatu
527 3807 612 3859 Vind.
633 3811 658 3860 1.
678 3804 838 3859 eiulatione.
876 3805 918 3858 De
938 3816 1036 3877 etymo
1053 3810 1132 3861 vocis
1149 3806 1207 3859 vid.
1227 3808 1352 3861 Doeder-

193 3882 265 3937 lein.
285 3885 306 3937 l.
326 3901 352 3939 c.
376 3883 429 3937 111.
456 3898 484 3951 p.
507 3881 566 3935 156.
586 3903 621 3914 -
656 3875 803 3928 Scribitur
830 3875 950 3942 afflictio
974 3894 1027 3948 pro
1056 3879 1203 3945 afflictatio
1228 3879 1258 3929 in
1283 3879 1349 3932 Cod.

192 3953 285 4009 Rehd.
306 3963 336 4007 et
353 3951 459 4006 duobus
478 3950 549 4003 (lxx.
568 3945 671 4016 quibus
689 3946 828 3999 accedunt
845 3948 917 3999 Edd.
936 3951 965 4002 P.
987 3949 1015 4002 S.
1037 3950 1072 4002 E.
1096 3952 1176 4004 Unus
1196 3951 1246 4003 Ox.
1265 3949 1351 4004 habet

193 4027 354 4097 applicatis.
391 4022 458 4074 Mox
474 4018 571 4071 Duisb.
591 4017 796 4084 exspectatione
813 4021 964 4072 meliorum
981 4034 1086 4074 reram.
1119 4020 1164 4073 Ad
1183 4039 1269 4090 quem
1286 4038 1351 4073 ver·

192 4091 455 4161 borum'or'dinem,
480 4097 515 4141 ut
539 4087 668 4161 ridetur,
694 4090 860 4160 respiciens,
884 4090 986 4146 FAW.
1012 4092 1044 4143 in
1067 4091 1173 4144 scholis
1199 4093 1350 4165 vulgatum

193 4164 346 4225 essedixit
364 4162 481 4225 iustum,
505 4177 559 4214 nec
577 4177 647 4214 vero
664 4162 829 4232 poeticum.
851 4164 915 4215 Post
933 4161 1080 4216 meliorum
1099 4163 1130 4214 in
1148 4162 1216 4215 Cod.
1236 4163 1309 4216 Gud.
1322 4164 1347 4216 2.

191 4236 325 4307 seqnitur
342 4233 416 4301 ύηῑς
438 4233 515 4303 Quae
533 4238 633 4287 autem.
666 4230 756 4286 Rehd.
775 4233 861 4286 habet
879 4234 927 4286 eut
945 4240 1017 4286 meta
1035 4239 1125 4287 autem
1144 4249 1211 4302 qaae
1228 4233 1351 4286 subiecta

174 4314 264 4364 me,
311 4304 458 4365 scribitur
483 4312 578 4358 eutem
606 4305 655 4358 aab
684 4310 775 4358 metu
803 4305 835 4356 in
853 4305 993 4375 ,quinque
1022 4305 1089 4358 Oxx.
1126 4304 1199 4379 Aug.
1227 4308 1301 4358 Mon.
1323 4308 1348 4359 l.

189 4380 278 4434 ldarb.
297 4377 372 4438 aad.
400 4376 463 4429 fere
489 4376 629 4442 omnibus,
661 4375 790 4447 exceptis
814 4393 906 4449 marg.
932 4377 1010 4439 Orat.
1038 4377 1071 4426 V.
1097 4376 1129 4428 λι.
1154 4377 1222 4429 Rob.
1248 4375 1348 4444 Steph.

190 4450 258 4507 Dav.
279 4451 326 4509 Or.
345 4450 420 4507 Tan.
457 4445 517 4502 Nes
534 4447 659 4519 optimos
677 4446 766 4501 libros
785 4446 940 4518 sequimur.
961 4446 1043 4500 Gaui.
1062 4445 1085 4511 §-
1106 4449 1149 4502 16.
1162 4473 1195 4485 -
1223 4447 1349 4514 Quatuor
