2842 5070
22 345 32 361 ,
134 305 175 373 tt
333 299 568 370 monronis
588 298 835 371 rosunum.
856 303 1088 391 onsurae.

16 450 20 457 ¹
131 469 190 556 qui
220 468 307 533 nibil
331 466 464 534 mallus·
477 468 623 546 bomini,
664 467 750 530 nibil
778 471 885 557 magis
920 470 1158 556 expetendum,
1181 470 1285 545 ,nihil

130 553 356 638 praestantius
381 552 579 631 honoribus,
606 552 769 632 imperiis,
796 554 953 636 populari
979 556 1087 640 gloria
1115 553 1286 618 iudicave-

132 642 229 698 runt:
272 632 314 698 ad
344 654 443 717 qnam
462 637 581 698 metor
607 634 755 716 optimus
784 638 942 719 quisqam
984 657 1165 720 veramque
1190 640 1284 701 illam

38 836 43 843 '
130 839 253 878 numero
270 831 404 878 naturam
421 821 495 876 bena
513 820 632 876 vivendi
650 821 747 876 dacem
770 827 799 878 et
815 825 983 889 magistram
1007 826 1144 896 appellat.
1182 825 1231 882 Sic
1249 829 1284 883 de

129 894 217 950 Finn.
236 895 259 952 1.
278 897 328 954 21:
345 892 486 960 sagistas
503 907 538 947 oc
554 892 623 947 aare
638 897 752 959 mirre,
771 900 801 948 et
818 893 854 948 de
871 892 989 950 Amicit.
1010 911 1035 952 c.
1054 897 1090 951 d:
1108 896 1189 963 „bos
1206 899 1284 954 viros

129 966 215 1020 bonos
225 998 256 1008 -
267 965 333 1036 pain
350 969 501 1034 aequantur
517 972 658 1030 naturam,
675 962 812 1034 eptimam
829 964 896 1018 bene
911 964 1024 1020 vivendi
1033 967 1160 1020 dacem.“
1172 967 1282 1026 Setae.

131 1035 253 1106 ilpnscc.
279 1053 315 1107 p.
333 1038 395 1091 216.
424 1063 457 1073 -
490 1034 528 1090 Ut
547 1034 627 1089 aaut
645 1033 770 1104 [aptivam]
795 1040 934 1088 nntrsram.
964 1063 998 1073 —
1033 1035 1082 1090 Sic
1109 1037 1197 1095 codd.
1226 1040 1283 1094 duo

131 1106 262 1232 iiim?
273 1105 676 1242 ap‘ii'miillmbliiqi}
731 1103 780 1231 le
797 1106 1284 1246 „Ballin⁰1i{n⁰mi²llbsl⁰ll‘¹i¹i

131 1247 167 1302 ln
186 1261 244 1333 quo
269 1195 446 1323 optimegego
471 1247 556 1311 video
575 1248 695 1302 lectoris
714 1245 952 1303 exclamationem
961 1235 974 1301 ε’
1001 1251 1139 1318 „optimc
1163 1249 1220 1305 hoc
1238 1222 1282 1305 dil

129 1317 211 1384 xisti,
230 1315 325 1370 Tulli!
351 1335 432 1394 euge,
457 1317 591 1390 copBeW
615 1318 783 1394 emargine
808 1319 841 1372 in
859 1325 1027 1374 contextum
1055 1320 1177 1375 illatam.
1214 1322 1282 1375 ideo

129 1389 247 1442 uncinis
265 1389 390 1442 co‘e‘rcui.
428 1387 569 1457 Optimam
587 1392 728 1454 araturam,
746 1389 845 1443 nescio
862 1407 919 1461 qua
937 1391 1191 1446 auctoritateEdd.
1209 1401 1280 1447 vett.

129 1466 159 1514 et
176 1474 253 1513 recc.
273 1461 337 1513 fere
355 1473 454 1514 omnes
474 1458 547 1526 [exo.
566 1459 637 1515 Dar.
656 1459 751 1516 Wolf.
771 1458 853 1519 Koel.
878 1459 977 1528 Solia]
1012 1461 1128 1529 [babent
1151 1466 1283 1532 optimam

129 1536 259 1585 naturam
282 1529 373 1584 Godd.
392 1529 478 1583 Vind.
499 1534 525 1586 l.
544 1534 578 1588 2⁴
599 1535 674 1585 bion.
694 1529 733 1598 l.]
758 1530 888 1599 Optimae
909 1535 1036 1587 camene.
1061 1534 1122 1591 lac.
1141 1535 1283 1589 Gronovii

130 1600 267 1671 suspicio.
288 1632 321 1644 -·
340 1597 455 1670 Optimi
480 1597 582 1655 natare
607 1602 747 1656 Arntnen.
773 1599 810 1655 ad
828 1600 901 1655 l’lin.
921 1603 989 1661 Pan.
1007 1620 1036 1674 p.
1056 1607 1117 1662 364.
1144 1638 1177 1650 -
1204 1605 1304 1674 Opti-¹

109 1687 204 1731 ,mum
221 1669 390 1741 magistram
407 1671 534 1727 Bentleii
553 1674 722 1727 coniectura
747 1690 814 1727 sane
837 1674 869 1726 in
906 1673 988 1728 niosa
1013 1676 1044 1728 in
1068 1675 1133 1730 loco
1159 1676 1281 1748 alioqui,

129 1743 190 1798 nisi
207 1758 323 1797 mecum
340 1742 423 1808 iacis,
451 1741 610 1814 desperato.
646 1743 793 1826 Recepere
814 1743 849 1797 ll.
912 1742 1024 1800 ,belm
1060 1744 1116 1802 Sed
1139 1748 1282 1818 magistro

128 1820 231 1868 nutura
248 1811 326 1868 haud
343 1814 433 1867 nimis
450 1812 548 1897 placet
564 1822 634 1885 post
651 1821 820 1884 magestrum
832 1817 964 1887 populum
987 1817 1097 1889 paullo·
1111 1827 1179 1874 ante
1206 1836 1283 1874 com-

80 1920 84 1927 ·
129 1884 352 1942 memoratum.“
370 1884 503 1942 Orellans.
527 1884 682 1956 Equidem,
701 1883 777 1957 qnod
789 1903 866 2009 pace
883 1888 942 1941 viri
961 1888 1132 1944 amicissimi
1145 1891 1280 1957 dixerim,

128 1955 200 2010 buic
218 1956 377 2013 sententiae
394 1957 531 2012 accedere
547 1973 607 2010 non
624 1971 753 2027 possum.
804 1958 918 2030 trimum
938 1958 1018 2012 enim
1036 1959 1086 2014 vel
1104 1962 1281 2032 optimorum

128 2026 274 2082 librorum
298 2027 457 2082 lectionem
480 2028 543 2082 sine
567 2026 748 2080 correctione
762 2029 854 2097 *sequi
882 2029 934 2082 vix
960 2045 1127 2099 possumus:
1147 2033 1283 2086 ‘ridetur

128 2098 236 2185 igitur,
254 2099 445 2168 undecunque
463 2105 527 2152 orta
546 2098 593 2163 sit,
614 2097 764 2167 corruptio
782 2098 991 2169 antiquissima.
1028 2098 1148 2168 Deinde,
1167 2102 1281 2156 etiamsi

129 2170 229 2225 ariciae
247 2170 323 2223 illud
340 2169 453 2238 optime,
473 2166 549 2239 quod
567 2170 679 2221 factum
707 2184 770 2221 esse
787 2167 872 2222 video
899 2169 931 2222 in
949 2169 1002 2222 Bd.
1022 2166 1112 2238 ibn,
1137 2187 1196 2226 non
1213 2190 1281 2242 per-

129 2248 244 2297 sanatus
268 2240 386 2294 videtur
411 2238 508 2292 locus:
539 2238 704 2308 requiritur
727 2239 806 2292 enim
830 2246 893 2292 tum
913 2246 1043 2294 naturam
1068 2238 1172 2311 ipsam,
1203 2244 1281 2314 quod

129 2327 208 2366 nunc
238 2310 380 2365 Orellium
410 2310 506 2381 ipsum
532 2310 567 2363 ad
590 2307 698 2364 Wclfli
721 2307 843 2362 scholas
872 2310 980 2366 vidisse
1011 2311 1104 2366 video.
1145 2311 1221 2366 'l'um
1250 2315 1281 2366 id

128 2382 235 2453 ipsum,
254 2381 332 2451 quod
347 2381 448 2455 paullo
466 2387 534 2435 ante
553 2387 795 2434 commemoratur
812 2381 952 2449 magister
965 2386 1095 2453 popalus,
1122 2400 1139 2435 a
1156 2383 1282 2438 Bentleii

105 2460 108 2464 ’
126 2451 258 2524 partibus
277 2458 341 2509 stat.
379 2452 502 2522 Populus
520 2451 645 2522 quidem,
665 2451 707 2503 ait
724 2453 845 2518 Marcus,
865 2453 985 2520 optimas
1002 2452 1120 2508 videtur
1132 2455 1282 2527 plerisque

127 2524 280 2590 angiam:
299 2523 349 2578 sed
367 2524 484 2579 videtur
501 2530 629 2577 tantum:
649 2539 734 2592 quem
753 2522 822 2577 dum
841 2525 1001 2592 sequimur,
1028 2541 1044 2578 a
1062 2533 1167 2580 natura
1190 2525 1282 2580 desci-

128 2592 989 2722 offerrerentrenumeret
1003 2595 1154 2722 tells}
1178 2597 1281 2734 'llll

129 2735 155 2791 ci
178 2753 248 2791 vero
277 2685 403 2807 qrrgaeris,
425 2684 570 2808 {Remoto
592 2743 657 2795 orta
683 2733 757 2788 mibi
781 2735 917 2790 rideatur
941 2685 1109 2808 eorgruptioz
1146 2740 1279 2793 Bentleio

128 2808 241 2872 accedo,
271 2811 354 2867 cuius
379 2807 549 2893 adqoalcem
577 2806 675 2891 operis
709 2805 879 2860 exhibemus
906 2810 1127 2864 annotationem.
1170 2810 1280 2880 Optime

124 2876 1280 3025 Bentleii?stiffillll³233,tltaltltl’stllltt

126 3019 237 3073 iactum
256 3037 316 3074 esse
334 3020 482 3087 concedas,
502 3037 549 3074 me
567 3019 682 3073 nescire
699 3021 801 3078 fateor.
839 3018 895 3075 sed
910 3021 1052 3092 palmaria
1069 3023 1195 3078 Bentleii
1215 3037 1280 3076 cor·

126 3090 259 3146 rectione
277 3091 419 3168 neglecta,
437 3093 486 3144 fru
509 3091 573 3163 ibus
592 3089 720 3144 inventis
738 3092 773 3145 ad
791 3089 911 3168 glandes
935 3092 1012 3146 mihi
1030 3093 1126 3148 redire
1154 3094 1277 3148 viderer.

125 3160 246 3238 Accedit
263 3162 391 3217 Bentleii
409 3110 540 3235 partifius
556 3161 644 3216 etiam
662 3159 826 3219 lliihnerus.
854 3163 980 3236 Nobbius
997 3163 1054 3218 hoc
1072 3181 1187 3234 quoque
1204 3166 1279 3230 loeo,

126 3239 161 3286 nt
187 3234 307 3305 saepius,
334 3234 424 3290 nimis
446 3250 545 3304 presse
565 3233 685 3287 Ernesti
710 3235 843 3310 vestigiis
869 3234 990 3288 institit.
1034 3233 1133 3288 Aliter
1164 3237 1280 3290 videtur

125 3303 241 3358 Klotzio
266 3306 299 3358 V.
320 3304 365 3358 cl.
394 3303 427 3359 i'n
451 3320 581 3371 censura,
607 3321 693 3376 quam
721 3303 846 3375 laudavi,
879 3302 1029 3359 ciceronis
1053 3304 1205 3358 Orelliani.
1250 3307 1287 3362 Is.

124 3391 153 3447 p.
174 3378 217 3431 to.
237 3377 402 3431 restitutam
420 3375 487 3429 vult
505 3376 684 3445 optimorum
703 3376 845 3430 librorum
864 3373 1037 3428 lectionem:
1055 3378 1086 3428 at
1105 3375 1186 3428 nobis
1204 3374 1279 3443 cpti-

125 3461 169 3498 me
192 3453 324 3500 naturam
347 3445 485 3501 invidisse
513 3444 675 3512 videantur,
701 3445 864 3517 explicans:
900 3443 1016 3498 dalier
1042 3443 1222 3499 scheinen
1241 3463 1278 3499 es

126 3515 182 3570 die
209 3533 299 3592 ganz
323 3515 520 3593 geschickt
547 3517 792 3592 anzuiangen,
821 3532 1016 3570 unsunser
1042 3515 1277 3569 natiirliches

127 3587 270 3642 Geiiihl
297 3606 341 3640 zu
363 3587 568 3653 verleiden,
597 3586 734 3643 welche
759 3584 998 3641 derAnsicht
1025 3585 1125 3651 sind,
1160 3603 1195 3641 es
1221 3587 1278 3640 sei

126 3659 255 3715 nichts
282 3658 454 3715 Besseres
485 3660 549 3712 fiir
574 3657 637 3713 den
664 3655 857 3713 Mensoben
886 3662 939 3710 etc.
983 3655 1068 3710 Nihil
1094 3664 1204 3711 statuo:
1227 3657 1278 3711 sed

125 3727 313 3784 offensionem
337 3729 392 3784 hac
416 3730 659 3800 interpretatione
685 3728 760 3782 mihi
786 3728 903 3798 quidem
929 3743 988 3780 non
1012 3727 1104 3851 plane
1138 3728 1277 3784 sublatam

125 3817 186 3855 esse
210 3803 313 3855 fateor.
336 3833 366 3843 -
394 3801 449 3854 i’ro
472 3801 618 3854 videantur
641 3799 709 3854 God.
735 3802 810 3852 bion.
832 3802 855 3853 l.
883 3805 912 3852 et
936 3797 993 3850 duo
1034 3817 1082 3850 xx.
1106 3797 1214 3855 habent
1236 3801 1278 3854 vi·

125 3871 236 3937 dentur,
256 3891 331 3926 unus
349 3871 399 3937 (lx.
419 3871 561 3926 indidisse
578 3887 632 3942 pro
650 3870 796 3926 invidisse.
833 3871 899 3920 Mox
917 3868 991 3922 Gud.
1015 3867 1157 3942 nihilque
1175 3870 1275 3942 magis.

125 3941 230 3997 Multas
249 3941 391 3997 eiusmodi
408 3941 525 3996 voculas
544 3939 623 3995 addit
639 3941 727 3994 huius
746 3938 855 3992 codicis
872 3941 1008 4009 scriptor.
1046 3941 1094 3995 Sic
1111 3944 1210 4014 paullo
1230 3961 1277 3996 sn·

125 4013 224 4082 perius
242 4030 295 4084 pro
314 4012 423 4067 accedit
441 4013 535 4067 ecdem
553 4012 672 4075 esbibet
689 4011 796 4065 accedit
821 4010 998 4082 eodemque,
1023 4020 1053 4067 et
1076 4014 1176 4084 paullo
1200 4015 1277 4068 infe·

125 4083 188 4136 rius
204 4087 408 4154 popularique
425 4084 523 4152 glorio
546 4099 601 4154 pro
617 4080 750 4153 populari
771 4080 874 4147 gloria.
900 4080 1014 4148 Duisb„
1040 4086 1122 4139 ouius
1151 4086 1277 4155 scriptor

125 4153 294 4231 corrigendi
312 4153 435 4209 libidine
452 4155 586 4224 proxime
603 4154 639 4208 ad
647 4152 736 4208 Reno.
755 4152 876 4220 accedit,
894 4151 980 4208 habet
992 4156 1123 4224 populari
1139 4154 1274 4222 gratia.

123 4222 255 4301 Pargunt
272 4224 348 4280 Gud.
367 4225 393 4282 l.
413 4228 443 4279 et
461 4242 536 4277 unus
555 4224 606 4282 Ox.
626 4223 839 4289 indicaverunt,
858 4223 903 4279 Au
926 4265 932 4277 .
954 4225 1141 4279 indicarunt.
1180 4227 1240 4280 Mr.

195 4297 235 4350 ad
257 4310 340 4366 quom
362 4295 455 4360 fertur
476 4297 596 4364 optimus
619 4292 746 4365 quisque]
789 4295 891 4361 „Bene
936 4313 980 4350 ar.
1009 4295 1196 4350 distinctione
1218 4297 1274 4349 mi·

124 4382 196 4422 nore
221 4366 295 4421 baec
317 4366 554 4421 antecedentibus
580 4365 721 4431 adiunxit.
767 4367 881 4422 lllireris
912 4382 983 4421 vero
1011 4366 1156 4421 neminem
1182 4365 1276 4420 adhuc

124 4438 276 4496 offendisse
302 4438 333 4492 in
357 4452 428 4495 voce
452 4442 589 4509 expetens,
617 4439 703 4495 cuius‘
715 4437 802 4509 plane
820 4438 999 4494 contrariom
1020 4436 1132 4509 requiri
1149 4437 1273 4493 videtur.
