2842 5070
196 317 239 384 ts
398 310 895 378 CICERONIS'TUSOULAN.
916 311 1147 378 DISPUTAT.

198 478 387 568 aegritudo.
436 481 481 542 Et
526 477 781 541 usmadmodnm
815 464 931 542 oculus
957 479 1175 541 conturbatus
1206 496 1274 539 non
1302 487 1352 542 est

198 565 307 647 probs
325 564 462 625 affectus
484 499 527 623 a]
548 581 644 623 suum
665 582 786 623 munus
806 560 1028 645 fungendum
1051 569 1086 622 et
1108 561 1254 642 reliquae
1275 580 1353 642 par·

198 655 248 709 tes
269 653 420 709 totumve
448 664 582 726 corpus,
612 652 702 704 statu
727 664 828 725 quum
857 653 908 706 est
942 653 1081 722 motum,
1117 642 1210 707 deest
1240 643 1352 706 officio

199 748 260 791 suo
281 736 316 789 et
336 729 488 789 muneri:
520 728 570 788 sic
598 727 817 790 conturbatus
846 729 976 787 enimus
1007 746 1073 788 non
1106 735 1157 787 est
1185 736 1282 808 aptus
1311 724 1354 787 ad

160 818 164 825 '
198 809 441 892 exsequendum
463 828 582 869 munus
604 829 710 872 suum.
754 808 881 870 Munus
894 817 1006 870 autem
1027 811 1130 869 animi
1147 817 1207 894 est,
1220 810 1354 870 ratione
1404 825 1413 833 ·

198 892 285 966 lue
306 894 379 966 uti3
413 899 447 952 ct
472 892 630 971 sapientis
659 893 788 952 animus
814 893 861 951 ita
896 910 1028 972 semper
1056 893 1192 954 affectus
1226 900 1287 969 est,
1315 899 1354 952 nt

198 1076 279 1128 Junt.
308 1072 420 1129 stum
440 1073 569 1130 biwalt.
589 1081 624 1127 et
644 1081 727 1126 vetus
754 1072 820 1126 eod.
845 1073 908 1126 Car.
934 1073 1081 1143 Stephani.
1113 1054 1153 1125 *ln
1180 1089 1259 1196 squ.
1284 1073 1350 1127 (iud.

197 1145 287 1204 Rehd.
307 1145 395 1199 habet
412 1144 506 1197 uirum
524 1144 636 1208 tamnu,
653 1143 748 1196 Duisb.
767 1160 905 1212 nunquam
922 1143 1110 1215 aegritudine.
1139 1145 1173 1196 In
1191 1144 1230 1197 (io
1251 1182 1257 1196 .
1279 1143 1351 1219 Aug.

197 1216 310 1290 legitur
327 1223 385 1269 aut
403 1218 549 1283 sopientes,
571 1223 601 1267 et
618 1232 686 1267 snex
704 1231 758 1269 nou
776 1216 895 1281 cadet,
913 1224 947 1267 ut
965 1233 1058 1286 supra.
1095 1216 1156 1269 Mr.

269 1294 295 1340 et
321 1287 545 1354 quemadmodum
580 1288 676 1344 ocutus
706 1285 893 1352 conturbatus]
936 1288 1017 1341 Unus
1041 1287 1091 1340 Ox.
1115 1284 1226 1338 omittit
1250 1288 1351 1340 oculus.

199 1356 272 1411 Gud.
292 1356 377 1410 habet
394 1359 597 1425 perturbatus.
617 1357 651 1408 Η.
672 1356 822 1410 Turnebus
840 1356 962 1410 adhaec
980 1357 1146 1410 Adversarr.
1166 1358 1204 1410 11.
1223 1358 1249 1411 6.
1269 1375 1298 1428 p.
1318 1360 1353 1413 43

198 1446 240 1498 sq.
277 1427 502 1493 „conturbatum
521 1427 571 1491 ait,
591 1429 685 1480 oculus
704 1436 755 1494 est,
776 1427 827 1496 qui
845 1426 901 1479 cali
923 1437 951 1480 at
970 1436 998 1480 et
1017 1428 1161 1480 confusius
1178 1425 1259 1480 videt
1276 1428 1354 1482 labo·

198 1507 300 1569 ratque
319 1499 506 1570 ophthalmia.
544 1496 726 1551 Scribonius:
755 1499 794 1551 ud
812 1446 1033 1553 conturbationes
1051 1505 1077 1552 et
1095 1495 1244 1567 epiphoras
1263 1499 1354 1553 aculo-

197 1584 260 1622 rum
286 1569 346 1624 scio
373 1570 461 1622 multa
483 1569 613 1638 collyrio,
647 1567 700 1620 etsi
725 1570 815 1634 tarde,
850 1584 967 1638 magnos
990 1577 1080 1623 tamen
1107 1570 1220 1636 effectus
1242 1566 1351 1623 tauers.

198 1639 338 1714 lterume‘
360 1638 410 1694 boc
437 1642 558 1712 mpsime
580 1639 668 1707 probo
694 1640 732 1693 ad
755 1645 878 1692 recentes
901 1639 1051 1709 epiphoras
1080 1647 1107 1695 et
1132 1640 1354 1696 conturbationes

198 1712 346 1776 oculorum,
371 1717 543 1778 tumoresque
568 1716 594 1761 et
620 1710 740 1763 dolores.
777 1711 868 1762 Vocat
887 1719 915 1763 et
938 1711 1176 1779 perturbationes.-
1197 1739 1229 1749 -
1258 1712 1353 1782 Colly-

198 1782 274 1836 rium
292 1815 325 1826 -γ
345 1782 384 1835 ad
401 1781 553 1848 caliginem
573 1809 605 1818 -
624 1781 766 1834 oculorum
784 1780 937 1849 siccamque
950 1783 1188 1851 perturbationem
1206 1790 1261 1839 etc.
1285 1785 1353 1856 Proe

196 1852 262 1923 prie
280 1861 378 1907 tamen
397 1860 438 1904 est
453 1852 625 1905 conturbatio
643 1853 739 1905 minor
756 1851 935 1922 ophthahnia
960 1863 989 1907 et
1015 1853 1123 1924 τάραξις
1141 1854 1251 1907 Graece
1269 1870 1353 1909 voca·

196 1922 280 1976 tur.“
315 1926 350 1976 ln
368 1923 435 1977 Cod.
454 1922 528 1999 Aug.
547 1923 659 1996 legitur
675 1923 760 1990 probe
785 1923 951 1988 effectus.
988 1925 1049 1978 Mr.

268 1995 307 2049 ad
323 2010 402 2047 suum
419 2010 520 2047 munus
537 1993 715 2060 fungendum]
752 1992 922 2047 Tenendum
944 1994 1075 2048 adhunc
1093 1996 1352 2062 constructionem,

196 2063 381 2120 eGicerone
404 2064 561 2134 participia
585 2064 702 2133 quidem
729 2064 836 2117 Futuri
859 2066 971 2118 Passiri
1002 2066 1159 2120 verborum
1183 2066 1261 2133 frui,
1298 2067 1352 2134 uti,

195 2136 280 2204 mags·
297 2137 339 2188 ita
355 2135 436 2206 poni,
504 2134 546 2187 asi
564 2129 623 2186 dici
641 2135 733 2205 possit
750 2153 777 2187 v.
798 2152 822 2191 c.
842 2151 938 2188 munus
955 2137 1040 2204 fungi
1048 2158 1057 2188 .·
1083 2154 1138 2190 nec
1163 2154 1234 2192 vero
1253 2137 1353 2193 eadem

195 2206 285 2262 verba
302 2206 394 2261 finita.
421 2206 467 2258 'Vi
490 2222 504 2257 e
524 2204 656 2326 exempla
673 2204 750 2275 apud
769 2204 913 2259 Ochsner:
926 2209 958 2260 in
968 2209 1099 2294 Eclogg.
1120 2207 1179 2261 Cic.
1199 2226 1230 2279 p.
1251 2211 1293 2266 74.
1323 2216 1355 2264 et

180 2277 273 2348 apud
293 2276 432 2352 'Borgers
458 2276 494 2329 ad
519 2276 579 2329 cte.
628 2275 705 2328 arad.
730 2293 758 2344 p.
779 2278 823 2332 4⁰.
859 2277 955 2330 Finiti
981 2278 1063 2332 verbr
1086 2295 1152 2332 cum
1178 2278 1353 2335 Accusativo

219 2347 287 2400 ositi
304 2345 392 2399 habes
412 2346 579 2416 exemplum
598 2347 630 2398 in
649 2346 847 2416 inscriptione
865 2348 941 2419 apud
960 2349 1048 2404 Oreli.
1070 2348 1189 2406 Collect.
1200 2350 1294 2404 inseri
1315 2358 1352 2404 tt.

195 2363 220 2471 f.
239 2435 268 2472 n.
289 2419 366 2473 1613.
385 2434 414 2487 p.
433 2420 501 2473 310:
528 2418 606 2470 DVM
630 2416 690 2469 lvs
715 2417 889 2473 GVBERNO
907 2419 1068 2486 REMQVE
1092 2420 1287 2475 FVNGORG

197 2485 335 2543 SARVM:
354 2487 431 2541 unde
451 2487 534 2541 rides
554 2489 605 2542 suh
626 2487 793 2542 Caesaribus
818 2489 853 2542 ad
877 2508 943 2543 eum
966 2509 1049 2545 usum
1077 2491 1199 2546 rediisse
1223 2492 1352 2560 Latinos,

198 2558 250 2630 qui
268 2566 335 2612 ante
354 2557 526 2612 Ciceronem
546 2558 700 2613 obtinebat.
722 2586 755 2596 -
784 2558 921 2614 Ceterum
938 2578 994 2632 pro
1009 2564 1095 2631 probe
1108 2579 1182 2616 unus
1197 2562 1248 2618 01.
1266 2561 1354 2618 habet

195 2629 325 2706 proprie,
343 2630 421 2683 idem
439 2629 605 2697 fugiendum
623 2645 678 2700 pro
696 2630 875 2698 fungendum.

269 2698 404 2768 totumue]
442 2701 483 2766 „i.
505 2717 529 2754 e.
555 2706 709 2769 totumque
738 2699 840 2785 [eaque
860 2701 991 2771 scriptio,
1009 2711 1044 2755 ut
1061 2704 1237 2771 coniectura,
1257 2713 1302 2761 est
1318 2707 1354 2761 in

195 2769 808 2907 ttftnidtitiiittfitiiaiit
826 2790 842 2825 ³
859 2770 1078 2897 terror
1093 2776 1353 2900 t⁰⁵³t¹¹td⁶⁰²t

196 2897 347 2967 fluctuant
359 2911 488 2980 (indices,
506 2920 541 2965 ut
558 2881 589 2967 si·
600 2911 718 2991 regulas
737 2878 997 2982 dis‘tinb'tionesque
1014 2862 1226 2986 {ossrgsveiisff
1246 2864 1354 3003 mag:

197 2981 238 3036 sit
264 2998 336 3055 opus
361 2984 510 3051 cautione,
533 3001 622 3053 quam
648 2999 709 3036 non
739 2999 855 3055 semper
876 2981 1014 3039 adhibent
1041 2986 1102 3039 viri
1129 2989 1352 3064 grammatici.“

197 3050 285 3110 Orati.
322 3054 385 3109 Hoc
402 3055 468 3110 loco
486 3052 566 3108 nihil
584 3062 627 3108 est
644 3054 804 3108 varietatis.
841 3054 903 3110 Mr.

267 3147 341 3218 statu
359 3160 443 3213 quum
459 3138 502 3198 est
518 3143 631 3210 matum]
662 3139 790 3198 siniam
807 3142 995 3198 emmim
1009 3145 1075 3199 sine
1090 3145 1175 3199 libris
1193 3146 1351 3225 legendum
1385 3148 1387 3152 ’

197 3228 261 3268 esse
278 3233 326 3271 sus
348 3216 487 3269 icebatur.
513 3215 585 3280 „Its
603 3214 695 3269 estin
714 3213 790 3271 run
805 3215 904 3268 tribus
958 3216 966 3229 '
987 3216 1071 3269 rihus
1086 3218 1149 3270 Vnt.
1168 3216 1257 3272 Febr.
1273 3219 1351 3285 Pith.

196 3300 263 3337 nam
282 3285 314 3339 in
358 3285 385 3340 d.
405 3285 532 3340 Victorii
550 3292 580 3339 et
596 3283 705 3339 duobus
723 3285 887 3354 reliquisP
963 3286 1062 3340 statim
1079 3304 1140 3341 cuns
1156 3294 1200 3341 est
1216 3291 1357 3346 nmirum.“

197 3354 336 3410 Gebhard.
380 3356 453 3409 Cum
476 3354 581 3412 ΕΗ.
606 3356 679 3408 facit
702 3355 770 3408 Ros.
797 3351 906 3426 steph.
922 3372 991 3408 cum
1011 3375 1070 3412 uno
1094 3359 1145 3414 Ox.
1171 3367 1202 3413 et
1224 3361 1300 3415 Mon.
1322 3367 1355 3420 1..

196 3425 268 3478 Cum
293 3433 406 3494 aetatu
430 3431 473 3479 est
497 3433 605 3480 motum
627 3425 734 3479 habent
760 3425 834 3482 Edd.
859 3428 929 3480 Van.
954 3435 1045 3482 nostr.
1072 3429 1140 3483 Asc.
1164 3434 1191 3484 l.
1210 3433 1240 3489 2
1264 3434 1352 3489 Junt.

163 3522 165 3526 >
195 3494 320 3551 flwuf.
340 3497 372 3550 A.
393 3495 423 3547 B.
444 3496 471 3549 S.
491 3497 526 3550 Ε.
546 3496 588 3562 0.,
607 3511 625 3548 o
643 3502 723 3549 statu
739 3513 802 3549 cum
820 3501 862 3550 est
880 3503 982 3550 motum
1007 3517 1081 3553 unus
1099 3500 1150 3555 Ox.
1171 3503 1355 3572 etreliqua«

195 3565 271 3621 Edu.
290 3575 357 3622 ante
376 3566 467 3621 Gebh.
491 3565 576 3620 Solus
595 3566 668 3643 Aug.
688 3569 787 3620 statim
805 3582 867 3619 cum
883 3568 923 3621 ds
941 3576 1000 3621 cst
1016 3577 1125 3624 motus.-
1151 3572 1235 3626 vides
1260 3575 1352 3628 vesti·

219 3638 246 3691 ia
264 3657 365 3694 manus
384 3638 583 3702 correctricis,
604 3655 676 3709 quae
695 3655 762 3690 cum
781 3638 872 3691 semel
889 3644 965 3692 statu
983 3649 1126 3694 mutatum
1146 3651 1222 3697 esset
1239 3643 1271 3697 in
1290 3652 1350 3698 sta·

196 3656 259 3773 itm,
278 3709 356 3763 c‘orri
379 3710 443 3763 ebat
473 3709 596 3761 statim
622 3724 683 3760 cum
706 3709 807 3763 deest
833 3713 929 3762 motus.
968 3711 1049 3764 Unus
1069 3713 1119 3765 Ox.
1139 3711 1226 3768 habet
1244 3720 1276 3767 ut
1293 3724 1349 3787 pro

196 3795 265 3832 cum
285 3779 353 3832 cod.
401 3779 473 3831 uish.
492 3780 582 3832 mire:
602 3785 740 3832 statutum
758 3785 800 3833 est
816 3786 924 3832 motus.-
943 3780 1082 3835 videlicet
1099 3782 1187 3836 litera
1205 3801 1221 3837 c
1239 3793 1366 3839 mutata*

196 3849 229 3902 in
248 3855 270 3915 t,
289 3848 365 3920 quod
384 3849 550 3918 saepissime
568 3848 634 3902 fieri
652 3849 684 3900 in
704 3849 791 3903 codd.
811 3857 910 3903 notum
931 3858 989 3903 est:
1014 3853 1174 3906 internosci
1191 3857 1272 3909 enim
1289 3871 1350 3909 non

195 3936 281 4042 potesse
298 3926 450 3989 utramque
468 3918 586 3973 literam
605 3921 646 3973 ait
665 3920 811 3992 scripturi
827 3921 1043 3994 Langobardicai
1061 3922 1213 3992 Scioppius
1232 3928 1268 3980 de
1276 3931 1350 3980 Arte

221 3989 307 4042 ritica
323 4007 352 4058 p.
371 3991 414 4044 44.
432 3989 487 4042 Ed·
506 3992 598 4043 Amst.
620 3993 697 4047 1682.
727 4025 759 4035 -
786 3992 852 4044 Post
878 3989 950 4044 haec
969 3993 1109 4046 scribitur
1133 3995 1228 4061 officio
1254 4004 1351 4052 suaet

195 4060 306 4112 muneri
324 4060 401 4112 deest
419 4060 450 4112 in
468 4060 541 4114 Edd.
561 4061 589 4112 P.
609 4061 643 4118 A.
662 4060 693 4114 B.
714 4061 741 4116 S.
761 4061 795 4118 E.
816 4061 848 4114 C.
876 4063 957 4114 Junt.
983 4066 1053 4117 Ven.
1082 4072 1171 4120 nostr.
1190 4067 1256 4120 Asc.
1278 4072 1302 4122 l.
1321 4071 1349 4125 2.

195 4129 319 4184 HW01i.
357 4131 412 4184 Pro
431 4132 474 4184 sic
492 4131 565 4186 Gud.
585 4137 610 4188 l.
635 4150 652 4184 a
678 4150 722 4202 pr.
743 4151 782 4189 m.
809 4132 845 4195 si,
870 4132 905 4185 ab
924 4132 974 4186 alt.
1003 4134 1055 4188 sic.
1092 4128 1174 4190 'Unus
1194 4138 1244 4191 Ox.
1262 4137 1351 4193 habet

196 4201 431 4269 consequendum.
452 4201 550 4256 Duisb.
570 4205 608 4256 ad
626 4219 705 4256 sarum
723 4210 820 4265 munus
839 4203 1049 4283 assequendum.
1087 4208 1145 4260 Mr.

268 4296 294 4342 et
317 4290 454 4358 sapientis
481 4276 660 4359 animus'assta
684 4309 793 4361 semper
816 4295 930 4360 affectus
955 4292 1007 4358 est]
1045 4293 1112 4347 Cod.
1140 4295 1214 4349 Gud.
1243 4303 1269 4350 et
1287 4312 1348 4366 sap.

197 4359 307 4414 animus
325 4360 370 4414 itu
388 4367 443 4414 est
461 4378 570 4430 semper
588 4365 710 4428 affectus.
737 4366 810 4440 Aug.
832 4363 918 4434 quia
936 4364 1085 4432 sapiens
1110 4366 1153 4419 ito
1176 4384 1286 4436 semper
1304 4369 1350 4432 af-

196 4431 287 4496 fectus
311 4439 362 4488 eet.
407 4433 499 4490 Habes
524 4450 642 4489 manum
675 4434 854 4510 glossatoris.
893 4435 947 4496 Pro
971 4435 1074 4504 optime
1099 4455 1173 4493 unus
1195 4439 1247 4493 Ox.
1270 4440 1348 4494 'bene
