2842 5070
199 319 242 386 91
311 361 313 366 ,
402 319 632 384 CICERONIS
653 318 902 385 TUSCULAN.
924 319 1154 435 DISPUrAT.

201 483 291 566 apud
314 484 508 566 Euripidem
531 506 550 547 a
572 486 704 548 Theseo
736 484 826 548 dicta
851 484 1050 552 laudanturz
1079 487 1161 551 licet
1188 488 1288 562 enim,
1317 497 1357 550 ut

200 587 298 650 saepe
319 570 471 644 iacimus,
493 570 529 627 in
550 569 710 630 Latinum
732 571 791 630 illa
811 579 1032 634 convertere:

127 659 129 662 ’
365 652 450 714 llam
472 654 529 729 qai
550 650 631 712 haec
652 652 765 714 audita
787 673 806 712 a
829 653 925 714 ddcto
946 656 1145 716 meminissem
1167 657 1247 731 viro,

365 730 512 797 Fatdras
532 753 645 795 mecum
669 735 901 797 cdmmeatadar
921 733 1080 798 miserias:

365 813 435 880 Aac
458 815 586 877 mdrtem
610 817 764 894 acerbam,
791 827 848 879 aar
869 819 966 880 exsta
984 816 1130 880 maesta'm
1158 817 1282 899 fugam,

366 895 436 961 Aac
456 898 578 979 semper
598 900 735 981 aliquam
754 900 860 962 molem
881 899 1058 964 meditabar
1077 900 1169 975 mali3

200 1077 391 1132 vehementer
415 1077 571 1131 laudentur
596 1086 624 1130 et
648 1078 682 1130 ad
705 1079 796 1130 vitam
819 1079 1024 1137 instituendam
1055 1080 1241 1132 adducantur.
1286 1081 1358 1133 Tam

200 1149 313 1218 sapiens
333 1150 409 1201 enim
429 1157 471 1200 est
490 1166 590 1202 eorum
608 1148 759 1215 sententia,
782 1158 817 1201 ut
834 1151 940 1203 merito
968 1151 1076 1203 iudicet
1095 1151 1197 1204 Cicero
1216 1152 1282 1203 illos
1300 1153 1359 1204 Eu-

201 1220 328 1289 ripidem
345 1221 499 1290 protulisse
518 1238 553 1272 ex
568 1219 753 1294 Anaxagorae
772 1221 908 1290 opinione
927 1230 955 1273 et
974 1231 1079 1274 mente.
1109 1221 1157 1274 sic
1175 1222 1358 1274 Plutarchus:

201 1293 287 1352 καλῶς
304 1285 359 1359 γὰρ
385 1291 400 1342 ὁ
420 1293 495 1361 παρὰ
520 1295 559 1356 τῴ
583 1287 717 1358 Εὐριπίδῃ
744 1291 846 1356 Θησεὺς
869 1295 1122 1362 παρασκευάζεσθαι
1147 1298 1272 1362 φαίνεται
1291 1293 1361 1360 πρὸς

200 1363 380 1414 τὰτοιαῦτα·
399 1360 505 1422 ἐκεῖνος.
520 1360 574 1432 γάρ
594 1376 691 1430 φησιν·
709 1358 779 1429 Ἐγὼ
798 1361 828 1413 de'
848 1361 886 1426 [v.
907 1363 1019 1432 reliqua
1039 1365 1069 1415 in
1088 1382 1153 1416 ann.
1172 1363 1278 1429 Dav.]“
1296 1363 1362 1429 „Ad

201 1433 325 1485 eundern
343 1434 458 1485 modum
477 1433 589 1484 laudari
602 1432 685 1485 debet
703 1433 755 1484 illa
766 1432 879 1486 Aeneae
899 1433 986 1504 (apud
998 1435 1103 1508 virgil.
1118 1435 1151 1488 L.
1165 1436 1213 1487 vl.
1228 1435 1361 1498 Aeneid.)

201 1504 416 1578 praecogitatio
431 1499 613 1571 futurorum:
635 1537 637 1540 ι

370 1606 404 1618 -
441 1607 475 1618 -
514 1602 547 1614 -
584 1605 617 1617 -
655 1606 688 1617 -
726 1590 782 1627 oon
799 1575 859 1628 alia
878 1576 1015 1641 laborum,

370 1644 505 1712 Ooirgo,
531 1660 601 1697 aava
624 1643 665 1697 mi
682 1645 771 1710 faciae
800 1647 949 1713 inopinave
967 1647 1080 1713 oargite

370 1715 474 1769 Omat'a
490 1713 605 1782 percepi
629 1721 711 1784 alque
730 1717 939 1770 aaimoraecura
956 1724 1021 1770 aare
1035 1716 1169 1787 peregi.“
1187 1718 1297 1772 leode
1310 1720 1359 1774 Oa.

202 1789 297 1840 Locus
316 1797 358 1841 est
376 1786 447 1839 Aen.
462 1787 511 1838 Vl.
526 1789 673 1840 lot-106.
694 1787 734 1838 ibi
752 1804 821 1840 vero
840 1805 917 1840 nunc
935 1796 1015 1841 recte
1033 1789 1146 1862 legitur
1161 1790 1293 1858 praecepi
1310 1806 1363 1860 pro

200 1859 322 1928 percepi.
360 1861 395 1912 In
413 1876 492 1927 seqq.
513 1858 571 1908 fuit
589 1873 656 1908 cum
673 1875 727 1926 pro
746 1857 812 1913 licet
831 1859 1007 1912 coniicerem
1027 1860 1108 1912 liaeo
1139 1861 1201 1914 Mr.

274 1929 353 1982 Licet
372 1930 454 1993 caim,
473 1935 505 1981 al
525 1943 606 1994 saepe
624 1927 766 1994 fadreina]
790 1930 878 1982 Recte
895 1938 994 1983 monet
1008 1930 1103 1983 Ktihn.
1123 1941 1188 1986 ante
1206 1931 1271 1984 licet
1290 1930 1363 1983 caim

201 2009 301 2054 mente
320 2000 512 2071 supplendum
532 2016 605 2059 esse:
639 2017 711 2066 quae
737 2000 768 2052 in
787 1999 911 2052 latinum
938 2017 1099 2053 sermonem
1117 2018 1254 2054 conversa
1272 2002 1313 2052 sic
1333 2020 1361 2054 se

201 2071 323 2127 habent:
345 2072 431 2141 idque
450 2069 612 2144 significari
630 2070 773 2138 particula
793 2070 865 2122 enim
879 2070 938 2144 ,(ut¹
954 2090 987 2122 su
1008 2090 1040 2122 ra
1058 2074 1081 2124 1.
1101 2077 1126 2127 6.
1149 2071 1203 2136 11.)
1230 2090 1302 2140 quae
1321 2072 1362 2124 ita

189 2142 278 2202 >haud
306 2159 373 2194 raro
395 2141 515 2212 ponitur
538 2148 571 2191 ut
598 2139 709 2209 aliquid
733 2140 919 2214 intelligatur
937 2089 1030 2205 modo,
1057 2143 1107 2194 cui
1130 2161 1176 2196 res
1197 2144 1307 2196 ondeat.
1328 2175 1360 2184 -

202 2215 331 2274 Fecimus
350 2211 409 2282 ¹'pro
436 2210 556 2277 sacimas
581 2219 623 2262 est
648 2212 679 2261 in
701 2211 768 2262 Cod.
796 2212 880 2262 Vind.
902 2216 925 2266 1.
953 2212 1026 2264 Edd.
1054 2212 1088 2264 A.
1113 2215 1145 2265 B.
1171 2162 1253 2267 111.
1280 2215 1373 2276 lunt„

203 2283 268 2337 Asc.
291 2289 314 2338 l.
336 2283 361 2334 2.
400 2285 435 2335 ln
462 2281 528 2335 Cod.
555 2280 628 2354 Aug.
656 2289 699 2332 est
717 2296 752 2334 ea
777 2297 830 2349 pro
857 2282 920 2334 illa.
958 2281 1002 2334 Ad
1026 2283 1204 2337 locutionem
1228 2285 1364 2336 convenit

144 2376 146 2379 ·
207 2355 267 2408 Cio.
288 2355 323 2406 de
341 2352 395 2405 Off.
415 2355 452 2406 11.
472 2354 515 2408 24.
535 2351 585 2402 ubi
602 2370 629 2403 v.
651 2349 814 2405 Gernhard.
836 2370 863 2422 p.
884 2355 945 2408 2⁷1.
982 2353 1042 2406 Mr.

278 2443 352 2495 Nam
372 2441 421 2512 qai
438 2439 505 2492 laec
523 2439 620 2493 audita
639 2439 706 2506 etc]
726 2440 791 2493 cod.
807 2440 852 2495 Au
875 2479 881 2492 .
903 2441 951 2510 qai
968 2439 1035 2496 hoc.
1073 2442 1180 2494 Laudat
1189 2443 1241 2494 hos
1256 2461 1363 2507 versus,

207 2523 241 2566 ut
259 2513 362 2583 probet
381 2510 558 2565 Ciceronemv
579 2512 610 2561 in
634 2511 808 2581 carminibus
833 2459 995 2582 plurimum
1022 2513 1155 2577 valuisse,
1180 2516 1307 2565 Maranta
1334 2515 1364 2565 in

205 2583 386 2637 Lucullianis
405 2582 623 2649 Quaestionibus
641 2583 695 2634 111.
714 2586 742 2651 p.
759 2584 820 2637 231.
839 2592 868 2634 et
884 2582 1018 2634 Schottus
1037 2584 1163 2635 Nodorr.
1186 2584 1244 2635 Cic.
1263 2587 1299 2638 11.
1321 2587 1363 2640 15.

201 2674 230 2725 p.
263 2657 323 2710 331.
365 2655 432 2706 Non
460 2653 569 2723 optime
600 2653 727 2723 explicat
753 2653 822 2704 Bill.
847 2653 936 2705 verba
958 2652 1026 2704 haec
1053 2654 1150 2706 audita
1176 2655 1272 2707 verbis
1299 2655 1366 2707 laec

199 2730 359 2796 praecepta.
396 2724 442 2777 Ad
460 2723 632 2776 sententiam
652 2722 800 2792 commode
818 2726 932 2777 confert
946 2724 1092 2780 FAWolf.
1113 2725 1145 2776 in
1160 2725 1265 2778 scholis
1277 2725 1299 2789 i.
1320 2731 1362 2780 67.

203 2798 290 2861 infra,
311 2797 341 2850 C.
353 2799 396 2851 28.
417 2795 556 2847 ubi'item
575 2795 714 2867 leguntur
731 2810 831 2845 versus
842 2795 995 2864 Euripidei
1013 2795 1149 2848 aGaleno
1166 2799 1279 2850 servati.
1302 2798 1362 2850 Mr.

275 2867 348 2920 Nam
367 2869 415 2935 pai
433 2863 499 2918 laec
517 2865 630 2930 audita]
655 2864 806 2933 Euripidis
824 2865 911 2918 verba
928 2865 1068 2940 leguntur
1086 2867 1161 2936 apud
1177 2867 1364 2920 Plutarchum

202 2938 285 3000 Cone.
305 2939 340 2990 ad
357 2937 494 3007 Apollon.
523 2955 588 3010 pag.
611 2939 670 2991 112.
707 2934 744 2988 D.

366 3005 438 3076 Ἐγὼ
462 3007 593 3060 δὲταῦτα
612 3007 689 3074 παρὰ
715 3010 807 3077 σοφοῦ
825 3025 897 3066 τινος
914 3011 1014 3071 μαθών

370 3080 421 3139 Εἰς
446 3077 598 3148 aporridac
620 3082 691 3130 ναῦν
714 3079 860 3148 συμφοράς
885 3079 908 3128 r’
928 3075 1088 3147 ἰβαλλόμην,

286 3206 289 3210 ,
368 3148 460 3216 Φυγάς
479 3145 500 3202 τ’
521 3146 630 3215 ἐμαυτῷ
647 3153 801 3216 apostasia
818 3142 919 3218 πάτρας
937 3152 1012 3216 ἐμῆς,
1033 3148 1115 3211 [Dav.
1134 3147 1238 3220 πάτρης
1255 3143 1335 3216 ἐμᾶς]

374 3218 518 3281 Ourdaous
535 3216 557 3270 τ’
578 3217 685 3288 ἀώρους
707 3219 755 3272 καὶ
779 3224 867 3272 κακῶν
885 3219 964 3277 ἄλλας
984 3219 1082 3281 ὁδούς·

364 3293 415 3356 Ἵν,
435 3295 462 3343 εἴ
476 3311 503 3343 τι
520 3288 667 3359 adapta,
693 3282 733 3342 ὧν
758 3287 892 3356 ἐδόξαζον
911 3296 1003 3360 φρενί,

368 3361 417 3428 Μή
434 3379 485 3431 μοι
508 3363 608 3429 νεαρὸν
631 3360 787 3430 προςνιεσὸν
803 3364 908 3429 μᾶλλον
933 3360 1013 3428 δάκῃ.

203 3434 327 3487 Eosdem
345 3451 454 3495 versus,
479 3431 610 3500 pauculis
629 3432 757 3496 mutatis,
784 3431 901 3484 exhibet
920 3432 1045 3486 Galenus
1069 3432 1120 3488 lib.
1140 3433 1188 3484 IV.
1209 3432 1243 3484 de
1262 3432 1363 3508 Dogm.

205 3506 292 3576 Hipp.
312 3512 342 3557 et
359 3503 430 3574 Plat.
450 3517 510 3570 cap.
532 3502 594 3556 v11.
614 3501 695 3552 Tam.
715 3503 749 3552 V.
769 3519 833 3578 pag.
857 3506 916 3559 151.
937 3503 979 3554 ed.
1000 3501 1130 3555 Charter.
1168 3492 1213 3554 DJ

277 3595 406 3647 Καίνιναν
429 3606 533 3641 mecum
559 3591 760 3658 commentabar
784 3591 930 3658 micenae]
960 3593 1041 3645 Unus
1066 3592 1115 3644 Ox.
1135 3592 1362 3646 'commentabar

202 3666 285 3718 Alius
305 3669 422 3717 moriem
440 3663 603 3714 arcebam.
641 3661 720 3726 Quod
739 3663 871 3731 sequitur
895 3669 944 3714 aa!
966 3663 998 3712 in
1016 3662 1083 3715 Cod.
1104 3662 1176 3716 Gud.
1199 3668 1222 3718 1.
1248 3664 1364 3729 nonnisi

202 3755 219 3789 a
236 3740 263 3792 2.
283 3752 370 3786 manu
389 3732 526 3783 additum.
564 3733 648 3785 Idem·
662 3731 748 3784 habet
766 3739 905 3785 maesiam.
932 3733 992 3786 Mr.

272 3813 391 3856 mortem
416 3801 561 3866 acerbam]
600 3801 759 3867 ,βαναυους
782 3802 897 3873 ἀώρους.
935 3803 1026 3856 Scolii
1051 3813 1153 3858 auctor
1176 3806 1252 3874 apud
1274 3805 1364 3859 Athe-

201 3893 307 3929 naeum
324 3876 383 3926 XV.
404 3876 447 3928 50.
473 3875 581 3945 pala.
607 3893 635 3925 n.
658 3878 686 3928 1:

368 3945 432 4014 ἄτερ
459 3943 565 4012 ἅλγεων
588 3948 634 3997 να1
658 3944 780 3998 στάσεων

439 4020 484 4068 καὶ
502 4015 634 4068 θανάτων
652 4010 760 4084 ἀώρων.
1165 4060 1168 4066 ,

164 4083 166 4087 ’
200 4088 252 4140 ubi
280 4087 469 4139 consulendus
502 4099 637 4162 magnus
652 4086 805 4155 interpres.
861 4084 941 4138 Addo
970 4086 1132 4157 Alciphron
1164 4089 1186 4140 l.
1203 4089 1262 4145 ’35.
1293 4088 1365 4142 lin.“

200 4156 314 4213 Sclrrclr.
349 4158 416 4210 Cod.
439 4161 515 4211 Mon.
536 4161 561 4212 2.
581 4158 667 4208 habet
689 4157 787 4223 fagani
805 4164 946 4208 maestam.
986 4157 1029 4209 Ad
1055 4158 1139 4211 exilii
1164 4160 1271 4226 sagara,
1300 4161 1318 4210 i.
1339 4177 1363 4214 e.

201 4230 332 4293 exilium,
356 4231 470 4282 confert
489 4228 668 4284 FAWolfius
687 4227 718 4277 in
736 4226 844 4279 scholis
865 4229 1023 4302 Virgilium
1042 4229 1105 4280 Ecl.
1126 4231 1148 4282 1.
1169 4234 1200 4284 4:
1237 4231 1296 4282 Noa
1311 4247 1364 4298 pa-

199 4301 287 4354 triam
306 4301 446 4367 fugimus:
476 4300 535 4353 Mr.
828 4338 836 4350 .

271 4372 408 4440 aliquam]
428 4372 474 4438 „i.
495 4388 519 4422 e.
540 4369 626 4422 aliam
645 4368 799 4436 aliquam.“
818 4370 960 4435 FAWolf.
981 4371 1012 4421 in
1030 4371 1146 4423 scholis:
1167 4371 1293 4440 adquae
1314 4372 1361 4424 On

199 4479 219 4509 ‚,
228 4443 282 4510 lta,
301 4445 351 4510 ait,
371 4443 419 4497 vel
437 4442 534 4512 potius
554 4440 636 4510 quasi
655 4439 765 4494 dictum
782 4441 820 4495 sit
834 4441 911 4496 alias
929 4441 994 4512 qaia
1011 4458 1068 4496 vox
1086 4441 1193 4510 aliquis
1211 4443 1278 4499 indo
1296 4459 1363 4497 con·
1394 4467 1396 4474 v
