2842 5070
231 331 276 394 24
429 322 660 388 CICERONIS
681 320 930 389 wscoturt.
954 321 1184 389 DISPUTAT.

231 490 356 579 possiti
388 511 489 576 quum
510 491 616 572 ipsam
639 487 837 550 medicinam
862 491 1016 570 corporis
1038 491 1170 551 animus
1198 486 1384 553 invenerit:

231 594 396 662 quumque
416 572 458 636 ad
477 592 659 656 corporum
681 574 885 634 sanationem
908 573 1049 634 multum
1082 575 1152 654 ipsa
1180 591 1324 653 corpora
1349 583 1385 636 et

229 668 351 722 natura
372 657 492 732 valeat,
513 674 574 718 uec
596 674 720 730 omnes,
744 656 802 734 qui
824 656 938 715 curari
957 674 992 715 se
1014 657 1100 737 passi
1112 662 1201 732 suut,
1222 657 1385 719 continuo

230 740 606 811 etiamconvalescant3
638 738 740 798 animi
762 744 883 812 autem,
919 738 1032 818 quise
1057 739 1169 797 sanari
1197 738 1384 815 voluerint,
1415 784 1420 788 -

227 824 479 908 praeceptisque
512 821 711 900 sapientium
741 820 935 899 paruerint,
973 820 1044 880 sine
1073 821 1139 879 ulla
1174 817 1385 885 dubitatione

178 903 406 978 astruentur!
449 903 507 964 Ilst
531 905 683 984 profecto
711 903 813 963 animi
835 900 1011 978 medicina,
1041 899 1266 984 philosophia:
1289 905 1385 966 cuius

225 1111 289 1148 rem
307 1088 472 1152 Kiihnerus,
491 1092 521 1139 ot
539 1086 735 1157 interpretans
754 1089 898 1156 quomodo,
918 1084 968 1148 ὡςε
995 1086 1044 1142 sed
1070 1088 1114 1142 bis
1134 1089 1246 1143 erravit
1264 1089 1296 1142 in
1319 1089 1384 1144 lau·

226 1164 317 1218 danda
334 1159 483 1216 Wunderi
510 1157 688 1222 recensione,
716 1175 801 1228 quem
821 1157 1003 1233 Wagnerum
1028 1160 1194 1230 appellavit.
1231 1162 1291 1214 Mr.

224 1232 490 1360 Eddqrqqqmgpsqm
497 1224 686 1351 Mmeqqim'lqtqqn
708 1228 1159 1355 qqrpqriaAaoiqmsJinqenegittlh
1177 1232 1232 1356 Esq.
1251 1232 1287 1285 A.
1306 1231 1380 1356 ἱρέα.

293 1339 592 1361 ,....
676 1316 1168 1359 .e.sc..un.o.
1229 1319 1380 1356 urmr.

226 1377 310 1431 Fabr.
330 1370 495 1427 Ald.Bou1.
515 1367 601 1422 Leod.
621 1367 701 1440 Sylb.
720 1318 889 1439 Badtftpse.
909 1371 982 1424 Edd.
1002 1371 1066 1425 Asc.
1086 1378 1111 1429 l.
1131 1371 1240 1426 Sturm.
1256 1373 1380 1428 llWolf.

226 1455 254 1502 et
273 1448 374 1516 ipsam.
412 1441 494 1495 Libri
517 1437 596 1494 MSS.
623 1456 682 1493 non
709 1443 832 1494 variant.
870 1441 992 1495 Animus
1016 1441 1095 1496 abest
1119 1463 1135 1496 a
1154 1444 1222 1498 cod.
1245 1445 1331 1501 Viud.
1353 1449 1379 1501 l.

228 1517 308 1584 Quod
326 1532 392 1568 cum
412 1513 509 1565 abasse
527 1509 648 1564 vidisset
666 1512 755 1564 etiam
775 1514 804 1564 in
824 1529 881 1566 uno
900 1514 981 1566 leid.
1000 1513 1185 1576 Bouhierius,
1209 1532 1382 1585 supervaca-

226 1607 314 1642 neum
335 1583 498 1654 iudicavita
520 1585 825 1652 quamquamlatetur
845 1584 985 1637 eiusmodi
1004 1585 1227 1655 repetitionibus
1252 1587 1381 1640 eiusdem

226 1656 400 1715 substantivi
419 1653 495 1719 [cum
514 1650 597 1706 modo
616 1654 808 1722 praecesserit
827 1655 934 1707 mederi
958 1648 1095 1710 animus
1119 1674 1170 1710 ooo
1193 1659 1296 1727 possit]
1322 1676 1381 1713 non

166 1786 168 1790 ,
226 1731 384 1790 abstinere,
412 1723 527 1776 laudato
545 1722 707 1792 Wopkens.
735 1725 827 1778 lrectt.
847 1723 925 1776 Tull.
946 1726 969 1791 l,
990 1729 1031 1782 13.
1061 1759 1108 1773 -.
1130 1728 1184 1781 Pro
1210 1731 1381 1786 sanationem

226 1801 312 1854 Verb.
331 1798 363 1850 in
383 1813 474 1869 mag.
494 1810 531 1846 ex
549 1791 605 1846 tls.
627 1795 725 1848 nescio
745 1811 801 1864 quo
819 1796 972 1849 sanitatem
991 1798 1129 1851 enotavit.
1167 1801 1227 1852 Mr.

296 1888 361 1955 ipso
384 1900 502 1951 corporo
524 1889 551 1936 et
576 1891 678 1937 notura
700 1884 846 1950 voleat]
889 1885 934 1937 lta
959 1894 1039 1939 recte
1056 1886 1091 1939 ad
1115 1888 1277 1942 subiectum
1295 1909 1380 1961 prae·

223 1960 356 2023 stantius,
383 1962 493 2020 amoro,
519 1969 575 2019 quo
595 1969 715 2022 corporo
735 1955 931 2019 continentur,
951 1958 1154 2011 accomodatur
1177 1959 1306 2014 verbum.
1344 1964 1380 2018 ld

223 2039 321 2083 tamen
339 2029 402 2080 nou⁴
416 2025 558 2089 tulerunt,
578 2026 629 2093 qui
648 2033 841 2077 correxerunt
858 2027 977 2091 valeant,
997 2027 1053 2081 duo
1073 2029 1142 2082 Oxx.
1163 2030 1283 2086 Vind.'l.
1302 2035 1377 2112 Aug.

222 2100 321 2154 Duisb.
340 2096 414 2151 Edd.
436 2094 467 2147 O.
485 2096 518 2146 V.
539 2096 576 2146 Μ.
596 2093 665 2159 Asc.¹
681 2097 706 2149 2.
727 2095 796 2150 Rob.
816 2095 915 2166 Steph.
936 2097 1002 2150 Ald.
1023 2098 1112 2152 Gebh.
1125 2100 1201 2154 Oliv.
1216 2102 1291 2156 tall.
1303 2106 1376 2158 Ern.

223 2171 307 2227 Scbz.
327 2168 409 2222 Koel.
429 2165 520 2218 Nobb.
545 2164 626 2217 Dicit
645 2165 691 2217 Or.
710 2165 818 2218 habere
837 2167 947 2220 valeant
971 2170 1057 2222 ctiam
1078 2168 1215 2224 Codicem
1240 2172 1301 2226 001.
1322 2175 1379 2230 Sed

222 2243 279 2296 hoc
305 2259 341 2294 cx
365 2243 461 2292 annot.
486 2235 535 2288 Fr.
554 2235 683 2288 Fabricii
708 2252 767 2288 non
792 2245 873 2291 certo
898 2246 993 2308 potest
1019 2239 1129 2316 colligi.
1167 2243 1228 2296 Nos
1253 2247 1378 2315 optimos

222 2312 314 2366 libros
334 2307 485 2378 sequimur
503 2323 568 2358 cum
587 2306 718 2375 reliquis.
755 2307 851 2360 Placet
870 2326 1007 2362 numeros
1028 2312 1072 2363 sin
1097 2312 1185 2364 ularis
1205 2315 1292 2367 etiam
1303 2318 1378 2373 Goe-

223 2375 785 2448 renzioaacichoaud.11.1.3.·p.
810 2383 851 2431 to.
878 2410 912 2421 -
948 2380 983 2432 ln
1005 2383 1147 2451 proximis
1170 2383 1259 2438 Oodd.
1283 2386 1376 2442 Rehd.

222 2452 322 2506 Duisb.
348 2448 421 2502 Edd.
449 2446 531 2500 Junt.
560 2447 592 2501 A.
612 2448 642 2498 Β.
664 2447 691 2503 S.
704 2447 744 2513 E.
765 2451 801 2500 Μ.
823 2451 852 2502 b.
881 2457 910 2502 et
933 2460 1056 2505 nostrae.
1072 2469 1172 2507 omncs
1198 2464 1265 2509 ante
1284 2458 1374 2512 Gebh.

223 2523 331 2576 habent
350 2518 512 2574 recurari:
533 2518 623 2572 Codd.
642 2518 748 2588 optimi
767 2519 846 2589 iique
864 2520 988 2590 plurimi
1007 2539 1066 2576 non
1078 2524 1157 2576 item.
1179 2528 1244 2578 Mox
1253 2528 1338 2582 Vind.
1352 2536 1375 2586 1.

224 2612 301 2650 unus
320 2591 370 2648 Ox.
392 2599 421 2644 et
434 2589 514 2714 §qud
536 2595 560 2645 1.
579 2589 799 2643 convalescunt.
837 2591 982 2645 Posterior
1000 2609 1070 2648 vero
1089 2611 1176 2664 aupra
1197 2594 1306 2651 lineam
1325 2599 1378 2654 ha·

222 2667 272 2719 bet
291 2669 397 2715 -coot
469 2677 493 2712 r.

294 2752 349 2808 oui
366 2768 395 2803 se
421 2747 523 2804 sonori
549 2748 697 2817 volueriut]
734 2750 895 2805 Secundam
923 2752 1057 2805 voculam
1083 2755 1281 2822 praetermisit
1301 2757 1378 2813 Geb-

222 2824 345 2888 hardus3
364 2821 526 2945 {intortum
546 2827 669 2874 secutus.
707 2822 780 2874 Eam
799 2838 851 2876 nos
869 2823 927 2876 fide
946 2825 1099 2876 Msstorum
1118 2827 1307 2881 revocandam
1326 2831 1379 2884 du-

222 2911 328 2948 ΧΙΙΠῊ.
395 2929 402 2942 ·

295 2963 345 3034 qui
364 2978 394 3016 ae
412 2961 512 3015 canori
529 2962 687 3031 voluerint]
724 2964 767 3016 Ad
787 2967 960 3019 sententiam
980 2970 1098 3022 confert
1120 2969 1272 3023 admodum
1297 2989 1376 3027 com·

223 3036 309 3089 mode
327 3034 417 3087 Leod.
433 3032 586 3086 Horatium
605 3034 700 3103 Epist.
721 3035 744 3086 1.
768 3040 792 3091 l.
811 3039 888 3091 33-
900 3041 951 3092 4⁰:
979 3038 1014 3091 ad
1033 3056 1119 3108 quem
1137 3041 1253 3094 Horatii
1278 3043 1376 3098 locum

223 3124 281 3160 non
306 3105 403 3156 :ninus
429 3104 642 3157 accommodate
669 3105 786 3158 adhibet
807 3106 963 3161 Lambinus
989 3109 1093 3180 Eurip.
1121 3111 1239 3181 Hippol.
1260 3117 1310 3170 491
1332 3133 1373 3186 sq.

222 3179 266 3233 Ad
285 3176 531 3230 constructionem
555 3192 583 3229 v.
610 3193 682 3244 quac
700 3176 786 3229 modo
806 3177 933 3232 diximus
955 3181 990 3233 ad
1008 3197 1070 3248 pre.
1090 3180 1112 3245 §.
1133 3185 1158 3236 4.
1197 3181 1272 3236 Sunt
1295 3202 1375 3252 vero,

223 3249 275 3320 qui
292 3247 324 3300 h.
338 3247 365 3299 ·l.
386 3247 523 3298 omittant
542 3260 588 3297 ae:
608 3255 732 3314 quatuor
750 3247 819 3300 on.
839 3250 925 3302 Vind.
947 3254 969 3303 l.
990 3253 1016 3305 2.
1035 3250 1133 3304 Duisb.
1160 3253 1232 3306 Edd.
1251 3257 1284 3306 V.
1304 3257 1373 3311 Rob.

223 3316 321 3389 steph.
342 3316 465 3372 HWolf.
485 3314 578 3369 Gebh.
597 3316 681 3370 Verb.
701 3318 772 3370 Ern.
792 3320 865 3372 Lali.
887 3321 960 3374 oliv.
987 3321 1104 3390 Reliqui
1122 3330 1245 3376 tuentur
1264 3342 1372 3382 omnes.

222 3394 279 3443 Pro
296 3385 434 3440 voluerint
454 3397 497 3440 est
514 3386 659 3440 voluerunt
677 3388 708 3439 in
727 3398 851 3459 quatuor
869 3390 938 3444 Oxx.
958 3389 1044 3445 Vind.
1064 3397 1090 3448 2.
1110 3394 1186 3446 Mon.
1208 3396 1324 3452 1.Edd.
1345 3400 1373 3452 P.

222 3462 256 3515 A.
275 3460 305 3511 Β.
324 3458 395 3511 Ven.
415 3465 506 3510 nostr.
537 3457 572 3509 ln
596 3455 664 3509 God.
685 3458 722 3510 G.
749 3461 903 3514 scribitur:
928 3461 975 3528 qui
997 3478 1027 3515 ae
1053 3467 1182 3519 curari
1200 3471 1301 3522 sonori
1327 3484 1375 3524 oo·

223 3532 341 3586 luerint:
371 3528 479 3581 erroris
501 3543 585 3580 causa
610 3529 772 3585 manifesta.
818 3530 892 3583 Tum
917 3531 985 3585 God.
1010 3535 1084 3590 Mon.
1106 3541 1129 3588 l.
1161 3538 1375 3607 praecepisset

223 3602 390 3672 sapientium
415 3603 620 3668 paruerunt.
653 3599 740 3653 Marb.
768 3600 854 3655 habet
879 3604 1059 3672 sapientum.
1097 3605 1167 3657 Oxx.
1194 3617 1319 3678 quatuor
1344 3617 1375 3664 et

222 3673 307 3725 Vind·
327 3674 353 3725 2.
373 3671 499 3792 utstlplon.
521 3672 545 3724 1.
561 3678 747 3739 paruerunt.
785 3672 821 3723 ln
842 3673 900 3727 fine
917 3675 1033 3742 periodi
1058 3685 1183 3745 quatuor
1206 3679 1277 3735 Oxx.
1297 3680 1372 3757 Aug.

223 3749 368 3796 nouantur.
441 3756 466 3791 r.

294 3817 444 3865 sanantur:
474 3817 515 3863 eat
536 3813 662 3879 profecto
681 3815 830 3878 —zcuiua
855 3812 1000 3880 auxilium,
1021 3833 1083 3870 nec
1107 3826 1136 3870 ut
1154 3821 1185 3872 iu
1206 3840 1255 3874 -ι
1282 3823 1373 3877 omni-

222 3885 341 3951 busque
359 3880 458 3949 opitu:
474 3880 583 3935 uulua
615 3899 652 3935 oe
671 3883 738 3950 etc]
775 3886 868 3948 „Post
886 3892 1018 3938 sanentur
1035 3887 1171 3957 plerique
1195 3891 1305 3945 finiunt
1321 3911 1373 3964 pe·

222 3951 337 4005 riodum
363 3959 392 4004 et
410 3964 464 4020 pro
490 3967 539 4003 uec
556 3899 663 4006 habent
681 3969 744 4018 oon,
772 3957 850 4007 etin
877 3956 1001 4010 omnibus
1019 3959 1160 4011 omittunt
1179 3977 1243 4027 que:
1267 3980 1373 4034 perpe-

223 4039 294 4086 ram,
314 4021 373 4074 nisi
390 4019 495 4074 fallor:
514 4039 601 4092 quem
619 4023 716 4076 locum
734 4025 824 4077 variis
844 4025 989 4081 codicibus
1008 4030 1087 4082 inter
1107 4047 1137 4083 se
1155 4032 1272 4086 collatis
1290 4035 1372 4088 adiu-

223 4102 270 4146 tus
299 4093 342 4144 sic
365 4090 521 4164 legendum
553 4109 671 4148 censeo:
710 4098 771 4149 sine
790 4127 822 4137 -
843 4105 987 4151 sonentur:
1025 4099 1085 4165 (hic
1111 4101 1216 4153 finitur
1241 4106 1372 4172 πρότασις

222 4162 351 4235 periodi:
371 4162 507 4243 sequitur
524 4160 673 4232 ἀπόδοσις)
701 4173 741 4218 ert
757 4168 882 4233 profecto
901 4169 988 4224 animi
1012 4171 1152 4224 medicine
1177 4170 1371 4242 philosophie:

222 4237 300 4289 cuins
327 4234 476 4314 cortitum,
503 4249 564 4288 nec
585 4241 666 4288 ut-
685 4236 799 4299 morbis,
821 4240 968 4307 petendum
993 4250 1034 4294 ert
1060 4242 1149 4305 foria:
1183 4244 1371 4317 omnibusque

221 4305 319 4375 opibus
336 4303 494 4372 oirabuaqu
504 4319 527 4369 e,
547 4311 577 4357 ot
598 4306 763 4376 nosutetipai
773 4337 804 4346 -
816 4315 865 4361 est.
888 4311 1051 4365 Particulaa
1065 4328 1114 4364 nec
1129 4320 1157 4366 ct
1176 4330 1227 4382 poe
1242 4315 1323 4370 inter
1340 4336 1370 4374 se

221 4373 393 4430 cohaerent:
413 4381 442 4428 et
460 4373 610 4429 declarant
625 4380 859 4455 praerogativam
869 4389 897 4434 et
906 4383 1079 4435 facilitatem
1088 4382 1369 4443 medictnoeooimt':

220 4447 255 4525 de
274 4463 330 4526 qua
347 4453 504 4505 teneantur
521 4455 550 4502 et
568 4444 622 4502 bae
640 4449 819 4506 Graecorum
838 4453 1012 4508 sententiae:
1030 4457 1126 4522 ψυχῆς
1144 4455 1277 4523 νοσούσης
1295 4456 1371 4515 ἔστιν
