2842 5070
203 293 267 368 208
340 366 342 373 Ι
402 285 634 356 CICERONIS
655 287 900 354 TUSCULAN.
920 286 1177 353 DISPUTAT.·

98 529 107 541 .
205 456 374 538 pulerunt.
417 456 550 538 Exque
572 455 787 543 intelligitur,
819 474 888 517 non
911 456 1106 533 inmatura,
1136 452 1256 535 sedin
1284 457 1354 536 opi-

206 541 306 600 nione
331 556 401 599 esse
423 537 678 624 aegritudinem.
806 587 809 592 .
1116 536 1118 540 ⁴
1347 572 1350 582 ·

101 622 104 626 ’
141 619 207 685 29..
287 618 413 681 Contra
433 619 592 681 dicuntur
613 621 703 683 haec.
746 618 827 682 (iuis
848 627 917 680 tarn
930 617 1075 696 demens,
1096 624 1136 679 ut
1155 618 1356 692 suavolun·

205 709 274 764 tate
295 699 460 767 maereat?
491 710 613 763 natura
633 699 924 766 affertdoloremt
960 702 1024 762 cui·
1044 697 1176 782 quidem
1197 699 1355 778 Crantor,

207 820 1343 843 w&-

204 874 269 934 Ald.
288 875 370 928 Boul.
388 876 474 930 Leod.
494 875 601 930 Sturm.
622 875 685 928 Car.
705 873 804 945 Steph.
823 874 902 925 Brut.
925 874 1004 944 sylb.
1041 873 1133 926 Iidem
1152 875 1228 926 male
1249 874 1355 927 habent

205 945 231 999 δι’
247 963 301 1017 pro
326 943 357 999 lu'
380 963 447 998 eum
468 946 540 999 Edd.
567 948 637 1001 Ven.
663 953 752 1017 nostr.
781 943 844 996 Asc.
866 949 889 999 1.
909 948 935 1000 2.
960 947 1042 997 Junt.
1066 946 1095 995 P.
1115 943 1148 995 A.
1167 946 1198 1000 B.
1219 945 1247 998 S.
1268 946 1298 998 C.
1319 947 1352 1009 V,

205 1017 273 1069 Rob.
293 1016 392 1086 Steph.
418 1017 509 1070 Gebh.
528 1019 609 1080 Ern.,
635 1017 699 1082 (uec
717 1031 787 1067 vero
806 1016 907 1067 omisso
931 1016 993 1080 ida)
1020 1032 1087 1066 cum
1114 1015 1216 1083 quibus
1243 1016 1355 1069 faciunt

53 1140 57 1153 .
98 1103 100 1108 ·
205 1085 293 1140 Codd.
313 1087 382 1139 Pall.
401 1103 523 1157 prsec.
544 1094 637 1156 quart.
657 1087 720 1138 Vat.
760 1086 851 1137 lllulto
870 1086 980 1156 saepius
999 1086 1031 1137 in
1049 1085 1224 1138 contrariam
1240 1095 1354 1156 partem

204 1166 350 1227 peccatur,
377 1166 410 1209 ut
436 1157 579 1210 scribatur
602 1155 632 1210 tu·
657 1172 711 1226 pro
739 1154 771 1209 ἐπ’.
810 1155 862 1207 Hit
886 1164 929 1208 est
956 1157 987 1207 in
1006 1155 1079 1209 Gud.
1103 1156 1200 1207 Duisb.
1228 1165 1256 1208 et
1279 1155 1351 1231 Aug.

205 1228 363 1280 Nobiscum
394 1229 507 1280 faciunt
541 1227 644 1298 optimi
674 1226 759 1280 Codd.
797 1227 925 1296 itemque
958 1225 1029 1278 Edd.
1058 1227 1092 1278 E.
1124 1227 1245 1280 llWolf.
1282 1226 1351 1282 Dav.

205 1297 350 1352 FAWoli.
382 1297 466 1351 Schz.
504 1297 559 1363 Qui
584 1297 737 1349 eiiciebant
756 1296 805 1361 id„
838 1296 1055 1351 offendebantur
1079 1296 1140 1348 eius
1164 1297 1352 1366 repetitione3

206 1385 274 1422 cum
291 1368 391 1438 paullo
409 1376 474 1420 ante
492 1367 678 1438 praecesserit
696 1369 775 1434 Ergo
793 1367 835 1420 t'd.
872 1366 928 1420 Sed
946 1367 1018 1420 solet
1037 1367 1078 1417 ita
1102 1366 1184 1435 loqui
1203 1368 1304 1420 Cicero
1324 1373 1353 1421 et

206 1455 267 1508 cap.
287 1456 345 1508 seq.
375 1447 418 1491 est
436 1437 533 1496 Oileue
559 1438 627 1492 tlte
646 1469 678 1480 -
698 1439 731 1492 ir
748 1453 811 1490 cum
829 1469 871 1488 -.
908 1440 989 1491 Unus
1007 1437 1057 1489 Ox.
1087 1438 1198 1490 ornittit
1225 1437 1354 1505 negritu-

18 1528 24 1541 ’
84 1502 92 1511 ”
143 1501 156 1570 s
207 1509 308 1562 dinem.
346 1509 456 1562 Habent
475 1510 547 1564 Gud.
569 1513 594 1563 1.
623 1517 652 1561 et
670 1511 745 1561 Mon.
767 1513 791 1563 1.
816 1508 1022 1577 reppulerunt.
1060 1508 1162 1561 Verba·
1177 1524 1210 1560 ex
1237 1526 1289 1578 quo
1308 1527 1354 1560 us-

207 1597 263 1649 qne
290 1580 324 1631 ad
350 1596 410 1633 esee
434 1577 644 1647 aegritudinem
669 1579 838 1632 exciderunt
866 1576 1089 1631 incanuerit.
1118 1579 1153 1630 ln
1172 1578 1246 1631 Gud.
1266 1582 1291 1633 2.
1312 1585 1354 1632 est
1401 1581 1408 1589 ‘

206 1649 345 1719 intelligi3
372 1651 404 1702 in
410 1650 503 1774 ἠως.
530 1665 584 1703 uon
612 1649 732 1720 ponitur
754 1658 819 1703 ante
842 1648 1026 1717 intelligitur.
1064 1650 1128 1702 Post
1153 1649 1205 1702 red
1231 1648 1305 1702 Gud.
1326 1653 1352 1706 2.
1381 1698 1382 1701 ,

206 1720 317 1774 omittit
334 1723 372 1776 iu.
446 1737 471 1773 r.
824 1740 826 1743 ¹
1109 1751 1111 1763 ι
1198 1726 1201 1732 ’

117 1794 126 1807 “
277 1807 301 1846 c.
320 1787 492 1847 reconna
510 1788 743 1857 dicuutur'ltuec.]
778 1790 849 1843 Dav.
870 1789 901 1842 in
918 1790 971 1843 Ed.
990 1791 1016 1844 3.
1042 1789 1114 1842 haee
1139 1789 1226 1841 verba
1245 1789 1354 1842 incom-

107 1881 108 1885 ’
206 1861 290 1914 mode
309 1878 368 1930 cap.
389 1861 570 1915 antecedenti
588 1861 728 1914 adiunxit.
765 1862 801 1913 ln
817 1861 870 1914 Ed.
891 1863 916 1914 2.
937 1861 1067 1930 scripsit:
1088 1859 1352 1925 usurariorum,

206 1931 339 2000 Ecquis
357 1939 415 1984 tum
433 1933 552 1998 dumus,
567 1960 600 1970 -
619 1932 700 1983 nulla
716 1933 810 2001 plane,
829 1947 923 2000 neque
941 1932 1112 1983 auctoritate
1131 1947 1224 2000 neque
1242 1931 1353 1982 ratione

173 1999 183 2017 ⁸
206 2002 315 2054 addita:
347 2010 387 2071 ut,
402 2004 527 2056 Bentleii
552 2002 608 2055 hoc
630 2018 744 2071 quoque
768 2001 832 2053 loco
857 2003 1068 2068 auctoritatem,
1094 2020 1179 2072 quam
1204 2002 1235 2052 in
1252 2001 1305 2052 Ed.
1326 1999 1368 2054 2(

205 2071 291 2125 libris
309 2073 397 2146 longe
413 2073 602 2143 praeferebat,
630 2081 741 2124 secutus
766 2089 824 2124 esse
841 2071 981 2124 videatur.
1012 2072 1055 2125 Cf.
1076 2073 1237 2142 Wopkens.
1258 2073 1350 2123 Lectt.
1373 2110 1376 2114 »

206 2143 286 2196 Tull.
305 2161 334 2213 p.
353 2146 397 2198 86.
434 2142 478 2196 Ad
496 2145 624 2196 dicuntur
643 2142 777 2216 intellige
796 2159 813 2192 a
831 2141 1034 2209 Peripateticis.
1055 2144 1114 2195 Mr.
1139 2143 1267 2208 „Malim
1286 2159 1353 2194 cum

205 2213 276 2266 Dav.
296 2213 411 2282 Ecquis,
429 2223 478 2269 aut
496 2214 559 2266 addi
578 2210 650 2265 eet.“
676 2213 746 2267 Erre.
784 2214 885 2280 Neque
910 2229 963 2296 ego
987 2212 1059 2265 haec
1083 2229 1143 2265 non
1163 2214 1277 2264 sualim:
1304 2211 1352 2264 sed

205 2293 337 2336 nostrum
355 2292 413 2334 nou
432 2292 474 2336 est
491 2284 659 2337 Ciceronem
677 2283 835 2364 corrigere,
855 2282 904 2335 sed
921 2283 975 2334 sibi
993 2283 1111 2337 reddere
1135 2301 1167 2336 ac
1190 2284 1351 2335 restituere.

112 2386 116 2392 κ
204 2355 332 2473 Pergunt
356 2361 415 2404 tres
442 2354 512 2406 Cxx.
544 2361 573 2406 et
592 2351 666 2427 Aug.
692 2360 722 2405 ut
746 2369 782 2407 tn
804 2369 865 2418 auu,
895 2353 970 2422 quod
987 2361 1050 2424 tum
1073 2361 1187 2406 tantum
1212 2352 1353 2426 intelligis

205 2424 264 2475 scri
284 2423 294 2472 i
311 2423 579 2493 posse‘aquopiam
596 2423 717 2475 hornine‘
732 2441 835 2493 parum
853 2431 981 2489 attentos
998 2424 1023 2476 s'i
1047 2423 1096 2476 vel
1120 2425 1290 2493 sequebatur
1307 2440 1353 2475 oo·

205 2493 319 2561 luptote,
350 2491 399 2545 vel
422 2493 580 2568 legebatur,
606 2502 639 2546 ut
660 2492 745 2546 habet
767 2512 840 2546 nnus
864 2511 900 2546 ex
924 2495 985 2551 illis
1003 2495 1095 2546 tribus
1115 2496 1195 2557 Oxx,
1224 2491 1352 2546 haereat:

206 2579 381 2634 quamquam
399 2573 535 2616 neutrum
553 2563 668 2632 probari
685 2572 788 2634 potest:
816 2563 898 2616 Alius
916 2564 966 2617 Cx.
985 2564 1070 2616 habet
1087 2570 1237 2628 mereatur,
1256 2563 1352 2615 Duisb.

207 2642 237 2687 et
254 2633 312 2690 MS.
332 2634 364 2684 in
382 2652 473 2707 marg.
494 2634 543 2687 Ox.
563 2632 668 2686 habent
685 2634 808 2709 glossam
826 2634 928 2687 doleat.
965 2634 1026 2686 Mr.

232 2706 237 2765 s
278 2709 381 2756 notura
406 2705 489 2770 offert
514 2704 653 2771 dolorem]
689 2707 794 2771 „idem
816 2705 944 2769 Tullius,
975 2703 1026 2770 qui
1046 2710 1113 2784 ‘tam
1142 2702 1268 2770 copiose,
1294 2710 1355 2753 tam

206 2775 729 2913 tritttdrttlltlttltt
747 2778 1299 2906 {Attuleratautistiti}
1310 2790 1355 2894 8ἓὶ

208 2915 398 2990 aegritudini:
419 2925 449 2968 et
465 2916 507 2967 ita
522 2916 727 2987 philosophum
745 2917 915 2984 eloquenter
932 2912 1064 2964 adversus
1076 2911 1269 2986 aegritudines
1288 2929 1354 2980 per-

209 2994 339 3037 orantem
354 2986 419 3056 ipse
435 3003 548 3040 maeror
566 2987 664 3041 docuit
682 2986 809 3040 dolorem
826 2999 883 3036 non
902 2982 1083 3051 ,opinabilem
1108 2999 1177 3049 esse,
1200 2982 1248 3033 sed
1271 2991 1354 3033 natu-

111 3066 113 3077 ”
208 3055 333 3118 ralern.“
356 3057 490 3122 Beroald.
526 3058 588 3111 Lon
637 3076 658 3109 n
684 3057 743 3109 huc
766 3052 851 3107 affert
873 3053 971 3107 locum
995 3052 1143 3106 Plutarchi
1169 3071 1204 3105 ex
1222 3052 1355 3104 Consola-

208 3126 287 3195 tione
306 3126 341 3178 ad
357 3123 492 3200 Apellen.
512 3130 557 3182 Jo.
600 3125 764 3190 amerarius,
783 3140 870 3193 quem
889 3131 919 3176 et
944 3123 979 3176 ad
996 3122 1142 3208 superiora
1170 3123 1306 3192 quaedam
1325 3128 1354 3174 et

208 3197 357 3268 sequentia
376 3192 488 3269 quoque
507 3199 643 3267 nonnihil
666 3197 706 3267 ait
722 3194 807 3264 lucis
820 3193 923 3248 afferre
950 3194 1054 3251 videri.
1089 3193 1187 3256 Nobis,
1212 3201 1246 3244 ut
1263 3193 1353 3263 spatio

208 3285 363 3339 pareamus,
392 3270 564 3324 omittendus
587 3269 718 3322 videtur:
754 3266 803 3320 sed
828 3265 887 3322 vid,
913 3282 973 3335 cap.
997 3268 1022 3320 3.
1045 3266 1072 3319 4.
1097 3281 1126 3333 p.
1150 3267 1202 3318 tot
1230 3281 1271 3332 sq.
1299 3262 1352 3316 Ed.

208 3339 309 3408 Wytt.
328 3339 428 3407 Oxou,
446 3359 474 3411 p.
493 3343 554 3395 360.
574 3340 652 3410 Lips.
727 3396 731 3404 Ι

111 3420 114 3425 ·
188 3469 190 3473 y
280 3408 326 3460 eui
350 3412 457 3480 midam
480 3411 608 3475 Crantor,
633 3407 772 3477 inquiunt,
796 3410 886 3470 uester
909 3405 1057 3460 cedendum
1078 3404 1182 3473 putot]
1218 3403 1353 3471 „Victor

210 3478 332 3532 adiuvat.
352 3482 409 3538 Pal.
428 3499 473 3552 pr.
484 3480 569 3534 'Alias
587 3475 809 3534 vaeter.“„Gedb.
1047 3487 1049 3491 ·

281 3550 412 3618 Crantor,
431 3551 565 3622 inquiunt,
584 3549 751 3615 -vvesterl
778 3549 873 3624 Vulgo
891 3552 992 3601 noster.
1030 3545 1085 3599 Sed
1111 3554 1190 3599 recte
1208 3545 1251 3599 Cl.
1270 3545 1355 3597 Bent-

208 3618 299 3685 leius3
319 3639 385 3674 cum
403 3638 459 3691 quo
476 3623 588 3674 faciunt
605 3622 674 3694 Reg.
693 3619 839 3673 Pithoean.
858 3618 933 3672 bled.
957 3615 1065 3686 aliique
1084 3616 1212 3674 Codices.
1245 3617 1282 3668 D.

280 3693 377 3745 oui-
398 3694 521 3746 Crantor
539 3690 691 3755 -oe‘eterJ
728 3688 867 3773 „Optime
884 3687 961 3740 Dar.¹
978 3704 1046 3738 cum
1069 3687 1200 3739 Bentleio
1227 3686 1356 3739 restituit

210 3767 308 3828 uerter,
335 3763 410 3833 quod
435 3762 574 3815 habebant
597 3762 655 3816 iam
682 3760 815 3825 lllanutri,
845 3758 998 3820 Lambinus
1026 3767 1055 3809 et
1074 3758 1185 3826 aliquot
1203 3757 1263 3821 alii,
1290 3775 1356 3810 cum

210 3834 357 3886 nonnullis
376 3833 460 3888 Codd.
481 3831 583 3902 quibus
600 3831 711 3884 accedit
736 3832 805 3905 Reg.
841 3829 951 3882 Plinius
973 3829 1004 3880 in
1016 3827 1193 3880 Praefatione
1212 3828 1355 3881 Historiae

210 3903 357 3960 Naturalis
384 3904 553 3956 Ciceronem
579 3902 609 3953 in
635 3901 843 3966 Consolatione,
880 3900 914 3951 de
940 3907 1034 3951 morte
1059 3898 1173 3951 ‘Pulliae
1198 3898 1285 3963 filiae,
1316 3897 1356 3949 ait

211 3968 356 4043 scripsisse
376 3974 542 4026 crantorem
559 3971 690 4041 aequor.“
707 3969 796 4024 Βοιώ.
813 3970 933 4040 „,Bipp.
952 3969 1116 4022 Bentleium
1133 3968 1223 4021 secuti
1243 3968 1356 4021 edidere

210 4051 306 4096 uestem
341 4044 418 4097 lllihi
435 4037 506 4095 vero
522 4047 619 4094 noster
636 4042 740 4113 placet.
777 4041 989 4116 Intelliguntur
1015 4039 1189 4101 Academici,
1216 4048 1244 4091 et
1269 4038 1357 4091 Crau-
1405 4077 1408 4082 .

209 4123 260 4169 tor
278 4133 314 4168 ex
330 4113 482 4167 Academia
498 4120 597 4166 vetere
615 4113 681 4164 fuit.
718 4114 754 4166 In
771 4111 817 4165 cui
835 4112 970 4186 intellige
997 4109 1146 4164 naturae.“
1169 4109 1289 4163 Nissen.¹
1317 4110 1357 4161 Et

160 4184 166 4190 ’
210 4186 351 4257 posterius
376 4183 491 4253 quidem
516 4191 610 4236 recte:
641 4183 690 4236 sed
714 4182 746 4234 in
769 4182 915 4252 prioribus
944 4183 1062 4235 erravit.
1104 4179 1290 4250 Peripatetici
1313 4180 1357 4232 lo-

203 4263 360 4326 'quantun‘
369 4255 526 4322 dicuntque
536 4253 724 4307 Academicis:
744 4253 866 4307 Crantor
883 4262 987 4318 vester,
1006 4251 1192 4304 Academicus
1209 4251 1355 4313 videlicet.

211 4358 245 4370 -
265 4324 375 4378 Habent
397 4324 516 4394 probam
540 4326 725 4396 scriptionem
749 4325 834 4378 Codd.
864 4325 992 4394 quinque
1010 4324 1079 4375 Cxx.
1105 4322 1172 4394 Reg.
1193 4320 1265 4373 Gud.
1287 4327 1310 4377 1.
1330 4325 1356 4376 2.

212 4396 297 4452 tint.
319 4399 342 4450 1.
361 4395 449 4448 Ma'rb.
474 4393 572 4450 Duisb.
600 4395 786 4451 Gud.-Rehd
813 4396 884 4450 Edd.
904 4396 942 4448 Μ.
969 4391 1035 4447 Ald.
1056 4391 1164 4457 Sturm.
1190 4392 1272 4446 Boul.
1294 4393 1357 4450 Car.
