2842 5070
504 297 632 361 LIBER
652 295 714 374 111,
736 299 785 365 16,
813 346 816 352 ·
1160 299 1221 365 113

70 466 194 528 nullam
216 483 300 540 esse,
322 483 423 545 quum
441 463 486 538 id,
509 461 595 544 quod
606 462 647 524 ab
657 461 794 524 homine
803 480 869 522 non
880 463 1030 544 potuerit
1040 470 1216 545 praestari,

69 548 229 612 evenerit.
257 547 345 608 Nam
368 545 538 607 revocatio
559 544 626 616 illa,
649 563 747 626 quam
768 546 877 621 affert,
899 563 1002 624 quum
1024 565 1044 605 a
1064 555 1222 611 contuen-
1240 569 1282 623 35.

67 629 119 693 dis
139 648 200 692 nos
221 629 317 689 malis
339 634 466 704 avocat,
488 627 578 687 nulla
610 634 672 688 est.
725 625 804 688 Non
836 633 887 686 est
919 626 1008 687 enim
1040 629 1219 696 innostra

68 815 127 868 lon.
153 831 182 884 p.
205 815 264 868 114.
291 829 315 865 c.
339 811 392 864 Ed.
417 813 451 864 Li
472 830 492 864 s.
518 812 551 864 Τ.
572 812 609 864 11.
659 850 665 863 .
687 813 729 867 78.
768 811 828 864 Iam
853 806 1000 864 videamus
1028 811 1062 865 de
1084 815 1219 870 lectione.

70 886 148 939 labet
164 900 219 954 pro
238 884 313 966 videt
330 883 422 935 est-in
465 883 510 935 dd.
529 884 611 936 Junt.
630 829 661 934 C.
683 881 743 947 [sed
761 883 902 965 intrnarg.
922 880 1007 966 videt]
1024 882 1088 935 Asc.
1110 887 1136 940 2.
1157 885 1222 952 [sed
1246 954 1248 959 .

70 972 162 1078 vt·
176 953 364 1078 isnviif‘i.
384 953 535 1077 titt
552 953 1072 1090 ttllt.tt'.t.¹t.td.l¹tie²;
1092 955 1221 1098 {iiiiii

70 1096 138 1149 Rob.
158 1094 255 1164 steph.
277 1104 306 1147 et
323 1095 420 1158 Laod,
439 1095 497 1164 qui
508 1104 669 1165 sequuntur
685 1094 848 1156 Victoriam
868 1103 897 1145 et
915 1094 1000 1147 Codd.
1015 1095 1096 1148 Gud.
1108 1099 1220 1152 omittit

68 1183 134 1218 esee.
158 1167 192 1217 In
211 1165 283 1217 Gud.
303 1168 329 1221 2.
358 1165 459 1232 desunt
483 1167 571 1218 verba
593 1167 703 1233 colpam
721 1171 812 1217 antem
835 1165 940 1217 nnllam
964 1182 1026 1218 evae.
1058 1167 1124 1220 Cod.
1143 1168 1217 1245 Aug.

68 1236 153 1289 habet
170 1237 226 1289 aiei
239 1253 292 1304 per
309 1237 418 1304 culpam
436 1252 490 1307 pro
509 1239 566 1290 niei
583 1239 703 1304 eulpam.
736 1236 820 1287 Vides
837 1235 992 1288 librarium
1009 1237 1057 1288 vel
1076 1249 1221 1294 correcto-

68 1324 131 1360 rem
148 1307 179 1358 in
199 1308 296 1359 eadem
318 1308 459 1360 sententia
485 1308 582 1371 fuisse,
606 1324 661 1376 qua
684 1306 779 1358 Bentl.
800 1315 829 1358 et
846 1307 953 1372 Bouh.;
984 1324 1050 1359 eum
1071 1326 1143 1362 vero
1161 1312 1219 1364 alio

69 1377 197 1430 remedio
216 1376 381 1430 consultum
398 1377 521 1431 voluisse
540 1377 684 1441 Ciceroni,
704 1377 813 1428 erranti
831 1376 953 1429 scilieet.
981 1379 1138 1448 Operamm
1157 1382 1219 1436 sine

69 1448 154 1500 dubio
173 1464 271 1500 errore
290 1448 375 1500 Grut.
397 1448 504 1502 edidit:
529 1450 640 1516 culpam
659 1453 748 1500 antem
771 1449 896 1499 matam
919 1464 983 1512 eree,
1006 1465 1060 1518 pro
1085 1451 1220 1515 nattam

69 1535 136 1571 eece:
158 1526 245 1587 quern
263 1514 392 1570 erro'rem
410 1519 540 1593 graviter
558 1518 710 1592 castigavit
729 1517 900 1570 Gronovius.
939 1518 998 1571 Mr.

139 1590 210 1657 qaod
236 1590 270 1641 ab
296 1588 405 1643 domine
427 1589 482 1642 aaa
497 1590 619 1656 potnerit
633 1587 798 1656 praestari]
835 1587 1009 1652 „Praestare
1032 1590 1153 1663 verbum
1177 1601 1220 1645 est

68 1659 352 1723 iurisconsultorum,
371 1660 447 1728 quod
465 1660 609 1734 significat
627 1675 728 1711 cavere
746 1666 775 1710 et
793 1659 972 1711 satisfacere:
992 1660 1044 1727 qui
1062 1660 1221 1716 identidem

68 1731 199 1783 scribunt
214 1730 411 1795 praestandam
430 1747 486 1782 esee
503 1731 606 1782 dolam.-
619 1729 819 1796 praestandam
837 1744 938 1782 noxam
962 1735 988 1782 et
1006 1730 1065 1783 alia
1084 1732 1220 1785 consimi-

68 1801 118 1852 lia.
144 1801 177 1851 A.
202 1799 280 1852 Gell.
307 1799 361 1851 ait:
392 1800 513 1866 pileatos
536 1815 630 1852 eervoe
652 1815 749 1851 venam
772 1799 868 1851 solitae
896 1801 948 1863 ire,
977 1817 1091 1868 quornm
1112 1804 1222 1856 nomine

69 1871 198 1924 venditor
215 1871 259 1923 nit
271 1876 434 1937 praestaret.
458 1871 505 1937 [N.
514 1869 548 1921 A.
562 1869 625 1922 Vll.
647 1871 672 1923 3.
692 1886 720 1937 p.
732 1870 793 1922 389.
815 1868 856 1920 ed.
878 1868 967 1921 Gran.
987 1870 1055 1938 ibiq.
1067 1872 1220 1945 interprr]

70 1943 103 1994 ld
121 1941 154 1992 ab
172 1940 290 1992 hornine
313 1941 452 2009 praestari
476 1945 564 2012 posse
576 1939 695 2006 dieitur,
721 1937 796 2007 quod
815 1938 847 1989 in
866 1939 992 1990 hominis
1009 1949 1150 2008 potestate
1169 1953 1220 2011 est,

68 2021 103 2063 ut
121 2012 172 2061 fiat
190 2010 237 2093 vel
255 2027 314 2062 non
331 2011 396 2063 fiat:
416 2011 464 2065 sed
482 2012 556 2064 mala
576 2011 677 2075 multa,
696 2024 768 2079 quae
788 2009 935 2093 eveniunt,
947 2027 1033 2092 'quae
1052 2011 1085 2061 ab
1103 2011 1221 2067 homine

68 2079 795 2221 {vittatatitiant.titiant
815 2079 1221 2220 &tantaverit
1266 2117 1270 2128 ’

138 2239 201 2292 Noa
216 2239 338 2306 potnerit
354 2239 505 2307 praestari]
541 2238 651 2291 Eliens.
671 2255 726 2290 see.
750 2239 921 2305 praecaveri.
959 2238 1007 2291 sic
1031 2239 1109 2292 infra
1131 2259 1156 2294 c.
1176 2244 1220 2299 22.

70 2310 139 2363 Cam
161 2311 273 2363 videtvr
294 2310 461 2378 praecaveri
485 2311 613 2378 potuisse.
651 2310 713 2361 Nec
737 2306 923 2362 diffitendum
945 2317 988 2362 est
1014 2309 1097 2362 illam
1119 2330 1222 2366 vocem
1289 2323 1297 2334 '

68 2380 139 2433 huic
164 2381 229 2432 loco
254 2379 330 2432 belle
356 2379 528 2432 convenire:
566 2380 614 2432 sed
636 2395 690 2432 nec
713 2379 789 2432 male
814 2397 843 2432 se
868 2379 954 2432 habet
979 2379 1068 2433 lectio
1093 2383 1221 2458 vulgata.

69 2453 175 2505 Noster
192 2451 270 2502 Fam.
291 2451 325 2514 V,
347 2453 386 2503 17.
426 2450 526 2504 Caeam
545 2464 622 2519 qvem
640 2466 723 2518 neqve
746 2450 837 2502 vitare
859 2451 999 2518 ptisanam
1023 2450 1147 2505 noetrtim
1173 2470 1222 2508 nec

90 2530 212 2574 raestare
239 2521 295 2574 ulto
323 2521 405 2588 pacto
429 2527 531 2590 potest:
557 2520 613 2573 hoc
639 2530 690 2586 est,
718 2520 814 2572 facere
840 2537 877 2572 ne
902 2519 1058 2593 contingat.
1096 2523 1168 2575 Vide
1193 2533 1223 2578 et
1288 2585 1289 2588 Ἴ

69 2540 120 2644 bib.
140 2592 261 2661 v1.Ep.
284 2595 307 2645 1.
331 2599 366 2642 et
390 2591 440 2643 lib.
461 2591 510 2644 lx.
536 2591 590 2660 Ep.
613 2591 654 2644 16.
692 2590 784 2641 Immo
809 2607 885 2658 curn·
901 2589 972 2642 haee
997 2591 1092 2642 minus
1116 2591 1222 2647 usitata

69 2662 108 2714 sit
129 2662 267 2732 loquendi
289 2661 377 2726 rati03
403 2662 475 2729 quin
498 2679 514 2713 a
540 2658 635 2714 Tullii
660 2678 747 2712 manu
769 2661 864 2714 fuerit
887 2661 939 2712 vix
963 2659 1076 2713 dubito:
1110 2662 1222 2716 doctior

69 2733 148 2786 enim
167 2742 217 2798 est,
238 2749 324 2803 quam
341 2740 375 2783 ut
393 2731 520 2784 librariis
538 2733 690 2784 tribuatur.
729 2731 765 2783 D.

139 2839 194 2877 non
208 2822 328 2888 potnerit
343 2820 508 2888 praestari]
544 2807 802 2888 Verbo‘praeetari
825 2820 857 2871 in
879 2819 946 2872 Cod.
970 2821 1040 2904 Reg.
1066 2823 1223 2893 superseri-
1270 2806 1280 2827 ⁸

68 2901 153 2962 ptum
172 2900 215 2944 est
230 2893 401 2960 praecaveri.
420 2892 518 2943 Duisb.
537 2891 624 2944 habet
638 2891 749 2958 poterit.
787 2890 861 2942 Ante
877 2893 1018 2960 praeviare
1042 2892 1074 2943 in
1093 2893 1223 2964 quinque

70 2966 140 3017 Oxx.
161 2961 249 3014 Rehd.
265 2957 344 3012 Mon.
366 2965 390 3014 l.
410 2961 539 3014 additur:
559 2969 589 3014 vt
607 2979 661 3015 non
679 2962 813 3014 eveniret:
833 2961 941 3013 Eadem
959 2962 1047 3016 verba
1059 2972 1124 3034 post
1140 2981 1223 3031 prae·

67 3035 142 3086 etari
160 3032 303 3083 adduntur
318 3031 355 3081 'in
378 3031 450 3082 Edd.
477 3033 558 3083 Junt.
577 3030 640 3084 Asc.
661 3033 687 3085 2.
712 3029 746 3082 Α.
766 3032 797 3082 Β.
818 3030 845 3084 S.
865 3031 899 3082 Ε.
921 3031 951 3084 C.
971 3034 1041 3084 Ven.
1069 3044 1157 3087 nostr.
1179 3036 1222 3102 [in

67 3103 125 3156 hac
150 3100 276 3155 editione
303 3115 371 3152 vera
395 3100 542 3154 Ciceronis
564 3118 631 3165 vox,
655 3102 783 3165 evenerit,
805 3101 974 3174 glossemate
1003 3110 1117 3155 extrusa
1144 3105 1223 3171 est:]

67 3171 194 3229 HWolf.
220 3170 339 3223 Confert
364 3170 461 3223 Kiihn.
481 3170 532 3223 Cic
558 3171 592 3223 de
616 3173 662 3223 Or.
682 3171 704 3222 1.
725 3172 768 3225 24.
795 3173 860 3224 113:
890 3171 973 3224 istam
998 3172 1116 3239 capam,
1142 3191 1224 3242 quarn
1306 3174 1309 3181 ’

68 3245 186 3307 vereris,
205 3258 257 3310 ego
274 3241 429 3309 praestabo.
467 3241 554 3293 Plura
572 3237 705 3311 exernpla
724 3238 907 3310 suppeditant
925 3240 1039 3292 Lexica.
1077 3242 1137 3297 Mr.

141 3329 214 3383 Nam
233 3331 416 3383 revocatio
434 3329 495 3395 illa,
515 3346 596 3399 qaam
614 3329 744 3395 affert,
768 3345 848 3398 marn
866 3345 885 3381 a
902 3330 1060 3383 contuendis
1077 3332 1223 3386 neamalis

70 3407 209 3465 avocat,
231 3401 309 3454 natta
327 3399 377 3465 est]
411 3401 609 3475 „Legendum
626 3401 745 3454 videtur
762 3400 949 3463 avocatio,·ut
959 3401 1065 3474 pagina
1074 3403 1223 3470 superiore

69 3471 202 3540 [15,33.]
228 3473 436 3524 avocatione
460 3488 478 3524 a
498 3471 649 3538 cogitanda
673 3469 830 3523 rnoleetia.“
856 3468 951 3522 Lami.
989 3472 1172 3535 „Lambinus
1187 3491 1223 3526 ex

68 3561 100 3596 ea
123 3543 164 3595 ite
181 3543 240 3607 XV.
259 3550 390 3594 nostrum
408 3542 504 3594 locum
523 3543 673 3616 corrigens
691 3557 748 3593 non
766 3539 970 3592 animadvertit
994 3541 1101 3594 ibidem
1125 3544 1223 3601 statim

68 3561 214 3682 subsequi:
246 3620 272 3665 et
297 3613 535 3665 revocatione
549 3613 587 3664 ad
609 3611 834 3678 contemplandae
862 3612 1029 3677 voluptatem
1066 3621 1223 3684 utrumque
1281 3661 1285 3668 .

67 3685 98 3738 h.
118 3684 140 3735 l.
161 3682 302 3736 refutat.“
326 3681 415 3736 Boni.
452 3683 672 3736 Lambinianum
697 3681 773 3734 illud
791 3683 916 3734 avocatio
933 3680 1007 3732 licet
1030 3680 1145 3734 damnet
1164 3684 1224 3736 Gu-
1273 3696 1287 3720 ·

68 3753 174 3819 lielm.,
193 3761 289 3806 tamen
307 3756 437 3822 praefert
454 3753 639 3806 Vaticanus.“
658 3750 742 3807 Geel.
780 3752 892 3820 Neque,
920 3750 1033 3804 etiamsi
1058 3752 1156 3822 plu-res
1175 3754 1223 3807 ad·

14 3859 18 3864 -
69 3824 201 3878 dicerent
225 3824 345 3889 codices,
372 3825 531 3876 necessaria
556 3833 617 3877 erat
644 3824 697 3876 illa
720 3822 878 3875 correctio:
916 3837 974 3874 non
1001 3840 1029 3873 m
1070 3824 1101 3888 's,
1136 3842 1224 3895 quam

67 3894 326 3963 Ernestinastquae
344 3895 488 3963 sequitur:
526 3895 656 3960 „Affers
674 3893 716 3947 ait
733 3895 816 3958 Era„
842 3891 920 3944 edidi
945 3907 998 3961 pro
1022 3909 1040 3945 a
1063 3900 1114 3957 ert,
1139 3912 1223 3948 sensu

68 3975 99 4019 et
123 3972 261 4018 contextu
286 3963 457 4048 postulante.
494 3965 570 4016 Nam
597 3974 625 4018 et
648 3973 713 4035 post
738 3971 792 4017 est:
818 3962 856 4014 Et
873 3968 902 4015 tn
920 3961 1048 4016 oblivisci
1073 3963 1150 4017 iader
1167 3973 1221 4019 etc.

19 4085 21 4091 .
69 4035 218 4091 Similiter
235 4031 301 4087 dedi
320 4050 441 4087 avocas.
462 4033 519 4087 MS.
540 4036 754 4092 Guelf..autem
770 4029 1022 4097 habet'affertar.“
1055 4034 1114 4085 Mr.

140 4126 224 4192 affert
242 4155 272 4166 -
295 4121 403 4188 avocat]
438 4120 524 4174 Plane
542 4139 781 4191 supervacaneam
804 4137 863 4174 esse
880 4119 998 4173 Ernesti
1024 4121 1222 4175 coniecturam

68 4213 128 4250 non
146 4204 189 4249 est
207 4194 283 4263 quod
299 4193 385 4246 hodie
403 4191 504 4242 multis
523 4193 647 4245 doceam.
684 4194 776 4258 Affert
794 4196 831 4243 sc.
858 4190 1037 4243 adversarius
1060 4189 1090 4241 h.
1111 4192 1130 4243 l.
1151 4194 1223 4261 E‘pi-

69 4284 165 4321 curus.
191 4265 280 4330 Quam
298 4281 379 4333 saepe
398 4261 536 4314 similiter
555 4263 657 4315 Cicero
676 4264 752 4316 dicat
769 4262 867 4330 inquit,
885 4258 937 4311 ubi
955 4261 1048 4328 inquis
1065 4266 1221 4330 exspectes,

70 4338 106 4392 de
133 4354 166 4390 eo
190 4334 352 4388 monuimus
376 4350 460 4402 supra
484 4331 559 4387 adl..
580 4336 623 4388 39.
643 4336 686 4388 93.
712 4332 761 4384 ubi
785 4332 844 4384 vid.
863 4330 957 4382 laudd.
978 4331 1106 4399 Haesisse
1124 4340 1221 4383 autern

67 4407 99 4461 h.
117 4410 139 4459 l.
158 4407 218 4469 iam
235 4405 305 4458 alios
322 4405 402 4459 vides
421 4421 458 4456 ex
474 4402 599 4457 lectione
617 4402 684 4458 Cad.
704 4402 777 4478 Aug.
797 4399 849 4472 qui
867 4399 984 4455 exhibet
1009 4416 1078 4468 qnae
1096 4402 1220 4466 affertur.

80 4507 325 4566 ,viveretnenviap
340 4507 475 4557 addicam
491 4505 516 4551 Y.
526 4505 561 4550 tt.
973 4501 995 4567 8
1077 4560 1082 4570 ¹
