2842 5070
858 237 868 268 t
890 244 895 265 ι

525 299 806 408 auratus:
828 364 845 381 -.
920 329 953 385 ·,
991 324 1020 393 ο
1162 320 1229 438 ser.

74 495 251 584 aegritudo
272 492 314 559 ex'
334 496 420 573 eius,
441 495 499 578 qui
520 514 619 558 carus
632 497 754 573 ,fuerit
775 491 920 554 interitu
930 488 1070 552 acerbo:
1090 506 1225 568 areeror,
1305 496 1309 506 '

74 579 252 665 aegritudo
271 579 412 661 flebilis,-
432 598 591 654 aerumna,
619 575 795 664 aegritudo
818 576 1001 653 laboriosae
1023 571 1138 649 dolor,
1168 582 1224 635 ee*

74 662 212 749 gritudo
232 665 403 737 cruciansr
429 662 621 732 lamentatio,
643 657 819 745 aegritudo
842 675 918 719 cum
939 655 1083 717 eiulatu:
1105 653 1225 717 soltici-

76 746 165 824 tudo,
187 743 364 830 aegritudo
387 764 461 806 curn
483 745 704 829 cogitatione:
725 741 880 812 mertia,
901 736 1079 825 aegritudo
1094 750 1226 820 perata

74 848 171 890 nense
202 829 401 909 afflictatio,
423 825 598 910 aegritudo
620 845 695 888 cum
722 824 899 886 vexatione
920 824 1088 902 corporis:
1116 821 1227 900 despe-

25 958 27 966 .
75 913 171 988 ratio,
207 908 385 995 aegritudo
410 909 481 970 siue
508 908 578 969 ulla
611 926 727 969 rerum
759 905 1015 988 exspectatione.
1036 902 1225 983 meliorum.

75 993 167 1056 Quae
200 1000 311 1053 autern
339 990 486 1052 subiecta
520 997 599 1053 sunt
637 990 698 1051 sub
729 996 866 1066 metum,
898 1005 939 1047 ea
966 987 1015 1047 sic
1046 985 1229 1048 definiente

69 1077 252 1159 pigritiam,
283 1081 410 1140 metum
440 1068 670 1154 consequentis
697 1071 844 1132 laborist
871 1067 1038 1130 Pudorem
1161 1071 1289 1131 ter-19.

74 1264 143 1316 Oxx.
164 1263 305 1315 omittunt
323 1279 364 1328 ea,
396 1278 520 1332 quorum
540 1279 611 1314 unas
636 1261 690 1331 pr'o
712 1257 756 1312 eia
776 1258 862 1312 habet
878 1257 938 1312 rita.
977 1257 1076 1332 Pergit
1102 1259 1178 1311 Mon.
1197 1256 1224 1314 2.

73 1333 288 1400 diffiniuntur.
326 1334 387 1388 Mr.
900 1341 904 1349 '
1040 1336 1043 1341 '

143 1403 308 1473 Pigritionr,
335 1411 435 1456 netum
453 1398 649 1472 consequentis
673 1397 813 1463 resones]
838 1401 948 1465 „Vetus
969 1399 1091 1453 r'erbum
1115 1406 1158 1450 est
1179 1398 1228 1468 pi-

72 1489 171 1542 grare,
202 1475 278 1545 quod
304 1475 448 1548 significat
472 1475 602 1527 detinere
619 1489 653 1524 ac
671 1471 826 1536 retardare,
850 1478 884 1521 nt
901 1470 1019 1523 Accius:
1054 1469 1161 1522 Melies
1180 1468 1226 1537 pi·

71 1561 181 1612 graiae,
213 1561 296 1613 quarn
316 1560 485 1614 properatae
515 1542 627 1610 nefas.“
641 1541 788 1594 ¹Beroald.
824 1539 904 1605 [Vid.
935 1539 1015 1593 hu'nc
1045 1556 1163 1593 versum
1190 1557 1227 1592 ex

71 1617 148 1668 Attii
166 1615 328 1684 Chrysippo
351 1614 549 1669 in-Scriverii
575 1614 752 1666 Collectann.
779 1612 886 1686 Tragg.
905 1619 977 1664 vett.
1003 1628 1033 1681 p.
1052 1613 1113 1665 tto.
1145 1617 1174 1662 et
1191 1610 1227 1663 ad

73 1702 139 1738 eum
158 1687 193 1738 G.
212 1688 240 1739 J.
260 1686 352 1738 Vossii
370 1686 518 1759 Castigatt.
538 1702 566 1755 p.
588 1686 653 1739 lat:
679 1683 730 1753 qui
748 1691 782 1734 ut
798 1691 892 1735 metro
911 1681 1032 1735 satisfiat
1048 1681 1110 1756 legi
1126 1680 1207 1734 vult:

237 1757 346 1821 Metius
359 1755 495 1824 pigrasse
519 1771 601 1824 qrrarn
621 1766 791 1824 properasse
808 1760 878 1806 esset
895 1756 990 1820 nesure

72 1825 121 1878 vel
139 1834 248 1879 mutata
264 1842 364 1878 versus
382 1826 536 1878 sententia:
704 1838 706 1842 ⁴
804 1832 828 1895 j
859 1852 864 1859 ·

241 1895 346 1949 Metius
362 1897 502 1965 pigrasee,
513 1934 516 1943 .
528 1895 637 1963 quando
651 1908 820 1963 properasse
836 1901 879 1948 est
897 1894 999 1962 nesae]

71 1966 115 2018 De
132 1982 204 2019 voce
221 1967 283 2036 ipsa
305 1967 363 2019 vid.
382 1966 565 2020 Doederiein.
593 1967 614 2019 l.
634 1983 659 2019 c.
689 1967 738 2019 lV.
763 1967 877 2036 pitu:
902 1966 969 2019 Gad.
995 1967 1070 2018 Mon.
1090 1966 1116 2020 2.
1141 1963 1227 2018 habet

50 2054 52 2057 ·
71 2040 265 2104 consequentia
283 2037 433 2091 doloris.
458 2041 548 2111 Marg.
567 2038 713 2091 laborem.
752 2036 905 2110 „Pige-itia,
925 2037 1007 2097 ὄκνος
1025 2034 1098 2106 apud
1116 2035 1244 2089 Andro'

71 2109 181 2173 uicum,
204 2108 375 2182 Diogenem,
404 2108 556 2162 Stobeeum
580 2116 610 2161 et
626 2107 795 2161 Nemesium
820 2109 886 2164 Nat.
913 2108 997 2160 Hom.
1017 2109 1062 2162 at.
1087 2105 1228 2161 definitur

59 2180 162 2248 Ιφόβος
177 2180 326 2248 μελλούσης
343 2177 511 2248 ἒνεργοίαςέ*
529 2179 601 2230 Dae.
621 2180 654 2230 in
671 2178 724 2229 Ed.
745 2181 770 2232 l.
908 2192 911 2227 ῑ

145 2248 312 2316 Terrorem]
344 2251 452 2303 Omissa
475 2258 518 2303 est
544 2249 675 2303 definitio
695 2247 825 2316 pudoris,
857 2267 945 2319 quem
961 2248 1060 2319 psallo
1079 2256 1144 2301 ente
1161 2254 1226 2318 post

93 2321 221 2396 igritiam
249 2321 420 2385 nominavit,
450 2321 590 2389 cuiusque
608 2321 696 2373 etiam
717 2320 827 2371 mentio
851 2321 1047 2390 subsequitur.
1075 2319 1105 2372 id
1127 2327 1227 2371 utrum

25 2392 39 2410 ³
56 2337 187 2442 'iibrarii
205 2391 393 2464 negligentia,
413 2408 448 2442 an
458 2391 607 2443 Ciceronis
625 2390 713 2460 ipsius
732 2389 886 2454 obii-viane,
906 2391 1051 2443 coniicere
1069 2406 1127 2442 non
1145 2390 1237 2444 licet..

71 2460 167 2513 Ραᾰον
184 2469 280 2513 autern
300 2463 453 2529 azenone,
472 2476 488 2512 a
506 2476 563 2529 quo
580 2460 652 2512 haec
671 2461 734 2510 iere
752 2460 852 2518 omnia¹
867 2461 970 2515 Cicero
988 2461 1099 2525 sumsit,
1117 2461 1160 2513 ita
1178 2460 1227 2514 de·

71 2532 175 2582 finitur
192 2531 266 2600 apud
284 2531 446 2583 lia‘e'riium:
479 2530 599 2598 αἰσχύνη
618 2529 649 2583 di
667 2530 756 2599 φόβος
774 2526 895 2591 ἀδοξίας,
924 2532 945 2582 i.
966 2548 991 2583 e.
1017 2531 1108 2600 pudor
1133 2538 1227 2584 nutent

71 2609 160 2654 nretue
186 2601 322 2667 infamiae
349 2601 408 2654 siue
430 2602 617 2669 impendentis
641 2600 832 2669 turpitudinis.
870 2602 951 2668 Quod
973 2604 1075 2654 autem'
1089 2607 1227 2655 terrorem

71 2673 174 2725 Cicero
191 2671 296 2724 definit
313 2678 416 2726 metum
432 2671 636 2737 concutientem,
660 2686 765 2725 vereor
781 2688 819 2723 ne
837 2673 875 2724 sit
893 2674 1065 2742 imperfecta
1083 2673 1225 2737 definitio,

72 2750 101 2796 et
118 2742 174 2795 hoc
191 2743 309 2796 fortasse
328 2744 464 2795 osnissum
483 2744 533 2796 sit:
562 2741 788 2810 excogitatione
813 2741 968 2798 inusitatae
983 2744 1039 2797 rei.
1076 2744 1129 2796 Est
1148 2743 1227 2796 enirn

70 2813 143 2866 haec
166 2815 289 2866 Zenonis
313 2815 387 2883 apud
409 2815 560 2868 Lairtium
582 2815 705 2866 terroris
729 2813 874 2867 definitio:
915 2814 1050 2880 ἔκπληξις,
1082 2817 1170 2885 φόβος
1197 2811 1238 2870 ἐκ,
1304 2820 1308 2829 ’

71 2888 227 2955 φαντασίας
244 2881 400 2951 ἀσυνήθους
424 2883 614 2954 πράγματος.“
649 2883 682 2940 Ρ.
701 2884 811 2937 Manut.

140 2973 281 3025 Pudor-em
300 2980 329 3024 et
347 2973 503 3039 terrorem]
537 2971 595 3024 Vol
617 2988 632 3024 o
656 2971 758 3024 desunt
776 2971 846 3024 duae
870 2970 982 3042 primae
999 2963 1128 3038 voculae,
1158 2990 1227 3042 ques

69 3043 177 3095 merito
202 3042 382 3094 doctissimus
400 3043 547 3095 Bentleias
574 2989 716 3110 addendas
737 3044 858 3108 censuit,
889 3051 923 3095 ut
940 3043 1044 3096 docent
1066 3044 1225 3114 sequentia.

72 3113 199 3164 videsis
218 3111 368 3186 Agelliurn
388 3113 462 3178 XIX,
483 3117 510 3169 6.
547 3113 584 3165 D.
714 3123 721 3135 ⁸
746 3113 761 3131 “·

145 3183 302 3249 Terrorem,-
321 3189 420 3235 nectum
439 3182 657 3250 concutientem]
694 3183 794 3248 „Bene
816 3182 894 3236 sidit
910 3181 1066 3249 Beothius,
1095 3185 1237 3236 omissam·¹
1329 3217 1332 3221 ·

71 3253 128 3306 hoc
145 3254 210 3306 loco
223 3264 289 3307 ‘esse
304 3253 424 3323 pudoris
442 3250 673 3307 definitionem.“
692 3252 842 3320 [Viderunt
860 3253 915 3307 hoc
933 3253 1047 3324 pridem
1066 3252 1140 3320 elii]
1177 3254 1228 3307 Sa·

72 3333 173 3376 natum
197 3325 376 3378 existimabat
399 3325 497 3378 locum
520 3324 682 3378 scribendo:
710 3322 879 3376 Pudorenr
902 3329 934 3376 et
958 3330 1104 3389 terrorem,
1126 3331 1226 3378 suenrtn

70 3398 274 3449 concutientem.
307 3396 458 3470 Ingeniosa
478 3396 607 3466 quidem:
627 3395 677 3448 sed
693 3394 926 3448 videturGicero
943 3396 1070 3448 voluisse
1088 3394 1226 3449 exhibere
1256 3456 1263 3466 ,

70 3468 250 3541 singulorum
272 3466 431 3520 affectuum
455 3467 587 3537 proprias
614 3465 796 3518 definitiones
822 3466 857 3519 ad
875 3467 1039 3538 exemplum
1058 3466 1227 3537 chrysippi,

71 3539 152 3589 cuius
178 3538 307 3591 fideliter
333 3538 475 3608 expressit
501 3529 675 3601 doctrinain,
712 3536 827 3607 qualem
859 3552 921 3590 eam
947 3537 1051 3590 retulit
1083 3538 1226 3612 Diogenes

70 3609 202 3661 Laiirtius
228 3609 291 3662 Vll.
318 3613 378 3664 111.
404 3627 445 3678 sq.
497 3609 590 3674 Quare
617 3608 856 3679 quuthraecus
883 3608 935 3662 ille
962 3607 1152 3680 philosophus
1183 3609 1225 3661 ite
1330 3647 1336 3658 .

71 3678 192 3730 seorsim
217 3677 364 3731 definierit
386 3680 537 3746 pudoremr
567 3681 697 3750 αἰσχύνη,
727 3674 825 3749 φόβος·
839 3674 964 3754 ἀδοξίας,
991 3678 1131 3732 similiter
1163 3679 1225 3733 sine

72 3747 157 3800 dubio
176 3748 278 3801 Cicero
296 3749 430 3802 definivit
447 3748 634 3817 Pastorem,
659 3755 780 3803 metum
799 3743 1034 3818 ignardinioe.
1075 3749 1226 3803 Terrorem

72 3827 127 3871 etc.
166 3818 264 3871 Facile
282 3827 439 3887 potuerunt
456 3822 570 3942 nepligi
588 3822 647 3875 tria
666 3822 720 3874 iste
738 3821 877 3875 vocabula
895 3840 911 3875 a
928 3820 1066 3874 librariis.
1102 3820 1225 3887 Quodsi

70 3905 141 3940 vero
169 3889 233 3957 quis
257 3891 402 3959 praeferat
423 3891 495 3944 Bent
509 3892 549 3944 eis
575 3894 782 3959 coniecturam,
814 3901 961 3963 receptam
984 3891 1141 3958 aDavisio,
1167 3907 1226 3945 non

70 3958 187 4012 habebit
214 3975 262 4010 me
288 3960 517 4013 adversantem.“
551 3961 688 4016 Boudier.

123 4026 500 4099 recommemorent]
539 4032 704 4098 ,3Prdorem
727 4033 759 4085 in
776 4032 849 4087 Edd.
869 4036 932 4088 iere
951 4032 1068 4088 excidit.
1105 4033 1161 4088 Sed
1178 4035 1226 4088 ab·

72 4117 130 4155 esse
148 4117 206 4201 app
222 4108 333 4224 potest:
364 4118 429 4152 nam
452 4110 481 4154 et
504 4118 591 4173 supra
607 4103 777 4179 adiungitur
795 4104 909 4171 terrori,
935 4113 965 4158 et
982 4119 1157 4175 consequens
1173 4123 1225 4176 po-

71 4174 168 4226 stulat.
249 4189 291 4224 νο.
331 4202 334 4207 -
448 4204 451 4209 Α

143 4243 309 4297 Pudorem
329 4280 336 4293 .
357 4285 364 4299 .
385 4280 420 4295 ..
447 4242 600 4310 terrorem]
652 4242 796 4309 „Excidit
827 4245 877 4297 iric
910 4244 1050 4307 delinitio*
1072 4242 1229 4314 pudoricf‘

72 4312 149 4367 ὅσον.
180 4314 317 4379 „Excidit
333 4314 452 4382 pudoris
469 4314 611 4378 definitio,
635 4322 666 4366 ut
677 4314 757 4368 vides
769 4332 805 4367 ex
815 4316 911 4382 uerbis
929 4322 959 4369 nt
975 4318 1110 4385 pudorem
1128 4316 1222 4368 ruder.

72 4384 144 4437 Erat
167 4386 286 4439 tortasse
310 4384 466 4455 scriptum:
497 4384 634 4454 pudorem
656 4391 758 4439 netum
780 4384 917 4452 infamiae
937 4387 1144 4449 annitentem,
1174 4384 1224 4437 rel

72 4456 167 4524 potius
183 4456 261 4511 aliud
279 4456 409 4510 additum
431 4464 495 4510 eret
511 4455 683 4513 ventulum
705 4456 773 4511 roei
798 4455 1105 4515 umam-sinite“
1122 4454 1222 4528 ΜΝ.
