2842 5070
215 302 257 367 at
413 299 643 367 carnotas
665 298 912 381 rasorum.
926 290 1169 366 aramme.

215 467 338 531 Graeci
359 459 457 553 πάθη
479 469 663 552 appellante
686 487 747 556 ego
768 475 919 552 poteram
940 467 1082 544 morbos,
1109 475 1144 532 et
1164 465 1200 529 id
1221 468 1365 531 verbum

212 594 287 602 ³—-
458 597 496 604 ..-

214 659 310 714 estad
328 676 355 711 v.
374 661 450 728 niba
469 644 631 714 Camerarii
649 659 808 724 annotatio,
832 677 928 730 quarm
953 677 1020 713 oum
1049 660 1110 714 eius
1128 659 1182 714 Ed.
1209 661 1247 714 sit
1264 661 1365 730 paullo

210 731 316 796 rarior,
343 729 402 784 huc
425 733 585 785 transferre
610 731 712 784 liceat:
750 729 860 797 „idem
883 731 979 789 lina
1005 733 1040 790 de
1058 731 1152 785 Finib.
1182 731 1219 799 [c.
1238 733 1293 798 lo]
1318 730 1367 786 his

212 801 327 855 verbis:
343 801 410 855 sNec
434 819 500 856 nero
519 799 745 873 perturbationes
768 802 932 864 animorum,
960 819 1029 870 quae
1058 806 1145 856 mium
1172 803 1367 870 insipientium

211 872 344 924 miseram
369 876 549 943 acerbamque
574 873 704 935 reddunt,
732 871 816 941 (quas
834 872 934 928 maeri·
958 877 1033 944 πάθη
1057 876 1212 941 appellant.-
1234 881 1367 943 poteram

211 960 274 1012 ego,
293 944 406 996 verbum
424 945 516 1011 ipsum
535 944 732 1012 interpretans,
751 945 862 997 morbos
880 945 1035 1013 appellare.
1067 946 1117 999 sed
1135 962 1190 999 non
1209 943 1367 999 conveniret

212 1016 252 1068 ad
269 1014 376 1067 omnia:
406 1015 470 1084 quis
495 1016 570 1068 enim
589 1014 827 1079 misericordiam,
853 1021 901 1067 aut
923 1017 1014 1084 ipsam
1036 1017 1222 1082 iracundiam,
1241 1017 1367 1069 morbum

212 1086 285 1140 solet
311 1085 425 1139 dicere?
451 1092 481 1138 at
499 1086 547 1139 illi
564 1086 658 1140 dicunt
676 1088 781 1148 nidmu
800 1085 839 1139 sit
857 1086 951 1154 igitur
965 1088 1155 1157 perturbatio,
1176 1103 1243 1154 quae
1254 1085 1366 1140 nomine

213 1157 277 1225 ipsa
299 1156 404 1209 vitiosa
431 1158 576 1212 declarari
598 1157 744 1223 uideturs)
768 1172 818 1210 nec
841 1155 892 1210 bae
917 1167 971 1212 etc.
1008 1161 1063 1213 Est
1087 1167 1185 1212 autem
1202 1157 1260 1211 hoc
1278 1159 1367 1211 breve
1398 1162 1401 1171 '

214 1226 332 1298 quidem
352 1228 458 1298 ipsum,
478 1229 528 1282 sed
545 1230 690 1300 optimum
709 1236 738 1282 et
756 1228 881 1282 maxime
900 1230 974 1285 utile
991 1248 1096 1301 praece
1117 1237 1181 1282 tum
1199 1229 1367 1283 conversio·

212 1316 296 1361 num,
320 1305 430 1352 utnon
448 1299 544 1365 modo,
568 1301 646 1370 quod
663 1301 711 1353 cui
729 1300 850 1353 verbum
876 1300 965 1354 verbo
989 1248 1172 1372 respondeat,
1203 1299 1367 1365 videamus,
1404 1300 1408 1307 '

214 1369 264 1424 sed
283 1371 509 1436 consideremus,
529 1372 599 1440 quid
616 1372 771 1440 utriusque
788 1369 907 1446 linguae
924 1374 1088 1443 proprietas
1108 1371 1251 1424 admittat.
1272 1398 1306 1409 -
1324 1370 1367 1424 Ut

212 1438 270 1493 hoc
289 1442 387 1494 statim
405 1442 471 1495 loco
488 1459 548 1495 non
567 1440 736 1494 dubitarunt
753 1444 842 1502 πάθος
868 1442 1060 1512 interpretari
1074 1441 1220 1511 passionis
1237 1442 1366 1506 nomine,

212 1511 297 1564 nullo
315 1528 435 1581 prorsus
454 1521 581 1567 auctore.
609 1511 666 1564 Sed
684 1511 787 1565 Cicero
806 1513 940 1564 morbum
958 1513 1125 1590 significare
1143 1515 1242 1578 docet,
1258 1521 1288 1566 st
1305 1511 1366 1566 dici

212 1591 311 1635 tannen
329 1583 363 1636 de
381 1584 472 1637 animi
496 1584 611 1639 vitiosis
635 1582 847 1643 affectionibus·
884 1583 986 1653 Itaque
1014 1584 1158 1654 quaesivit
1184 1581 1265 1636 aliud
1281 1600 1367 1637 voca·

212 1650 324 1718 bulum,
344 1655 376 1706 in
395 1654 497 1729 lingua
514 1656 604 1708 latina
622 1656 727 1724 aptius.
761 1654 796 1706 ln
813 1651 869 1706 hao
885 1663 969 1723 parte
986 1672 1121 1730 magnam
1139 1655 1297 1729 caliginem
1315 1671 1367 1708 ne·

212 1725 359 1799 gligentia
384 1725 499 1778 invexit
517 1727 548 1778 in
575 1725 750 1786 doctrinam,
776 1724 844 1778 dum
867 1741 936 1781 non,
961 1725 1032 1795 quid
1050 1725 1215 1779 secundum.
1228 1742 1312 1778 usum
1337 1732 1368 1778 et

214 1795 453 1850 consuetudinem
479 1798 619 1864 cuiusque
641 1794 760 1871 linguae
787 1801 865 1849 recte
891 1803 920 1849 et
944 1797 1065 1866 proprie
1084 1797 1207 1862 dicatur,
1233 1795 1368 1849 laborant

213 1869 403 1936 interpretes,
423 1867 472 1920 sed
489 1866 566 1936 quod
584 1868 616 1918 in
634 1867 765 1930 buccam,
790 1874 824 1918 ut
841 1865 959 1932 dicitur,
984 1869 1077 1928 venit,
1106 1867 1183 1920 illud
1200 1867 1365 1935 proferunt,

213 1937 359 2012 fingentes
383 1944 412 1989 et
432 1938 684 1993 comminiscentes
707 1953 773 1989 cum
799 1937 929 1992 inaudita
952 1937 1090 1990 vocabula
1116 1939 1179 1992 sine
1203 1937 1285 1990 omni
1302 1937 1367 2008 ple-

213 2008 449 2108 rumque‘4etiam
477 2007 620 2077 ἀναλογίας
638 2015 782 2077 respectu,
809 2014 872 2060 tum
896 2016 1069 2078 usurpantes
1088 2007 1199 2062 aliems
1225 2009 1368 2063 orationis

215 2080 334 2132 liures.
395 2080 457 2132 Mr.

228 2098 258 2168 'g
285 2148 473 2215 Formidines,
498 2148 639 2215 libidines,
665 2148 843 2214 iracundiae]
881 2150 965 2205 Mssti
989 2167 1102 2204 summo
1126 2167 1266 2206 consensu
1291 2148 1368 2204 hauc

213 2220 370 2279 lectionem
395 2228 623 2289 repraesentant.
668 2222 813 2275 Postrema
843 2230 941 2274 tamen
965 2238 1022 2275 vox
1051 2221 1262 2292 interpretibus
1288 2221 1368 2274 haud

212 2291 334 2412 placuit,
354 2289 430 2360 quod
448 2292 628 2345 iracundiam
646 2292 763 2345 libidini
777 2291 1043 2345 subiiciatOicero:
1062 2292 1140 2363 quod
1159 2311 1226 2345 cum
1246 2310 1283 2346 ex
1301 2290 1368 2345 aliis

228 2363 289 2415 ocis
315 2370 380 2413 tum
404 2380 440 2415 ex
464 2361 548 2415 Tuse.
574 2362 626 2415 lib.
646 2363 694 2418 lv,
723 2381 783 2432 cap.
804 2365 829 2415 7.
858 2365 1044 2417 manifestum
1071 2370 1122 2418 est.
1167 2362 1241 2427 Cum
1267 2365 1368 2428 itaque

215 2439 340 2500 quatuor
365 2433 424 2484 sint
446 2432 690 2503 perturbationes,
714 2433 878 2510 aegritudo,
906 2442 1009 2500 metus,
1037 2434 1138 2501 libido,
1163 2441 1192 2488 et
1214 2433 1367 2504 voluptas,

184 2507 187 2514 '
216 2502 309 2555 doctis
336 2503 409 2556 viris
427 2520 486 2557 non
510 2505 549 2558 sit
569 2505 708 2559 credibile
726 2513 871 2570 nostrum,
897 2505 1101 2575 praetermissa
1125 2513 1238 2574 quarta,
1261 2505 1368 2558 tertiae

214 2581 328 2643 partem
356 2573 504 2629 adiecisse.
548 2576 614 2628 Non
644 2584 740 2630 autem
766 2575 883 2640 Tullius
911 2577 962 2640 ait,
998 2594 1028 2629 se
1056 2576 1290 2646 perturbationes
1315 2573 1368 2628 hic

214 2642 333 2712 ἀκριβῶς
351 2663 526 2711 nurnerasse,
544 2646 664 2716 locaque
684 2655 750 2700 sunt
769 2647 825 2700 alia
844 2647 1012 2722 gravissimi
1030 2647 1191 2714 scriptoris,
1211 2646 1367 2714 quassatis

216 2714 371 2769 ostendunt
381 2733 454 2770 »non
481 2726 542 2772 esse
568 2734 622 2769 cur
648 2736 664 2771 a
691 2716 844 2775 (lodicibus
872 2719 1032 2773 recedatur.
1074 2715 1123 2768 Sic
1148 2715 1271 2770 huiusce
1295 2715 1368 2769 libri

215 2803 278 2856 cap.
298 2788 330 2837 V.
369 2787 471 2841 Exisse
495 2804 529 2840 eu
550 2793 690 2855 potestate
716 2789 833 2842 dicimus
851 2805 907 2853 eos,
933 2789 984 2858 qui
1007 2787 1142 2854 effrenati
1168 2789 1298 2853 feruntur
1316 2795 1368 2840 aut

214 2856 337 2910 libidine
362 2866 412 2911 aut
435 2859 593 2912 iracundia.
629 2860 670 2912 Et
695 2861 777 2916 Offie.
803 2858 852 2912 lib.
872 2861 894 2912 1.
925 2877 985 2929 ¹cap.
1005 2862 1049 2914 20.
1091 2859 1251 2912 Vacandum
1277 2865 1369 2911 autem

216 2934 259 2983 est
283 2927 360 2980 omni
382 2928 474 2982 animi
492 2929 716 2998 perturbatione,
754 2937 811 2983 tum
835 2930 995 2999 cupiditate
1017 2936 1044 2983 et
1073 2936 1156 2994 metu,
1194 2935 1252 2982 tum
1282 2928 1369 2981 etiam

216 2998 399 3065 aegritudine
422 3008 448 3052 et
466 3000 607 3068 uoluptate
625 3002 726 3064 animi,
751 3009 778 3065 et
803 3002 960 3056 iracundia.
994 3001 1109 3054 Iterum
1128 3017 1190 3069 cap.
1210 3003 1252 3056 29.
1289 2999 1368 3052 Licet

178 3073 179 3077 ’
216 3083 267 3125 ora
285 3071 347 3137 ipsa
370 3087 483 3124 cernere
506 3072 661 3137 iratorum,
688 3079 737 3124 aut
763 3088 868 3138 eorum,
894 3071 944 3141 qui
967 3071 1090 3125 libidine
1109 3072 1204 3140 aliqua
1229 3077 1277 3122 aut
1294 3076 1369 3123 metu

215 3141 435 3194 commotisunt.
473 3141 696 3207 Quinctilianus-
714 3144 805 3196 lnstit.
825 3145 858 3208 V,
878 3146 903 3199 8.
941 3141 975 3196 Si
998 3145 1074 3206 forte
1098 3143 1166 3212 quid
1188 3143 1295 3207 factum
1314 3142 1368 3206 ira,

215 3212 262 3264 ael
283 3219 367 3279 metu,
393 3214 441 3265 ael
465 3213 625 3282 cupiditate
655 3213 775 3272 dicatur.
817 3215 891 3267 Vide
918 3214 956 3266 sis
981 3222 1010 3265 et
1033 3213 1099 3277 Vll,
1127 3216 1153 3268 2.
1201 3211 1368 3266 Audiendus

217 3284 310 3356 igitur
328 3299 385 3336 non
406 3291 449 3337 est
468 3284 516 3336 Fr.
527 3284 689 3350 Fabricius,
709 3286 760 3355 qui
779 3284 921 3348 libidines,
940 3282 1147 3347 iucunditatem
1165 3283 1258 3337 multo
1270 3291 1368 3337 autem

216 3354 313 3406 minus
332 3353 367 3408 D.
386 3355 551 3419 Lambinus,
572 3356 622 3424 qui
641 3355 782 3422 libidines,
810 3356 978 3425 cupiditates
996 3356 1148 3408 rescribit:
1174 3371 1242 3407 nam
1260 3353 1368 3407 horum

216 3423 372 3477 verborum
391 3425 491 3483 eadem
509 3425 596 3493 plane
616 3434 658 3478 est
676 3435 812 3496 potestas,
832 3415 1071 3498 quemadmodmn
1095 3424 1180 3479 docet
1203 3433 1305 3479 noster
1323 3425 1369 3476 in·

216 3494 264 3546 ira
288 3510 347 3563 cap.
367 3493 417 3544 Xl.
452 3503 632 3564 quapropter
652 3497 712 3551 eius
732 3499 898 3551 coniectura
922 3498 1039 3564 morbo,
1061 3497 1087 3548 si
1110 3498 1162 3567 qui
1181 3495 1228 3561 sit,
1256 3495 1368 3551 nullam

217 3563 312 3617 adfert
330 3565 514 3618 medicinam.
552 3565 588 3620 D.
633 3592 636 3597 ·
1293 3591 1294 3594 ¹
1336 3614 1344 3621 ,

233 3658 234 3663 ’
287 3635 467 3701 formidines,
503 3636 645 3702 libidines,
681 3636 889 3707 iracundiaei]
927 3639 973 3704 „i.
994 3656 1017 3692 e.
1046 3636 1159 3691 diversa
1188 3637 1369 3703 formidinis,

215 3703 358 3771 libidinis,
377 3705 545 3762 iracundiae
562 3725 679 3782 genera.
717 3707 794 3761 Olim
813 3711 994 3763 conieceram
1011 3708 1183 3775 formidinis,
1205 3706 1370 3764 libidinis.“

216 3774 330 3841 Nissen.
366 3776 470 3842 „Cave
496 3786 580 3845 putes
604 3778 769 3832 iracundiae
793 3797 854 3834 esse
875 3781 1046 3834 Genitivum
1071 3780 1107 3832 ad
1125 3779 1259 3834 libidines
1276 3780 1370 3851 perti·

217 3844 368 3902 nentem.“
394 3847 534 3912 FAWolf.
569 3849 678 3903 Laudat
701 3849 747 3906 Or.
774 3850 809 3905 de
829 3850 939 3921 plurali
963 3850 1130 3904 iracundiae
1161 3859 1191 3904 et
1221 3851 1385 3904 similibus-

208 3916 415 3984 ·disputantem
441 3917 589 3972 Bremium
612 3919 647 3973 ad
666 3920 727 3973 cio.
753 3921 789 3976 de
812 3923 896 3975 Finn.
922 3920 945 3974 1.
972 3925 997 3976 8.
1012 3939 1051 3993 Ῥ.
1072 3923 1115 3976 45.
1148 3921 1219 3975 Add.
1246 3922 1307 3977 cic.
1335 3922 1369 3975 de

216 3985 288 4056 Rep.
308 3986 331 4043 1.
350 3990 394 4045 38·
431 3988 510 4056 Ergo
528 4005 582 4044 non
601 4025 633 4034 -
649 3992 797 4060 probares,
824 3992 862 4059 si,
890 3991 1008 4045 consilio
1024 3992 1115 4061 pulso,
1142 3992 1280 4059 libidines,
1299 4008 1370 4062 qaae

216 4064 286 4123 sunt.
315 4057 546 4127 innumerabiles,
578 4061 840 4119 iracundiaeve
870 4068 997 4116 tenerent
1021 4062 1125 4116 omnia.
1157 4064 1189 4114 V.
1214 4082 1280 4139 pag.
1312 4061 1367 4117 Ed.

216 4129 519 4189 nortaldi-Davisii
537 4135 710 4187 sententiam
729 4133 836 4187 merito
854 4134 958 4203 probat
976 4133 1138 4188 Kiihnerus.
1176 4135 1237 4187 Mr.
1323 4168 1340 4193 =.

290 4218 367 4270 llaec
384 4219 458 4272 enim
475 4222 535 4285 fere
553 4228 617 4274 sunt
636 4220 802 4288 eiusmodi,]
838 4222 883 4275 Ad
904 4241 932 4275 v.
952 4221 1018 4276 laec
1037 4223 1112 4277 enim
1131 4223 1280 4277 commode
1299 4239 1370 4279 oon·

217 4291 278 4342 iert
295 4287 391 4342 auhn.
411 4291 556 4346 Graecum
581 4293 663 4347 ταῦτα
679 4295 735 4364 γὰρ
762 4301 791 4346 et
809 4291 893 4348 Tusa.
913 4295 936 4346 1.
957 4297 1000 4350 24.
1020 4297 1070 4350 56:
1091 4325 1125 4335 -
1151 4309 1235 4363 quam
1259 4293 1368 4359 vitis,

213 4363 300 4438 paam
326 4361 489 4417 arboris.-
524 4361 605 4417 laaec
630 4363 704 4417 enim
729 4367 813 4419 etiam
836 4363 956 4419 dicimus
981 4367 1084 4430 uiuere,
1112 4362 1162 4416 ubi
1191 4364 1250 4418 vid.
1276 4373 1369 4418 nostr.

219 4449 283 4491 ann.
313 4433 418 4489 Vocem
444 4442 510 4490 sunt
527 4435 639 4490 omittit
657 4433 727 4491 (iod.
748 4434 823 4490 Gud.
849 4434 994 4491 scribitur
1021 4434 1209 4490 buiuemadi
1232 4436 1264 4490 in
1283 4435 1371 4491 Godd.
