2842 5070
467 274 712 382 =·:nmn,
739 306 792 373 s1.
884 310 914 323 ·‘
981 307 1013 317 ··
1152 266 1225 376 tu

52 465 372 556 ·pot'estate,'.omnes
391 471 520 538 iudicio
540 468 722 558 susceptas,
746 492 861 537 ornnes
882 471 1104 538 voluntarias.
1137 475 1215 540 'Hic

31 580 34 589 ¹
61 560 168 640 igitur
188 564 288 620 error
308 567 360 635 cst
379 555 583 639 eripiendus,
607 557 690 621 haec
710 555 917 620 detrahenda
936 559 1072 639 opinio:
1103 565 1214 640 atque,
1261 561 1265 569 '

61 649 101 703 ut
119 642 158 702 in
178 641 441 722 malisopiuatis
462 639 661 720 tolerabilia,
692 641 740 702 sio
765 640 925 702 inbonis
946 639 1115 703 sedatiora
1135 650 1216 705 sunt

61 817 539 897 iurv‘addera1plnra,'quamhaee
557 827 653 886 omnia
670 826 812 896 disputari
830 843 866 880 ex
879 825 1045 881 Stoicorum
1062 826 1213 893 sententis,

60 914 77 948 a
94 914 153 966 qua
167 897 426 968 Peripateticorum
443 898 586 952 sententis
601 900 689 973 longe
707 897 859 967 discrepat.
885 898 931 951 Ad
947 897 1086 968 loquendi
1104 899 1223 951 formu*
1280 919 1286 928 ³

60 967 121 1019 lain
138 970 214 1029 conf.
234 969 268 1023 de
287 970 323 1023 N.
336 968 369 1021 D.
385 970 407 1022 1.
425 973 450 1024 1.
469 973 499 1028 2:
519 971 592 1039 qnod
610 986 676 1023 uero
694 969 814 1023 mantne
832 985 891 1023 rem
909 985 1024 1023 cansam
1044 970 1215 1023 recontinet

60 1037 248 1106 -inprimis
270 1055 375 1108 magna
400 1041 540 1094 dissensio
566 1047 619 1098 est.
664 1041 699 1092 Iu
723 1040 809 1093 codd.
837 1040 914 1107 Gud,
936 1048 966 1093 et
989 987 1079 1094 lidio.
1102 1039 1216 1115 legitur

60 1123 186 1174 cansas;
211 1111 353 1180 posterior
376 1109 463 1164 habet
488 1113 518 1166 in
542 1118 640 1164 nestra
663 1117 799 1181 potestate
824 1120 892 1164 esse.
930 1113 997 1164 Mox
1013 1129 1088 1163 unus
1107 1110 1158 1163 Ox‘.
1177 1108 1215 1164 its
1282 1171 1283 1174 Ἴ

60 1179 182 1245 iadiei03
213 1181 286 1234 Gud.
312 1180 495 1250 seraptenas,
528 1182 676 1251 frequenti
702 1180 944 1245 confusionefde
970 1199 1025 1251 qua
1043 1180 1108 1235 ‘non
1123 1181 1215 1234 semel

60 1251 231 1305 monuimus.
270 1252 304 1304 In
321 1252 461 1322 proximis
480 1253 536 1305 duc
555 1254 625 1309 Onx.
645 1251 760 1323 sapidus
777 1268 831 1322 pro
849 1252 1018 1319 eripiendas,
1039 1250 1113 1328 Aug.
1133 1251 1214 1306 arri·

56 1319 189 1390 pientius,
215 1332 288 1375 unus
308 1323 357 1376 Ox.
377 1322 557 1392 opinionis
583 1324 675 1379 Rehd.
702 1339 783 1378 error
800 1330 843 1378 est
870 1323 1123 1390 deterrendus,
1150 1331 1214 1379 tum

60 1392 133 1447 Gud.
161 1400 194 1446 et
220 1392 288 1446 leaeo
312 1395 382 1446 detr.
419 1394 480 1453 Mo.
682 1403 684 1408 '
881 1446 883 1450 ,
1061 1424 1064 1429 -

64 1474 79 1501 ·¹
130 1457 187 1518 Hie
204 1466 298 1532 igitar
315 1480 399 1518 error
416 1472 458 1517 est
476 1463 644 1534 eripiendus,
663 1462 731 1519 iaec
749 1462 917 1538 detrudendo
935 1463 1041 1534 opinio:
1061 1472 1145 1534 atque
1160 1464 1214 1533 φ]

58 1535 115 1600 „ln
133 1537 264 1588 omnibus
282 1537 344 1588 iere
363 1536 445 1588 libris
460 1536 605 1589 veteribus
623 1537 819 1606 descriptum
836 1535 935 1607 reperi
953 1535 1022 1589 llaec
1038 1535 1213 1595 detrahenda

59 1605 193 1673 opinione
215 1613 409 1660 wasererent:
439 1613 523 1677 atque
546 1614 578 1660 nt
603 1606 635 1661 in
656 1607 795 1660 malis-
821 1607 898 1676 quod
920 1607 1060 1661 tectorem
1087 1605 1215 1660 celatum

58 1675 114 1729 bac
133 1677 258 1730 editione
286 1678 384 1741 nolui,
404 1678 428 1731 si
451 1678 527 1748 'quid
549 1681 625 1739 forte
650 1696 686 1732 ex
706 1679 761 1731 hac
784 1679 929 1749 scriptura
951 1678 1019 1731 boni
1044 1678 1114 1731 elici
1131 1687 1225 1748 posse‘
1315 1686 1318 1694 ’

59 1748 264 1804 existimarit.“
283 1748 443 1802 Lambinus.
464 1749 553 1815 „eod
574 1749 688 1820 Gryph.
707 1748 777 1803 laea
793 1747 965 1803 detrahenda
983 1750 1132 1818 opinione
1148 1764 1214 1803 con·
1239 1799 1242 1804 .

46 1827 198 1872 sererent,
225 1820 365 1886 Fortasse,
396 1837 433 1873 ex
457 1821 546 1872 verbo
564 1829 703 1890 corrupto
724 1826 912 1888 consererent,
942 1820 1098 1894 legendum
1121 1836 1216 1875 eom

59 1895 164 1943 nessei.
201 1891 345 1960 Equidem
365 1892 416 1942 vix
439 1898 510 1962 puto
534 1899 643 1946 temere
669 1892 782 1958 venisse
806 1891 837 1943 in
856 1899 985 1945 mentem
1007 1890 1127 1944 librario
1145 1908 1215 1944 ver·

57 1959 127 2012 bu'm
151 1962 299 2036 integrum
323 1961 426 2016 addere
453 1961 488 2014 de
512 1977 569 2014 suo.
607 1963 650 2015 Ea
667 1971 763 2017 autem
780 1963 875 2016 somna
900 1962 1059 2016 literarum
1077 1963 1101 2014 is
1118 1962 1215 2014 utitur
1241 2015 1243 2018 Α
1316 1978 1320 1985 ·

59 2032 92 2083 in
110 2033 306 2098 describendo,
327 2041 361 2084 ut
377 2050 441 2085 mea
459 2031 623 2086 coniectura
642 2034 762 2087 minime
780 2033 867 2107 longe
885 2051 901 2085 a
919 2048 988 2086 vero
1007 2028 1101 2086 abesse
1118 2032 1216 2086 videa·
1252 2045 1255 2048 ’

58 2103 141 2157 tur.“
158 2105 271 2156 Brutus.
310 2103 434 2170 „Quaem
453 2120 565 2174 quaeso,
585 2120 715 2173 errorem
734 2103 923 2173 eripiendum,
943 2122 1029 2174 quam
1047 2104 1215 2175 opinionem

58 2172 262 2229 detrahendam
282 2176 382 2227 statuit
399 2175 532 2227 Tullius?
560 2175 606 2227 An
626 2193 698 2239 eam,
724 2192 797 2246 quae
820 2175 1051 2246 perturbationes
1069 2190 1165 2228 omnes
1181 2174 1215 2228 itt

57 2253 153 2301 nostra
170 2252 315 2315 potestate,
328 2263 426 2316 'coenes
443 2246 549 2300 indicio
567 2253 717 2315 emceptas,
737 2262 833 2300 omnes
851 2246 1027 2299 voluntarias
1038 2263 1096 2300 esse
1111 2246 1215 2317 ponit?

54 2316 100 2381 'At
116 2334 147 2370 ea
165 2317 354 2380 moderandis,
374 2334 415 2382 ac,
433 2318 458 2368 si
476 2317 577 2382 suavis,
596 2319 732 2372 tollendis
743 2317 893 2371 affectibus
910 2326 953 2371 est
968 2316 1139 2372 utilissimas
1159 2332 1214 2371 nec

58 2396 158 2440 noster
175 2396 225 2440 aut
243 2388 403 2440 oratoriam
421 2395 471 2440 aut
488 2388 528 2440 Lo
550 2388 624 2440 icam
642 2397 700 2441 tam
718 2405 853 2459 perverse
871 2389 983 2453 didicit,
1001 2396 1035 2439 ut
1053 2401 1112 2440 non
1128 2387 1215 2442 modo
1262 2381 1283 2452 f

33 2466 39 2482 '
57 2458 113 2510 sibi
129 2457 307 2534 repugnaret
324 2459 411 2523 <hanc
429 2458 508 2510 enisu
525 2405 696 2512 dtoicorum·
707 2459 880 2511 sententiam
897 2460 1001 2530 passim
1019 2459 1137 2526 laudat),
1164 2458 1215 2512 sed

10 2546 19 2557 “
58 2537 88 2581 et
107 2530 145 2593 id,
178 2530 254 2599 quod
279 2547 390 2583 causam
413 2547 492 2581 suam
511 2530 651 2598 continet,
675 2528 885 2582 detrahendum
903 2530 1116 2600 pronuntiaret.
1152 2529 1219 2584 MS·-

58 2600 172 2670 Gryph.
187 2609 224 2671 *et
242 2601 341 2653 cuncti
359 2603 421 2654 iere
439 2600 509 2653 libri
523 2609 648 2665 ¹ueteres,
675 2610 709 2653 ut
724 2609 849 2653 testatur
872 2601 1035 2667 Lambinus,
1061 2600 1213 2654 exhibente

56 2668 104 2724 hie
121 2672 213 2738 igitur
230 2687 312 2724 error
334 2679 376 2725 est
404 2671 574 2741 eripiendae,
605 2671 672 2727 leam
698 2671 867 2725 detrahenda
886 2671 1015 2740 opinione
1037 2671 1099 2735 (vel
1115 2671 1216 2741 opinio

56 2741 108 2810 ne)
130 2751 311 2796 consererent.
358 2745 502 2795 Postrema
523 2744 611 2797 verba
633 2751 701 2796 sunt
725 2743 836 2798 nihili..
863 2741 970 2795 Brutus
997 2742 1215 2796 rescribendum

56 2811 197 2868 coniecits
217 2812 285 2868 laea
303 2812 474 2868 detrudendo
491 2813 595 2883 opinio,
614 2831 648 2869 ne
666 2821 846 2868 consenescat.
885 2814 1105 2888 lpse-legerim:
1124 2814 1214 2868 itaer

57 2887 172 2955 (nempe
200 2904 242 2949 re,
270 2903 356 2954 quain
380 2886 479 2954 paullo
506 2895 572 2939 ante
598 2887 696 2956 posuit
718 2886 834 2949 cicero)
857 2886 930 2940 Hae
952 2884 1050 2952 igitur
1070 2898 1153 2940 error
1170 2889 1213 2939 est

56 2956 233 3026 eripienduss
256 2953 402 3024 lanosae,
428 2962 458 3007 nt
476 2957 507 3008 in
525 2957 613 3010 molis
625 2957 750 3024 opinatio
769 2965 823 3010 etc.
860 2959 962 3022 Voces,
992 2974 1062 3026 quas
1080 2956 1228 3010 delendas*

55 3027 193 3091 arbitror,
211 3027 307 3095 primo
325 3030 422 3078 forsan
442 3025 768 3103 codicum‘marginibus
782 3027 942 3098 adscriptae
954 3028 996 3080 sic
1009 3045 1039 3080 se
1056 3026 1212 3081 habebants

56 3095 107 3150 tes
127 3096 318 3151 detrahendae
341 3098 487 3165 opiniones
509 3105 690 3164 censuerant3
718 3099 786 3150 dein
811 3100 906 3151 textui
928 3106 1061 3166 receptae
1084 3099 1116 3149 in
1139 3115 1232 3163 eam,-

57 3186 144 3237 quam
162 3169 233 3222 libri
252 3169 329 3233 dant,
348 3170 472 3220 ferinam
490 3176 557 3221 sunt
574 3169 713 3224 redactae.
742 3168 796 3222 Sed
814 3167 871 3221 hoc
885 3177 928 3222 est
944 3166 1119 3223 hariolarif‘
1136 3169 1212 3230 Dav.

56 3241 110 3295 Ed.
130 3241 155 3292 2.
193 3240 296 3292 Merito
315 3256 372 3291 non
392 3247 549 3306 extremam
566 3248 680 3298 tantum
698 3239 890 3299 annotationis
913 3247 1036 3310 partem,
1058 3238 1107 3292 sed
1124 3246 1215 3295 totam

56 3310 176 3363 dixisset
205 3310 437 3364 hariolationem.
480 3310 559 3377 Quod
590 3329 680 3380 quum
704 3311 766 3381 ipse
789 3311 907 3363 sensisse
931 3309 1073 3374 videatur,
1102 3309 1212 3373 in-Ed,

56 3382 145 3435 tertia
163 3399 225 3435 eam
243 3382 361 3435 silentio
379 3381 498 3453 pressit:
531 3382 607 3452 quod
624 3381 849 3452 nobissquidem,
875 3397 930 3452 pro
947 3381 1215 3434 editionis-nostras

56 3453 187 3518 consilio,
220 3454 314 3507 iacere
342 3470 402 3506 non
428 3452 523 3505 licuit.
561 3453 698 3506 Ceterum
722 3452 799 3522 quod
823 3453 864 3504 ait
886 3451 983 3515 hamb,
1007 3459 1125 3504 cunctos
1148 3453 1215 3506 iere
1227 3483 1236 3512 2

55 3524 147 3576 libros
164 3518 279 3578 ueteres
302 3523 562 3594 habere-opinione
579 3521 755 3578 consererent
780 3524 884 3576 verum
906 3539 965 3575 non
989 3531 1039 3577 est.
1075 3519 1160 3583 Solus
1178 3539 1233 3577 en:

55 3592 187 3647 omuibus
204 3597 309 3647 nostris
320 3596 394 3649 Gud.
405 3597 432 3650 i.
451 3595 538 3648 babet
546 3597 659 3664 opinio'e
676 3595 797 3648 condent
812 3593 895 3658 (sic)=
914 3594 1024 3665 raiiqei
1042 3594 1234 3647 cumomni<-

55 3662 199 3719 bus·Edd.
216 3666 348 3717 iaciunt„
376 3668 490 3720 (nnittit
508 3667 585 3720 idem
603 3666 677 3721 Gud.
697 3669 725 3722 2.
744 3667 775 3719 in
792 3672 860 3718 ante
876 3665 970 3718 malis.
1008 3666 1069 3719 Me.

80 3772 84 3779 -
131 3734 367 3803 Tolerabiliora1²
388 3737 436 3790 Sic
453 3739 613 3803 Asceusius,
638 3739 782 3803 Erasmus,
802 3737 949 3788 Menariae
973 3744 1004 3788 et
1021 3735 1082 3788 elii.
1118 3735 1228 3810 Vulgo¹

56 3806 226 3871 tolerabilia,
256 3804 331 3876 quod
349 3825 385 3860 ex
403 3807 460 3859 suis
474 3807 625 3869 codicibus
647 3815 712 3880 post
729 3807 891 3861 victorium
914 3805 1018 3858 intulit
1035 3806 1213 3872 Gebhardus,
1232 3803 1237 3842 ἶ

55 3892 112 3932 nes
129 3878 162 3930 ab
181 3877 217 3928 iis
229 3878 374 3930 ‘recedunt
395 3879 496 3932 nostri.
534 3879 571 3935 D.
616 3904 633 3921 κ
719 3895 720 3900 “
824 3901 826 3907 ·
1222 3904 1225 3909 ’

129 3944 300 4014 tolerabilia]
312 3947 408 4013 „Dan
429 3948 511 4001 dedit
525 3926 753 4004 tolerabiliora:
776 3950 891 4020 putavit
907 3949 938 4001 id
954 3950 1130 4018 respondere
1147 3949 1215 4005 voci

56 4019 217 4075 sedatiora:
247 4019 323 4088 quud
349 4036 408 4073 non
430 4027 481 4081 est.
506 4019 645 4074 'Scilicet
670 4021 815 4074 sedatiora
843 4021 978 4090 pertinet·
997 4020 1031 4074 ad
1055 4029 1227 4090 unumque·

56 4091 228 4155 membrum,
248 4099 491 4161 opponunturque
509 4091 673 4145 tolerabilia
690 4092 726 4142 in
738 4090 824 4144 maus
841 4098 875 4143 et
889 4105 994 4157 megara
1013 4107 1047 4144 ac
1064 4090 1213 4145 indebitis

55 4163 88 4215 iu
106 4161 202 4215 bank.-
220 4168 344 4232 utraque
364 4170 429 4214 suut
448 4162 600 4216 efficienda
622 4161 798 4217 sedatiora.“
817 4158 885 4213 iden.
923 4160 1119 4225 ‚detonante
1137 4161 1213 4226 dedi,

56 4234 133 4301 quod
149 4233 256 4286 habent
274 4242 305 4285 et
321 4233 374 4286 Ed.
394 4233 503 4287 Victor.
524 4241 553 4287 et
572 4240 696 4302 mnenon
713 4232 783 4285 salt.
809 4248 842 4283 ac
862 4232 951 4284 Vatio.
988 4233 1084 4308 Vulgo
1107 4235 1213 4286 totera-

56 4302 195 4358 biliora.“
213 4301 296 4357 Gella.
333 4303 438 4371 „Quod
457 4303 530 4356 dicit
547 4310 579 4358 nt
598 4303 628 4356 in
646 4302 730 4356 malis
749 4301 1078 4366 tolerabiliaccncisius
1100 4302 1213 4354 dictum
1297 4296 1309 4304 ’

57 4381 110 4436 est,
129 4374 169 4427 iu
186 4383 219 4426 ut
237 4375 429 4447 supplendum
446 4375 499 4445 sits
522 4391 570 4441 ea,
595 4390 673 4446 qnae,
684 4373 953 4443 *malardacunturf‘
977 4371 1070 4428 Keiln.
1108 4373 1213 4426 Merito

44 4446 116 4511 siam
139 4444 312 4520 irnpmbavit
329 4446 528 4518 Wopkensias'
553 4446 578 4500 l·
594 4461 620 4500 c.
644 4462 674 4517 p·
693 4447 755 4503 ili.
781 4442 864 4513 [299.
883 4443 997 4512 Hand-l
1021 4449 1172 4514 receptum
1195 4461 1212 4496 a
