<?xml version="1.0" encoding="UTF-8"?>
<!DOCTYPE html PUBLIC "-//W3C//DTD XHTML 1.0 Transitional//EN"
    "http://www.w3.org/TR/xhtml1/DTD/xhtml1-transitional.dtd">
<html xmlns="http://www.w3.org/1999/xhtml" xml:lang="en" lang="en">
 <head>
  <title>
</title>
<meta http-equiv="Content-Type" content="text/html;charset=utf-8" />
  <meta name='ocr-system' content='tesseract 3.04.00' />
  <meta name='ocr-capabilities' content='ocr_page ocr_carea ocr_par ocr_line ocrx_word'/>
</head>
<body>
  <div class='ocr_page' id='page_1' title='image "./mtulliiciceroni00davigoog_0335.png"; bbox 0 0 2842 5070; ppageno 0'>
   <div class='ocr_carea' id='block_1_1' title="bbox 196 291 1154 366">
    <p class='ocr_par' dir='ltr' id='par_1_1' title="bbox 196 291 1154 366">
     <span class='ocr_line' id='line_1_1' title="bbox 196 291 1154 366; baseline -0.007 0"><span class='ocrx_word' id='word_1_1' title='bbox 196 299 260 366; x_wconf 76' lang='lat'><strong>326</strong></span> <span class='ocrx_word' id='word_1_2' title='bbox 400 294 630 360; x_wconf 84' lang='lat' dir='ltr'>CICERONIS</span> <span class='ocrx_word' id='word_1_3' title='bbox 651 291 901 360; x_wconf 77' lang='lat' dir='ltr'><strong>TUSCULAN.</strong></span> <span class='ocrx_word' id='word_1_4' title='bbox 922 292 1154 359; x_wconf 82' lang='lat' dir='ltr'><strong>DISPUTAT.</strong></span> 
     </span>
    </p>
   </div>
   <div class='ocr_carea' id='block_1_2' title="bbox 197 459 1366 625">
    <p class='ocr_par' dir='ltr' id='par_1_2' title="bbox 197 459 1366 625">
     <span class='ocr_line' id='line_1_2' title="bbox 197 459 1357 544; baseline -0.003 -19"><span class='ocrx_word' id='word_1_5' title='bbox 197 467 246 525; x_wconf 87' lang='lat' dir='ltr'><strong>ris</strong></span> <span class='ocrx_word' id='word_1_6' title='bbox 267 462 476 544; x_wconf 78' lang='lat' dir='ltr'><strong>temperatio,</strong></span> <span class='ocrx_word' id='word_1_7' title='bbox 507 482 608 542; x_wconf 90' lang='lat' dir='ltr'><strong>quum</strong></span> <span class='ocrx_word' id='word_1_8' title='bbox 630 480 671 522; x_wconf 83' lang='lat' dir='ltr'><strong>ea</strong></span> <span class='ocrx_word' id='word_1_9' title='bbox 692 480 752 522; x_wconf 91' lang='lat' dir='ltr'><strong>con</strong></span> <span class='ocrx_word' id='word_1_10' title='bbox 778 469 880 521; x_wconf 88' lang='lat' dir='ltr'><strong>ruunt</strong></span> <span class='ocrx_word' id='word_1_11' title='bbox 901 462 992 523; x_wconf 87' lang='lat' dir='ltr'><strong>inter</strong></span> <span class='ocrx_word' id='word_1_12' title='bbox 1013 479 1060 536; x_wconf 88' lang='lat' dir='ltr'><strong>se,</strong></span> <span class='ocrx_word' id='word_1_13' title='bbox 1093 459 1255 541; x_wconf 80' lang='lat' dir='ltr'>equibus</span> <span class='ocrx_word' id='word_1_14' title='bbox 1275 474 1357 521; x_wconf 88' lang='lat' dir='ltr'><strong>con·</strong></span> 
     </span>
     <span class='ocr_line' id='line_1_3' title="bbox 197 541 1366 625; baseline -0.002 -17"><span class='ocrx_word' id='word_1_15' title='bbox 197 556 333 622; x_wconf 84' lang='lat' dir='ltr'><strong>stamus,</strong></span> <span class='ocrx_word' id='word_1_16' title='bbox 355 548 489 608; x_wconf 86' lang='lat' dir='ltr'><strong>sanitas.</strong></span> <span class='ocrx_word' id='word_1_17' title='bbox 540 543 596 605; x_wconf 88' lang='lat' dir='ltr'><strong>Sic</strong></span> <span class='ocrx_word' id='word_1_18' title='bbox 616 545 720 604; x_wconf 86' lang='lat' dir='ltr'><strong>animi</strong></span> <span class='ocrx_word' id='word_1_19' title='bbox 762 546 878 622; x_wconf 83' lang='lat' dir='ltr'><strong>icitur,</strong></span> <span class='ocrx_word' id='word_1_20' title='bbox 908 563 1010 625; x_wconf 81' lang='lat' dir='ltr'><strong>quum</strong></span> <span class='ocrx_word' id='word_1_21' title='bbox 1040 544 1110 605; x_wconf 87' lang='lat' dir='ltr'><strong>eius</strong></span> <span class='ocrx_word' id='word_1_22' title='bbox 1131 541 1260 605; x_wconf 85' lang='lat' dir='ltr'><strong>iudicia</strong></span> <span class='ocrx_word' id='word_1_23' title='bbox 1281 545 1366 625; x_wconf 75' lang='lat' dir='ltr'><strong>opi·‚</strong></span> 
     </span>
    </p>
   </div>
   <div class='ocr_carea' id='block_1_3' title="bbox 128 728 1357 1508">
    <p class='ocr_par' dir='ltr' id='par_1_3' title="bbox 128 728 1357 1159">
     <span class='ocr_line' id='line_1_4' title="bbox 195 728 1357 805; baseline 0.002 -23"><span class='ocrx_word' id='word_1_24' title='bbox 195 730 238 783; x_wconf 86' lang='lat' dir='ltr'><strong>ita</strong></span> <span class='ocrx_word' id='word_1_25' title='bbox 256 731 375 805; x_wconf 84' lang='lat' dir='ltr'><strong>legitur,</strong></span> <span class='ocrx_word' id='word_1_26' title='bbox 394 736 428 782; x_wconf 90' lang='lat' dir='ltr'><strong>ut</strong></span> <span class='ocrx_word' id='word_1_27' title='bbox 446 731 588 785; x_wconf 82' lang='lat' dir='ltr'><strong>edendum</strong></span> <span class='ocrx_word' id='word_1_28' title='bbox 606 731 789 791; x_wconf 78' lang='lat' dir='ltr'><strong>curavimusa</strong></span> <span class='ocrx_word' id='word_1_29' title='bbox 812 729 871 783; x_wconf 88' lang='lat' dir='ltr'><strong>nisi</strong></span> <span class='ocrx_word' id='word_1_30' title='bbox 890 728 967 798; x_wconf 88' lang='lat' dir='ltr'><strong>quod</strong></span> <span class='ocrx_word' id='word_1_31' title='bbox 985 728 1065 782; x_wconf 88' lang='lat' dir='ltr'><strong>deest</strong></span> <span class='ocrx_word' id='word_1_32' title='bbox 1083 729 1254 783; x_wconf 77' lang='lat' dir='ltr'>adverbium</span> <span class='ocrx_word' id='word_1_33' title='bbox 1273 730 1357 784; x_wconf 86' lang='lat' dir='ltr'><strong>simi·</strong></span> 
     </span>
     <span class='ocr_line' id='line_1_5' title="bbox 195 801 1356 872; baseline 0.003 -19"><span class='ocrx_word' id='word_1_34' title='bbox 195 802 332 866; x_wconf 84' lang='lat' dir='ltr'><strong>litudinis</strong></span> <span class='ocrx_word' id='word_1_35' title='bbox 356 809 397 866; x_wconf 90' lang='lat' dir='ltr'><strong>ut,</strong></span> <span class='ocrx_word' id='word_1_36' title='bbox 426 803 503 872; x_wconf 89' lang='lat' dir='ltr'><strong>quod</strong></span> <span class='ocrx_word' id='word_1_37' title='bbox 525 820 541 855; x_wconf 85' lang='lat' dir='ltr'><strong>a</strong></span> <span class='ocrx_word' id='word_1_38' title='bbox 566 802 688 855; x_wconf 86' lang='lat' dir='ltr'><strong>librario</strong></span> <span class='ocrx_word' id='word_1_39' title='bbox 712 804 850 854; x_wconf 87' lang='lat' dir='ltr'><strong>omissum</strong></span> <span class='ocrx_word' id='word_1_40' title='bbox 874 808 1011 870; x_wconf 81' lang='lat' dir='ltr'><strong>putamus</strong></span> <span class='ocrx_word' id='word_1_41' title='bbox 1036 808 1160 869; x_wconf 86' lang='lat' dir='ltr'><strong>propter</strong></span> <span class='ocrx_word' id='word_1_42' title='bbox 1185 801 1309 871; x_wconf 81' lang='lat' dir='ltr'><strong>copulae</strong></span> <span class='ocrx_word' id='word_1_43' title='bbox 1320 805 1356 856; x_wconf 83' lang='lat' dir='ltr'><strong>&#39;et</strong></span> 
     </span>
     <span class='ocr_line' id='line_1_6' title="bbox 197 871 1355 941; baseline -0.002 -14"><span class='ocrx_word' id='word_1_44' title='bbox 197 874 458 929; x_wconf 82' lang='lat' dir='ltr'><strong>similitudinem.“</strong></span> <span class='ocrx_word' id='word_1_45' title='bbox 482 873 640 927; x_wconf 73' lang='lat' dir='ltr'><strong><em>Lambinus.</em></strong></span> <span class='ocrx_word' id='word_1_46' title='bbox 679 874 744 938; x_wconf 87' lang='lat' dir='ltr'><strong>„ln</strong></span> <span class='ocrx_word' id='word_1_47' title='bbox 768 871 898 941; x_wconf 83' lang='lat' dir='ltr'><strong>Grypbii</strong></span> <span class='ocrx_word' id='word_1_48' title='bbox 922 873 1008 936; x_wconf 79' lang='lat' dir='ltr'><strong>libro,</strong></span> <span class='ocrx_word' id='word_1_49' title='bbox 1035 879 1102 941; x_wconf 91' lang='lat' dir='ltr'><strong>post</strong></span> <span class='ocrx_word' id='word_1_50' title='bbox 1119 887 1224 925; x_wconf 81' lang='lat' dir='ltr'><strong>rocem</strong></span> <span class='ocrx_word' id='word_1_51' title='bbox 1249 874 1355 940; x_wconf 88' lang='lat' dir='ltr'><strong>animo,</strong></span> 
     </span>
     <span class='ocr_line' id='line_1_7' title="bbox 196 932 1356 1018; baseline 0 -20"><span class='ocrx_word' id='word_1_52' title='bbox 196 948 270 998; x_wconf 88' lang='lat' dir='ltr'><strong>enim</strong></span> <span class='ocrx_word' id='word_1_53' title='bbox 294 932 433 1015; x_wconf 80' lang='lat' dir='ltr'><strong>corrdpte</strong></span> <span class='ocrx_word' id='word_1_54' title='bbox 458 945 580 1018; x_wconf 82' lang='lat' dir='ltr'><strong>legitur,</strong></span> <span class='ocrx_word' id='word_1_55' title='bbox 605 951 639 996; x_wconf 92' lang='lat' dir='ltr'><strong>ut</strong></span> <span class='ocrx_word' id='word_1_56' title='bbox 662 945 727 997; x_wconf 81' lang='lat' dir='ltr'><strong>veri</strong></span> <span class='ocrx_word' id='word_1_57' title='bbox 752 943 851 996; x_wconf 87' lang='lat' dir='ltr'><strong>simile</strong></span> <span class='ocrx_word' id='word_1_58' title='bbox 869 945 918 1008; x_wconf 85' lang='lat' dir='ltr'><strong>sit,</strong></span> <span class='ocrx_word' id='word_1_59' title='bbox 943 942 1057 1013; x_wconf 88' lang='lat' dir='ltr'><strong>lapsum</strong></span> <span class='ocrx_word' id='word_1_60' title='bbox 1075 942 1232 995; x_wconf 85' lang='lat' dir='ltr'><strong>librarium</strong></span> <span class='ocrx_word' id='word_1_61' title='bbox 1254 945 1287 996; x_wconf 89' lang='lat' dir='ltr'><strong>in</strong></span> <span class='ocrx_word' id='word_1_62' title='bbox 1304 943 1356 998; x_wconf 88' lang='lat' dir='ltr'><strong>de·</strong></span> 
     </span>
     <span class='ocr_line' id='line_1_8' title="bbox 196 1014 1354 1090; baseline -0.002 -20"><span class='ocrx_word' id='word_1_63' title='bbox 196 1017 348 1070; x_wconf 82' lang='lat' dir='ltr'><strong>scribendo</strong></span> <span class='ocrx_word' id='word_1_64' title='bbox 375 1034 410 1068; x_wconf 88' lang='lat' dir='ltr'><strong>ex</strong></span> <span class='ocrx_word' id='word_1_65' title='bbox 436 1015 580 1076; x_wconf 86' lang='lat' dir='ltr'><strong>similibus</strong></span> <span class='ocrx_word' id='word_1_66' title='bbox 605 1015 702 1068; x_wconf 89' lang='lat' dir='ltr'><strong>literis</strong></span> <span class='ocrx_word' id='word_1_67' title='bbox 726 1014 882 1067; x_wconf 87' lang='lat' dir='ltr'><strong>contractis</strong></span> <span class='ocrx_word' id='word_1_68' title='bbox 906 1015 1074 1090; x_wconf 82' lang='lat' dir='ltr'><strong>angustiore</strong></span> <span class='ocrx_word' id='word_1_69' title='bbox 1102 1014 1205 1083; x_wconf 87' lang='lat' dir='ltr'><strong>spatio,</strong></span> <span class='ocrx_word' id='word_1_70' title='bbox 1240 1031 1354 1081; x_wconf 85' lang='lat' dir='ltr'><strong>vocem,</strong></span> 
     </span>
     <span class='ocr_line' id='line_1_9' title="bbox 128 1084 1355 1159; baseline 0 -18"><span class='ocrx_word' id='word_1_71' title='bbox 128 1136 131 1141; x_wconf 92' lang='lat'><strong>.</strong></span> <span class='ocrx_word' id='word_1_72' title='bbox 196 1105 267 1159; x_wconf 86' lang='lat' dir='ltr'><strong>quae</strong></span> <span class='ocrx_word' id='word_1_73' title='bbox 290 1088 372 1139; x_wconf 83' lang='lat' dir='ltr'><strong>nulia</strong></span> <span class='ocrx_word' id='word_1_74' title='bbox 396 1086 452 1138; x_wconf 91' lang='lat' dir='ltr'><strong>hoc</strong></span> <span class='ocrx_word' id='word_1_75' title='bbox 476 1088 541 1140; x_wconf 87' lang='lat' dir='ltr'><strong>loco</strong></span> <span class='ocrx_word' id='word_1_76' title='bbox 566 1093 650 1152; x_wconf 84' lang='lat' dir='ltr'><strong>esset,</strong></span> <span class='ocrx_word' id='word_1_77' title='bbox 676 1092 915 1154; x_wconf 74' lang='lat' dir='ltr'><strong>repraesentasse.</strong></span> <span class='ocrx_word' id='word_1_78' title='bbox 960 1085 1015 1150; x_wconf 88' lang='lat' dir='ltr'><strong>lta,</strong></span> <span class='ocrx_word' id='word_1_79' title='bbox 1049 1101 1085 1136; x_wconf 77' lang='lat' dir='ltr'><strong>ex</strong></span> <span class='ocrx_word' id='word_1_80' title='bbox 1119 1084 1228 1138; x_wconf 90' lang='lat' dir='ltr'><strong>duabus</strong></span> <span class='ocrx_word' id='word_1_81' title='bbox 1255 1085 1355 1141; x_wconf 86' lang='lat' dir='ltr'><strong>literis</strong></span> 
     </span>
    </p>

    <p class='ocr_par' dir='ltr' id='par_1_4' title="bbox 172 1154 1355 1508">
     <span class='ocr_line' id='line_1_10' title="bbox 172 1154 1354 1231; baseline 0.001 -22"><span class='ocrx_word' id='word_1_82' title='bbox 172 1159 342 1230; x_wconf 58' lang='lat' dir='ltr'><strong>prioribus</strong></span> <span class='ocrx_word' id='word_1_83' title='bbox 366 1157 470 1227; x_wconf 87' lang='lat' dir='ltr'><strong>copula</strong></span> <span class='ocrx_word' id='word_1_84' title='bbox 493 1164 527 1224; x_wconf 89' lang='lat' dir='ltr'><strong>et,</strong></span> <span class='ocrx_word' id='word_1_85' title='bbox 559 1175 595 1210; x_wconf 82' lang='lat' dir='ltr'><strong>ex</strong></span> <span class='ocrx_word' id='word_1_86' title='bbox 620 1157 806 1225; x_wconf 78' lang='lat' dir='ltr'><strong>sequentibus</strong></span> <span class='ocrx_word' id='word_1_87' title='bbox 831 1161 860 1208; x_wconf 85' lang='lat' dir='ltr'><strong>ut</strong></span> <span class='ocrx_word' id='word_1_88' title='bbox 882 1154 1004 1220; x_wconf 83' lang='lat' dir='ltr'><strong>effectis,</strong></span> <span class='ocrx_word' id='word_1_89' title='bbox 1029 1171 1087 1207; x_wconf 91' lang='lat' dir='ltr'><strong>non</strong></span> <span class='ocrx_word' id='word_1_90' title='bbox 1115 1172 1202 1231; x_wconf 78' lang='lat' dir='ltr'><strong>aegro</strong></span> <span class='ocrx_word' id='word_1_91' title='bbox 1227 1155 1309 1210; x_wconf 87' lang='lat' dir='ltr'><strong>lacus</strong></span> <span class='ocrx_word' id='word_1_92' title='bbox 1338 1173 1354 1210; x_wconf 87' lang='lat' dir='ltr'><strong>a</strong></span> 
     </span>
     <span class='ocr_line' id='line_1_11' title="bbox 195 1226 1355 1298; baseline -0.002 -16"><span class='ocrx_word' id='word_1_93' title='bbox 195 1229 335 1282; x_wconf 78' lang='lat' dir='ltr'><strong>bambino</strong></span> <span class='ocrx_word' id='word_1_94' title='bbox 353 1231 450 1298; x_wconf 92' lang='lat' dir='ltr'><strong>potuit</strong></span> <span class='ocrx_word' id='word_1_95' title='bbox 468 1227 648 1281; x_wconf 85' lang='lat' dir='ltr'><strong>emendari.“</strong></span> <span class='ocrx_word' id='word_1_96' title='bbox 665 1228 749 1279; x_wconf 87' lang='lat' dir='ltr'><strong>Brut.</strong></span> <span class='ocrx_word' id='word_1_97' title='bbox 786 1227 883 1292; x_wconf 87' lang='lat' dir='ltr'><strong>„Sunt</strong></span> <span class='ocrx_word' id='word_1_98' title='bbox 901 1227 968 1278; x_wconf 90' lang='lat' dir='ltr'><strong>item</strong></span> <span class='ocrx_word' id='word_1_99' title='bbox 987 1229 1016 1280; x_wconf 86' lang='lat' dir='ltr'><strong>in</strong></span> <span class='ocrx_word' id='word_1_100' title='bbox 1040 1226 1142 1280; x_wconf 85' lang='lat' dir='ltr'><strong>animo.</strong></span> <span class='ocrx_word' id='word_1_101' title='bbox 1183 1228 1278 1280; x_wconf 59' lang='lat' dir='ltr'><strong>Enim*</strong></span> <span class='ocrx_word' id='word_1_102' title='bbox 1290 1244 1355 1280; x_wconf 91' lang='lat' dir='ltr'><strong>car-</strong></span> 
     </span>
     <span class='ocr_line' id='line_1_12' title="bbox 193 1297 1352 1373; baseline 0 -20"><span class='ocrx_word' id='word_1_103' title='bbox 193 1301 275 1368; x_wconf 82' lang='lat' dir='ltr'><strong>paris</strong></span> <span class='ocrx_word' id='word_1_104' title='bbox 294 1307 375 1367; x_wconf 86' lang='lat' dir='ltr'><strong>temp.</strong></span> <span class='ocrx_word' id='word_1_105' title='bbox 415 1299 502 1352; x_wconf 84' lang='lat' dir='ltr'><strong>Malui</strong></span> <span class='ocrx_word' id='word_1_106' title='bbox 520 1300 628 1373; x_wconf 75' lang='lat' dir='ltr'><strong>locum,</strong></span> <span class='ocrx_word' id='word_1_107' title='bbox 647 1306 681 1350; x_wconf 92' lang='lat' dir='ltr'><strong>ut</strong></span> <span class='ocrx_word' id='word_1_108' title='bbox 700 1304 812 1368; x_wconf 83' lang='lat' dir='ltr'><strong>prostat</strong></span> <span class='ocrx_word' id='word_1_109' title='bbox 828 1299 863 1348; x_wconf 87' lang='lat' dir='ltr'><strong>in</strong></span> <span class='ocrx_word' id='word_1_110' title='bbox 882 1297 952 1350; x_wconf 88' lang='lat' dir='ltr'><strong>Pall.</strong></span> <span class='ocrx_word' id='word_1_111' title='bbox 973 1315 1029 1350; x_wconf 89' lang='lat' dir='ltr'><strong>sec.</strong></span> <span class='ocrx_word' id='word_1_112' title='bbox 1051 1305 1118 1350; x_wconf 90' lang='lat' dir='ltr'><strong>tert.</strong></span> <span class='ocrx_word' id='word_1_113' title='bbox 1144 1307 1239 1366; x_wconf 86' lang='lat' dir='ltr'><strong>quart.</strong></span> <span class='ocrx_word' id='word_1_114' title='bbox 1259 1300 1352 1353; x_wconf 88' lang='lat' dir='ltr'><strong>Vatic.</strong></span> 
     </span>
     <span class='ocr_line' id='line_1_13' title="bbox 196 1369 1354 1442; baseline -0.003 -17"><span class='ocrx_word' id='word_1_115' title='bbox 196 1374 291 1435; x_wconf 87' lang='lat' dir='ltr'><strong>edere,</strong></span> <span class='ocrx_word' id='word_1_116' title='bbox 310 1388 397 1442; x_wconf 90' lang='lat' dir='ltr'><strong>quam</strong></span> <span class='ocrx_word' id='word_1_117' title='bbox 417 1388 549 1441; x_wconf 87' lang='lat' dir='ltr'><strong>ereperas</strong></span> <span class='ocrx_word' id='word_1_118' title='bbox 569 1369 694 1422; x_wconf 86' lang='lat' dir='ltr'><strong>aliorum</strong></span> <span class='ocrx_word' id='word_1_119' title='bbox 711 1369 882 1422; x_wconf 75' lang='lat' dir='ltr'><strong>minutiones</strong></span> <span class='ocrx_word' id='word_1_120' title='bbox 900 1370 931 1420; x_wconf 91' lang='lat' dir='ltr'><strong>in</strong></span> <span class='ocrx_word' id='word_1_121' title='bbox 950 1369 1159 1442; x_wconf 78' lang='lat' dir='ltr'><strong>refingendoct</strong></span> <span class='ocrx_word' id='word_1_122' title='bbox 1177 1369 1354 1442; x_wconf 82' lang='lat' dir='ltr'><strong>integrando</strong></span> 
     </span>
     <span class='ocr_line' id='line_1_14' title="bbox 195 1439 1352 1508; baseline -0.003 -11"><span class='ocrx_word' id='word_1_123' title='bbox 195 1443 356 1497; x_wconf 86' lang='lat' dir='ltr'><strong>attendere.</strong></span> <span class='ocrx_word' id='word_1_124' title='bbox 394 1443 540 1494; x_wconf 87' lang='lat' dir='ltr'><strong>Victorius</strong></span> <span class='ocrx_word' id='word_1_125' title='bbox 560 1441 652 1501; x_wconf 85' lang='lat' dir='ltr'><strong>edidit</strong></span> <span class='ocrx_word' id='word_1_126' title='bbox 677 1447 740 1492; x_wconf 87' lang='lat' dir='ltr'><strong>eunt</strong></span> <span class='ocrx_word' id='word_1_127' title='bbox 756 1442 822 1494; x_wconf 87' lang='lat' dir='ltr'><strong>item</strong></span> <span class='ocrx_word' id='word_1_128' title='bbox 839 1439 870 1493; x_wconf 85' lang='lat' dir='ltr'><strong>in</strong></span> <span class='ocrx_word' id='word_1_129' title='bbox 893 1439 996 1504; x_wconf 87' lang='lat' dir='ltr'><strong>animo,</strong></span> <span class='ocrx_word' id='word_1_130' title='bbox 1015 1441 1147 1508; x_wconf 67' lang='lat' dir='ltr'><strong>jearporie</strong></span> <span class='ocrx_word' id='word_1_131' title='bbox 1172 1441 1352 1508; x_wconf 78' lang='lat' dir='ltr'><strong>temperatio,</strong></span> 
     </span>
    </p>
   </div>
   <div class='ocr_carea' id='block_1_4' title="bbox 89 1506 1353 1584">
    <p class='ocr_par' dir='ltr' id='par_1_5' title="bbox 89 1506 1353 1584">
     <span class='ocr_line' id='line_1_15' title="bbox 89 1506 1353 1584; baseline -0.003 -17"><span class='ocrx_word' id='word_1_132' title='bbox 89 1506 98 1515; x_wconf 67' lang='grc'><strong>”</strong></span> <span class='ocrx_word' id='word_1_133' title='bbox 196 1531 277 1584; x_wconf 79' lang='lat' dir='ltr'><strong>quum</strong></span> <span class='ocrx_word' id='word_1_134' title='bbox 296 1530 336 1566; x_wconf 85' lang='lat' dir='ltr'><strong>ea.</strong></span> <span class='ocrx_word' id='word_1_135' title='bbox 373 1513 530 1565; x_wconf 85' lang='lat' dir='ltr'><strong>Lambinus</strong></span> <span class='ocrx_word' id='word_1_136' title='bbox 549 1517 583 1564; x_wconf 86' lang='lat' dir='ltr'><strong>et</strong></span> <span class='ocrx_word' id='word_1_137' title='bbox 601 1518 639 1564; x_wconf 90' lang='lat' dir='ltr'><strong>ut</strong></span> <span class='ocrx_word' id='word_1_138' title='bbox 657 1509 787 1578; x_wconf 81' lang='lat' dir='ltr'><strong>carparis</strong></span> <span class='ocrx_word' id='word_1_139' title='bbox 806 1517 860 1563; x_wconf 83' lang='lat' dir='ltr'><strong>est</strong></span> <span class='ocrx_word' id='word_1_140' title='bbox 888 1515 967 1579; x_wconf 82' lang='lat' dir='ltr'><strong>temp.</strong></span> <span class='ocrx_word' id='word_1_141' title='bbox 989 1526 1024 1563; x_wconf 82' lang='lat' dir='ltr'><strong>ex</strong></span> <span class='ocrx_word' id='word_1_142' title='bbox 1048 1513 1108 1564; x_wconf 88' lang='lat' dir='ltr'><strong>suis</strong></span> <span class='ocrx_word' id='word_1_143' title='bbox 1128 1511 1353 1582; x_wconf 86' lang='lat' dir='ltr'><strong>obsequentissi-</strong></span> 
     </span>
    </p>
   </div>
   <div class='ocr_carea' id='block_1_5' title="bbox 166 1580 1354 2222">
    <p class='ocr_par' dir='ltr' id='par_1_6' title="bbox 166 1580 1354 2151">
     <span class='ocr_line' id='line_1_16' title="bbox 166 1580 1353 1655; baseline -0.001 -21"><span class='ocrx_word' id='word_1_144' title='bbox 166 1628 169 1634; x_wconf 85' lang='lat'><strong>.</strong></span> <span class='ocrx_word' id='word_1_145' title='bbox 195 1588 253 1638; x_wconf 88' lang='lat' dir='ltr'><strong>mis</strong></span> <span class='ocrx_word' id='word_1_146' title='bbox 279 1585 364 1655; x_wconf 88' lang='lat' dir='ltr'><strong>(quos</strong></span> <span class='ocrx_word' id='word_1_147' title='bbox 383 1600 440 1636; x_wconf 87' lang='lat' dir='ltr'><strong>non</strong></span> <span class='ocrx_word' id='word_1_148' title='bbox 460 1584 602 1643; x_wconf 86' lang='lat' dir='ltr'><strong>nominat)</strong></span> <span class='ocrx_word' id='word_1_149' title='bbox 627 1581 722 1634; x_wconf 87' lang='lat' dir='ltr'><strong>libris.</strong></span> <span class='ocrx_word' id='word_1_150' title='bbox 755 1580 813 1633; x_wconf 89' lang='lat' dir='ltr'><strong>Pal.</strong></span> <span class='ocrx_word' id='word_1_151' title='bbox 840 1589 938 1635; x_wconf 73' lang='lat' dir='ltr'><strong>minen</strong></span> <span class='ocrx_word' id='word_1_152' title='bbox 964 1583 1058 1650; x_wconf 85' lang='lat' dir='ltr'><strong>quint.</strong></span> <span class='ocrx_word' id='word_1_153' title='bbox 1079 1598 1160 1648; x_wconf 82' lang='lat' dir='ltr'><strong>aeva,</strong></span> <span class='ocrx_word' id='word_1_154' title='bbox 1184 1591 1218 1635; x_wconf 91' lang='lat' dir='ltr'><strong>ut</strong></span> <span class='ocrx_word' id='word_1_155' title='bbox 1236 1583 1353 1636; x_wconf 86' lang='lat' dir='ltr'><strong>videtur</strong></span> 
     </span>
     <span class='ocr_line' id='line_1_17' title="bbox 194 1649 1352 1722; baseline -0.003 -13"><span class='ocrx_word' id='word_1_156' title='bbox 194 1664 334 1720; x_wconf 71' lang='lat' dir='ltr'><strong>euristeus,</strong></span> <span class='ocrx_word' id='word_1_157' title='bbox 354 1657 408 1707; x_wconf 85' lang='lat' dir='ltr'><strong>es&#39;t</strong></span> <span class='ocrx_word' id='word_1_158' title='bbox 427 1653 519 1707; x_wconf 88' lang='lat' dir='ltr'><strong>enim</strong></span> <span class='ocrx_word' id='word_1_159' title='bbox 537 1655 672 1720; x_wconf 74' lang='lat' dir='ltr'><strong>carparis.</strong></span> <span class='ocrx_word' id='word_1_160' title='bbox 694 1649 857 1717; x_wconf 63' lang='lat' dir='ltr'><strong>aliaspsunt</strong></span> <span class='ocrx_word' id='word_1_161' title='bbox 876 1653 944 1706; x_wconf 86' lang='lat' dir='ltr'><strong>item</strong></span> <span class='ocrx_word' id='word_1_162' title='bbox 966 1655 999 1706; x_wconf 88' lang='lat' dir='ltr'><strong>in</strong></span> <span class='ocrx_word' id='word_1_163' title='bbox 1017 1653 1120 1706; x_wconf 86' lang='lat' dir='ltr'><strong>anima.</strong></span> <span class='ocrx_word' id='word_1_164' title='bbox 1160 1653 1295 1722; x_wconf 78' lang='lat' dir='ltr'><strong>corporis</strong></span> <span class='ocrx_word' id='word_1_165' title='bbox 1319 1678 1352 1691; x_wconf 83' lang='lat'>-</span> 
     </span>
     <span class='ocr_line' id='line_1_18' title="bbox 196 1723 1352 1794; baseline -0.003 -14"><span class='ocrx_word' id='word_1_166' title='bbox 196 1725 279 1780; x_wconf 69' lang='lat' dir='ltr'><strong>aaut.</strong></span> <span class='ocrx_word' id='word_1_167' title='bbox 317 1725 456 1778; x_wconf 77' lang='lat' dir='ltr'><strong>Larnbino</strong></span> <span class='ocrx_word' id='word_1_168' title='bbox 483 1727 605 1794; x_wconf 72' lang='lat' dir='ltr'><strong>assentit</strong></span> <span class='ocrx_word' id='word_1_169' title='bbox 633 1723 794 1787; x_wconf 81' lang='lat' dir='ltr'><strong>Fabricius,</strong></span> <span class='ocrx_word' id='word_1_170' title='bbox 820 1723 951 1777; x_wconf 88' lang='lat' dir='ltr'><strong>Bentleio</strong></span> <span class='ocrx_word' id='word_1_171' title='bbox 975 1723 1151 1794; x_wconf 84' lang='lat' dir='ltr'><strong>Davisioque</strong></span> <span class='ocrx_word' id='word_1_172' title='bbox 1168 1723 1352 1778; x_wconf 87' lang='lat' dir='ltr'><strong>Bouhierius.</strong></span> 
     </span>
     <span class='ocr_line' id='line_1_19' title="bbox 193 1793 1351 1869; baseline -0.004 -16"><span class='ocrx_word' id='word_1_173' title='bbox 193 1797 394 1867; x_wconf 87' lang='lat' dir='ltr'><strong>Wopkensius</strong></span> <span class='ocrx_word' id='word_1_174' title='bbox 420 1805 523 1850; x_wconf 74' lang='lat' dir='ltr'><strong>cantm</strong></span> <span class='ocrx_word' id='word_1_175' title='bbox 546 1813 575 1864; x_wconf 90' lang='lat' dir='ltr'><strong>p.</strong></span> <span class='ocrx_word' id='word_1_176' title='bbox 602 1798 664 1851; x_wconf 79' lang='lat' dir='ltr'><strong>ast.</strong></span> <span class='ocrx_word' id='word_1_177' title='bbox 695 1793 787 1847; x_wconf 82' lang='lat' dir='ltr'><strong>Hand.</strong></span> <span class='ocrx_word' id='word_1_178' title='bbox 817 1793 856 1864; x_wconf 90' lang='lat' dir='ltr'><strong>[p.</strong></span> <span class='ocrx_word' id='word_1_179' title='bbox 882 1793 958 1860; x_wconf 63' lang='lat'><strong>213]</strong></span> <span class='ocrx_word' id='word_1_180' title='bbox 992 1795 1069 1869; x_wconf 80' lang='lat' dir='ltr'><strong>legit</strong></span> <span class='ocrx_word' id='word_1_181' title='bbox 1095 1797 1147 1849; x_wconf 80' lang='lat' dir='ltr'><strong>Est</strong></span> <span class='ocrx_word' id='word_1_182' title='bbox 1173 1798 1247 1848; x_wconf 86' lang='lat' dir='ltr'><strong>enirn</strong></span> <span class='ocrx_word' id='word_1_183' title='bbox 1276 1813 1351 1864; x_wconf 88' lang='lat' dir='ltr'><strong>carp.</strong></span> 
     </span>
     <span class='ocr_line' id='line_1_20' title="bbox 187 1865 1354 1937; baseline -0.004 -14"><span class='ocrx_word' id='word_1_184' title='bbox 187 1874 278 1936; x_wconf 78' lang='lat' dir='ltr'><strong>temp.</strong></span> <span class='ocrx_word' id='word_1_185' title='bbox 299 1876 354 1923; x_wconf 90' lang='lat' dir='ltr'><strong>etc.</strong></span> <span class='ocrx_word' id='word_1_186' title='bbox 380 1865 496 1931; x_wconf 82' lang='lat' dir='ltr'><strong>addens,</strong></span> <span class='ocrx_word' id='word_1_187' title='bbox 520 1865 710 1920; x_wconf 86' lang='lat' dir='ltr'><strong>distinctione</strong></span> <span class='ocrx_word' id='word_1_188' title='bbox 724 1924 726 1927; x_wconf 57' lang='grc'><strong>,</strong></span> <span class='ocrx_word' id='word_1_189' title='bbox 733 1865 820 1935; x_wconf 88' lang='lat' dir='ltr'><strong>plena</strong></span> <span class='ocrx_word' id='word_1_190' title='bbox 847 1874 915 1919; x_wconf 89' lang='lat' dir='ltr'><strong>ante</strong></span> <span class='ocrx_word' id='word_1_191' title='bbox 938 1883 1062 1935; x_wconf 87' lang='lat' dir='ltr'><strong>sequens</strong></span> <span class='ocrx_word' id='word_1_192' title='bbox 1085 1867 1135 1920; x_wconf 86' lang='lat' dir='ltr'><strong>Sic</strong></span> <span class='ocrx_word' id='word_1_193' title='bbox 1157 1869 1250 1937; x_wconf 84' lang='lat' dir='ltr'><strong>posita</strong></span> <span class='ocrx_word' id='word_1_194' title='bbox 1276 1866 1354 1919; x_wconf 84' lang='lat' dir='ltr'><strong>baud</strong></span> 
     </span>
     <span class='ocr_line' id='line_1_21' title="bbox 194 1935 1353 2012; baseline -0.003 -18"><span class='ocrx_word' id='word_1_195' title='bbox 194 1941 237 1994; x_wconf 84' lang='lat' dir='ltr'><strong>its</strong></span> <span class='ocrx_word' id='word_1_196' title='bbox 254 1940 412 1993; x_wconf 86' lang='lat' dir='ltr'><strong>necessario</strong></span> <span class='ocrx_word' id='word_1_197' title='bbox 430 1939 559 2012; x_wconf 77' lang='lat' dir='ltr'><strong>flagitari</strong></span> <span class='ocrx_word' id='word_1_198' title='bbox 577 1937 744 2007; x_wconf 78' lang='lat' dir='ltr'><strong>nporuaendr</strong></span> <span class='ocrx_word' id='word_1_199' title='bbox 766 1935 843 1988; x_wconf 85' lang='lat' dir='ltr'><strong>illud</strong></span> <span class='ocrx_word' id='word_1_200' title='bbox 866 1943 906 1989; x_wconf 89' lang='lat' dir='ltr'><strong>ut.</strong></span> <span class='ocrx_word' id='word_1_201' title='bbox 944 1936 980 1988; x_wconf 91' lang='lat' dir='ltr'><strong>ln</strong></span> <span class='ocrx_word' id='word_1_202' title='bbox 998 1941 1015 1992; x_wconf 78' lang='lat'>2</span> <span class='ocrx_word' id='word_1_203' title='bbox 1033 1937 1088 1993; x_wconf 78' lang='lat' dir='ltr'><strong>Ed.</strong></span> <span class='ocrx_word' id='word_1_204' title='bbox 1108 1936 1243 1992; x_wconf 82' lang='lat' dir='ltr'><strong>Davisius</strong></span> <span class='ocrx_word' id='word_1_205' title='bbox 1270 1955 1353 1991; x_wconf 87' lang='lat' dir='ltr'><strong>reca-</strong></span> 
     </span>
     <span class='ocr_line' id='line_1_22' title="bbox 193 2007 1352 2082; baseline -0.002 -19"><span class='ocrx_word' id='word_1_206' title='bbox 193 2019 277 2082; x_wconf 84' lang='lat' dir='ltr'><strong>perat</strong></span> <span class='ocrx_word' id='word_1_207' title='bbox 293 2011 373 2064; x_wconf 85' lang='lat' dir='ltr'><strong>Sicut</strong></span> <span class='ocrx_word' id='word_1_208' title='bbox 390 2009 465 2063; x_wconf 91' lang='lat' dir='ltr'><strong>enim</strong></span> <span class='ocrx_word' id='word_1_209' title='bbox 482 2011 609 2078; x_wconf 82' lang='lat' dir='ltr'><strong>corporis</strong></span> <span class='ocrx_word' id='word_1_210' title='bbox 628 2044 635 2060; x_wconf 95' lang='lat'><strong>.</strong></span> <span class='ocrx_word' id='word_1_211' title='bbox 657 2044 664 2058; x_wconf 89' lang='lat'><strong>.</strong></span> <span class='ocrx_word' id='word_1_212' title='bbox 682 2043 692 2068; x_wconf 73' lang='grc'><strong>.</strong></span> <span class='ocrx_word' id='word_1_213' title='bbox 712 2044 719 2059; x_wconf 94' lang='grc'><strong>.</strong></span> <span class='ocrx_word' id='word_1_214' title='bbox 739 2007 863 2061; x_wconf 81' lang='lat' dir='ltr'><strong>sanitas:</strong></span> <span class='ocrx_word' id='word_1_215' title='bbox 885 2010 926 2062; x_wconf 88' lang='lat' dir='ltr'><strong>sic</strong></span> <span class='ocrx_word' id='word_1_216' title='bbox 944 2010 1033 2063; x_wconf 89' lang='lat' dir='ltr'><strong>animi</strong></span> <span class='ocrx_word' id='word_1_217' title='bbox 1051 2008 1159 2063; x_wconf 80' lang='lat' dir='ltr'><strong>dieitur</strong></span> <span class='ocrx_word' id='word_1_218' title='bbox 1176 2017 1231 2062; x_wconf 86' lang='lat' dir='ltr'><strong>ete.</strong></span> <span class='ocrx_word' id='word_1_219' title='bbox 1269 2008 1352 2061; x_wconf 84' lang='lat' dir='ltr'><strong>Unus</strong></span> 
     </span>
     <span class='ocr_line' id='line_1_23' title="bbox 195 2079 713 2151; baseline -0.004 -16"><span class='ocrx_word' id='word_1_220' title='bbox 195 2081 246 2135; x_wconf 80' lang='lat' dir='ltr'><strong>Ox.</strong></span> <span class='ocrx_word' id='word_1_221' title='bbox 266 2081 352 2135; x_wconf 88' lang='lat' dir='ltr'><strong>habet</strong></span> <span class='ocrx_word' id='word_1_222' title='bbox 370 2080 444 2133; x_wconf 82' lang='lat' dir='ltr'><strong>idem</strong></span> <span class='ocrx_word' id='word_1_223' title='bbox 461 2092 515 2151; x_wconf 86' lang='lat' dir='ltr'><strong>pro</strong></span> <span class='ocrx_word' id='word_1_224' title='bbox 540 2083 614 2134; x_wconf 84' lang='lat' dir='ltr'><strong>item.</strong></span> <span class='ocrx_word' id='word_1_225' title='bbox 651 2079 713 2135; x_wconf 91' lang='lat' dir='ltr'><strong>Mr.</strong></span> 
     </span>
    </p>

    <p class='ocr_par' dir='ltr' id='par_1_7' title="bbox 270 2147 1350 2222">
     <span class='ocr_line' id='line_1_24' title="bbox 270 2147 1350 2222; baseline -0.007 -15"><span class='ocrx_word' id='word_1_226' title='bbox 270 2153 307 2207; x_wconf 89' lang='lat' dir='ltr'><strong>Ut</strong></span> <span class='ocrx_word' id='word_1_227' title='bbox 335 2154 409 2219; x_wconf 83' lang='lat' dir='ltr'><strong>enim</strong></span> <span class='ocrx_word' id='word_1_228' title='bbox 433 2151 562 2220; x_wconf 75' lang='lat' dir='ltr'><strong>corpmis</strong></span> <span class='ocrx_word' id='word_1_229' title='bbox 581 2182 614 2193; x_wconf 95' lang='lat'><em>-</em></span> <span class='ocrx_word' id='word_1_230' title='bbox 632 2153 756 2204; x_wconf 82' lang='lat' dir='ltr'><strong>sanitast</strong></span> <span class='ocrx_word' id='word_1_231' title='bbox 792 2147 835 2202; x_wconf 89' lang='lat' dir='ltr'><strong>sic</strong></span> <span class='ocrx_word' id='word_1_232' title='bbox 859 2149 950 2203; x_wconf 88' lang='lat' dir='ltr'><strong>animi</strong></span> <span class='ocrx_word' id='word_1_233' title='bbox 973 2149 1090 2216; x_wconf 81' lang='lat' dir='ltr'><strong>dicitur}</strong></span> <span class='ocrx_word' id='word_1_234' title='bbox 1124 2148 1219 2222; x_wconf 76' lang='lat' dir='ltr'><strong>Vulgo</strong></span> <span class='ocrx_word' id='word_1_235' title='bbox 1243 2148 1350 2201; x_wconf 86' lang='lat' dir='ltr'><strong>omissa</strong></span> 
     </span>
    </p>
   </div>
   <div class='ocr_carea' id='block_1_6' title="bbox 85 2218 1349 2295">
    <p class='ocr_par' dir='ltr' id='par_1_8' title="bbox 85 2218 1349 2295">
     <span class='ocr_line' id='line_1_25' title="bbox 85 2218 1349 2295; baseline -0.002 -22"><span class='ocrx_word' id='word_1_236' title='bbox 85 2269 90 2273; x_wconf 82' lang='lat'><strong>.</strong></span> <span class='ocrx_word' id='word_1_237' title='bbox 195 2224 292 2295; x_wconf 81' lang='lat' dir='ltr'><strong>prima</strong></span> <span class='ocrx_word' id='word_1_238' title='bbox 309 2240 380 2276; x_wconf 82' lang='lat' dir='ltr'><strong>voce</strong></span> <span class='ocrx_word' id='word_1_239' title='bbox 405 2223 484 2286; x_wconf 86' lang='lat' dir='ltr'><strong>dant,</strong></span> <span class='ocrx_word' id='word_1_240' title='bbox 512 2226 586 2276; x_wconf 88' lang='lat' dir='ltr'><strong>enim</strong></span> <span class='ocrx_word' id='word_1_241' title='bbox 608 2220 738 2288; x_wconf 82' lang='lat' dir='ltr'><strong>eorporis-</strong></span> <span class='ocrx_word' id='word_1_242' title='bbox 765 2220 939 2287; x_wconf 86' lang='lat' dir='ltr'><strong>temperatio,</strong></span> <span class='ocrx_word' id='word_1_243' title='bbox 963 2238 1027 2274; x_wconf 87' lang='lat' dir='ltr'><strong>cam</strong></span> <span class='ocrx_word' id='word_1_244' title='bbox 1043 2238 1076 2275; x_wconf 86' lang='lat' dir='ltr'><strong>ea</strong></span> <span class='ocrx_word' id='word_1_245' title='bbox 1093 2226 1248 2295; x_wconf 75' lang='lat' dir='ltr'><strong>congruunt</strong></span> <span class='ocrx_word' id='word_1_246' title='bbox 1268 2218 1349 2272; x_wconf 89' lang='lat' dir='ltr'><strong>inter</strong></span> 
     </span>
    </p>
   </div>
   <div class='ocr_carea' id='block_1_7' title="bbox 196 2291 1349 2363">
    <p class='ocr_par' dir='ltr' id='par_1_9' title="bbox 196 2291 1349 2363">
     <span class='ocr_line' id='line_1_26' title="bbox 196 2291 1349 2363; baseline -0.009 -13"><span class='ocrx_word' id='word_1_247' title='bbox 196 2312 226 2350; x_wconf 84' lang='lat' dir='ltr'><strong>ee</strong></span> <span class='ocrx_word' id='word_1_248' title='bbox 254 2313 269 2348; x_wconf 87' lang='lat' dir='ltr'><strong>e</strong></span> <span class='ocrx_word' id='word_1_249' title='bbox 296 2295 396 2363; x_wconf 83' lang='lat' dir='ltr'><strong>quibus</strong></span> <span class='ocrx_word' id='word_1_250' title='bbox 420 2299 593 2345; x_wconf 81' lang='lat' dir='ltr'><strong>constamus:</strong></span> <span class='ocrx_word' id='word_1_251' title='bbox 626 2293 733 2344; x_wconf 83' lang='lat' dir='ltr'><strong>sanitas</strong></span> <span class='ocrx_word' id='word_1_252' title='bbox 753 2291 796 2344; x_wconf 87' lang='lat' dir='ltr'><strong>sic</strong></span> <span class='ocrx_word' id='word_1_253' title='bbox 823 2292 913 2344; x_wconf 87' lang='lat' dir='ltr'><strong>animi</strong></span> <span class='ocrx_word' id='word_1_254' title='bbox 932 2292 1050 2346; x_wconf 83' lang='lat' dir='ltr'><strong>dicitur.</strong></span> <span class='ocrx_word' id='word_1_255' title='bbox 1086 2291 1174 2346; x_wconf 79' lang='lat' dir='ltr'><strong>Sede</strong></span> <span class='ocrx_word' id='word_1_256' title='bbox 1197 2291 1281 2342; x_wconf 89' lang='lat' dir='ltr'><strong>nabis</strong></span> <span class='ocrx_word' id='word_1_257' title='bbox 1299 2307 1349 2341; x_wconf 89' lang='lat' dir='ltr'><strong>re-</strong></span> 
     </span>
    </p>
   </div>
   <div class='ocr_carea' id='block_1_8' title="bbox 99 2361 1352 2434">
    <p class='ocr_par' dir='ltr' id='par_1_10' title="bbox 99 2361 1352 2434">
     <span class='ocr_line' id='line_1_27' title="bbox 99 2361 1352 2434; baseline -0.006 -16"><span class='ocrx_word' id='word_1_258' title='bbox 99 2385 116 2395; x_wconf 51' lang='grc'><strong>’·</strong></span> <span class='ocrx_word' id='word_1_259' title='bbox 196 2371 296 2434; x_wconf 83' lang='lat' dir='ltr'><strong>ceptae</strong></span> <span class='ocrx_word' id='word_1_260' title='bbox 314 2373 381 2417; x_wconf 84' lang='lat' dir='ltr'><strong>sunt</strong></span> <span class='ocrx_word' id='word_1_261' title='bbox 400 2364 599 2432; x_wconf 73' lang='lat' dir='ltr'><strong>interpunctio</strong></span> <span class='ocrx_word' id='word_1_262' title='bbox 618 2362 706 2416; x_wconf 88' lang='lat' dir='ltr'><strong>simul</strong></span> <span class='ocrx_word' id='word_1_263' title='bbox 723 2372 753 2416; x_wconf 89' lang='lat' dir='ltr'><strong>et</strong></span> <span class='ocrx_word' id='word_1_264' title='bbox 772 2363 935 2416; x_wconf 84' lang='lat' dir='ltr'><strong>emendatio</strong></span> <span class='ocrx_word' id='word_1_265' title='bbox 954 2363 1060 2418; x_wconf 78' lang='lat' dir='ltr'><strong>Joacb.</strong></span> <span class='ocrx_word' id='word_1_266' title='bbox 1075 2361 1245 2426; x_wconf 77' lang='lat' dir='ltr'><strong>camerarii,</strong></span> <span class='ocrx_word' id='word_1_267' title='bbox 1265 2378 1352 2430; x_wconf 85' lang='lat' dir='ltr'><strong>quam</strong></span> 
     </span>
    </p>
   </div>
   <div class='ocr_carea' id='block_1_9' title="bbox 195 2433 1396 3432">
    <p class='ocr_par' dir='ltr' id='par_1_11' title="bbox 195 2433 1396 3301">
     <span class='ocr_line' id='line_1_28' title="bbox 196 2433 1349 2506; baseline -0.004 -19"><span class='ocrx_word' id='word_1_268' title='bbox 196 2435 405 2506; x_wconf 75' lang='lat' dir='ltr'><strong>quodaminodo</strong></span> <span class='ocrx_word' id='word_1_269' title='bbox 430 2434 549 2487; x_wconf 81' lang='lat' dir='ltr'><strong>firmant</strong></span> <span class='ocrx_word' id='word_1_270' title='bbox 573 2433 631 2487; x_wconf 86' lang='lat' dir='ltr'><strong>Pal.</strong></span> <span class='ocrx_word' id='word_1_271' title='bbox 657 2435 750 2503; x_wconf 89' lang='lat' dir='ltr'><strong>quint.</strong></span> <span class='ocrx_word' id='word_1_272' title='bbox 776 2441 805 2486; x_wconf 89' lang='lat' dir='ltr'><strong>et</strong></span> <span class='ocrx_word' id='word_1_273' title='bbox 826 2433 941 2494; x_wconf 82' lang='lat' dir='ltr'><strong>Balliol.</strong></span> <span class='ocrx_word' id='word_1_274' title='bbox 969 2437 1037 2488; x_wconf 89' lang='lat' dir='ltr'><strong>dum</strong></span> <span class='ocrx_word' id='word_1_275' title='bbox 1060 2440 1282 2505; x_wconf 78' lang='lat' dir='ltr'><strong>repraesentant</strong></span> <span class='ocrx_word' id='word_1_276' title='bbox 1308 2436 1349 2484; x_wconf 86' lang='lat' dir='ltr'><strong>est</strong></span> 
     </span>
     <span class='ocr_line' id='line_1_29' title="bbox 196 2503 1350 2580; baseline -0.004 -21"><span class='ocrx_word' id='word_1_277' title='bbox 196 2505 286 2569; x_wconf 66' lang='lat' dir='ltr'><strong>enimi</strong></span> <span class='ocrx_word' id='word_1_278' title='bbox 318 2514 428 2559; x_wconf 87' lang='lat' dir='ltr'><strong>certam</strong></span> <span class='ocrx_word' id='word_1_279' title='bbox 451 2522 522 2560; x_wconf 83' lang='lat' dir='ltr'><strong>vero</strong></span> <span class='ocrx_word' id='word_1_280' title='bbox 547 2504 673 2558; x_wconf 86' lang='lat' dir='ltr'><strong>reddunt</strong></span> <span class='ocrx_word' id='word_1_281' title='bbox 695 2507 813 2569; x_wconf 86' lang='lat' dir='ltr'><strong>Graeca,</strong></span> <span class='ocrx_word' id='word_1_282' title='bbox 841 2523 915 2574; x_wconf 87' lang='lat' dir='ltr'><strong>quae</strong></span> <span class='ocrx_word' id='word_1_283' title='bbox 940 2506 1081 2580; x_wconf 76' lang='lat' dir='ltr'><strong>leguntur</strong></span> <span class='ocrx_word' id='word_1_284' title='bbox 1103 2504 1180 2576; x_wconf 89' lang='lat' dir='ltr'><strong>apud</strong></span> <span class='ocrx_word' id='word_1_285' title='bbox 1197 2503 1350 2557; x_wconf 84' lang='lat' dir='ltr'><strong>stobaeum</strong></span> 
     </span>
     <span class='ocr_line' id='line_1_30' title="bbox 195 2572 1350 2653; baseline -0.004 -23"><span class='ocrx_word' id='word_1_286' title='bbox 195 2576 298 2653; x_wconf 77' lang='lat' dir='ltr'><strong>Eulog.</strong></span> <span class='ocrx_word' id='word_1_287' title='bbox 318 2576 418 2631; x_wconf 81' lang='lat' dir='ltr'><strong>Ethic.</strong></span> <span class='ocrx_word' id='word_1_288' title='bbox 436 2594 465 2646; x_wconf 85' lang='lat' dir='ltr'><strong>p.</strong></span> <span class='ocrx_word' id='word_1_289' title='bbox 486 2579 554 2632; x_wconf 80' lang='grc' dir='ltr'><strong>168.Ι</strong></span> <span class='ocrx_word' id='word_1_290' title='bbox 578 2578 676 2646; x_wconf 82' lang='grc' dir='ltr'><em>Ὥςπερ</em></span> <span class='ocrx_word' id='word_1_291' title='bbox 695 2574 753 2645; x_wconf 79' lang='grc' dir='ltr'><strong>γὰρ</strong></span> <span class='ocrx_word' id='word_1_292' title='bbox 776 2573 827 2642; x_wconf 75' lang='grc' dir='ltr'><strong>τὴν</strong></span> <span class='ocrx_word' id='word_1_293' title='bbox 849 2578 898 2628; x_wconf 76' lang='grc' dir='ltr'><strong>τὀῦ</strong></span> <span class='ocrx_word' id='word_1_294' title='bbox 925 2573 1052 2645; x_wconf 80' lang='grc' dir='ltr'><strong><em>σώματος</em></strong></span> <span class='ocrx_word' id='word_1_295' title='bbox 1076 2572 1174 2643; x_wconf 75' lang='grc' dir='ltr'><em>ὑγείαν</em></span> <span class='ocrx_word' id='word_1_296' title='bbox 1201 2577 1350 2644; x_wconf 77' lang='grc' dir='ltr'><strong><em>εὐκρασίαν</em></strong></span> 
     </span>
     <span class='ocr_line' id='line_1_31' title="bbox 195 2640 1350 2720; baseline -0.004 -17"><span class='ocrx_word' id='word_1_297' title='bbox 195 2648 265 2705; x_wconf 72' lang='grc' dir='ltr'><em>εἶναι</em></span> <span class='ocrx_word' id='word_1_298' title='bbox 283 2651 339 2702; x_wconf 77' lang='grc' dir='ltr'><strong>τῶν</strong></span> <span class='ocrx_word' id='word_1_299' title='bbox 353 2646 387 2701; x_wconf 74' lang='grc' dir='ltr'><strong>,ἐν</strong></span> <span class='ocrx_word' id='word_1_300' title='bbox 404 2651 441 2714; x_wconf 76' lang='grc' dir='ltr'><strong>τῷ</strong></span> <span class='ocrx_word' id='word_1_301' title='bbox 460 2648 565 2716; x_wconf 77' lang='grc' dir='ltr'><em>σώματι</em></span> <span class='ocrx_word' id='word_1_302' title='bbox 582 2653 697 2718; x_wconf 70' lang='grc' dir='ltr'><em>θερμῶν</em></span> <span class='ocrx_word' id='word_1_303' title='bbox 713 2653 758 2702; x_wconf 83' lang='lat' dir='ltr'><strong>aei</strong></span> <span class='ocrx_word' id='word_1_304' title='bbox 775 2653 895 2717; x_wconf 78' lang='grc' dir='ltr'><em>ψυχρῶν</em></span> <span class='ocrx_word' id='word_1_305' title='bbox 912 2653 957 2702; x_wconf 85' lang='grc' dir='ltr'><strong>και</strong></span> <span class='ocrx_word' id='word_1_306' title='bbox 975 2650 1064 2720; x_wconf 77' lang='grc' dir='ltr'><em>ξηρῶν</em></span> <span class='ocrx_word' id='word_1_307' title='bbox 1081 2649 1126 2700; x_wconf 80' lang='grc' dir='ltr'><strong>καὶ</strong></span> <span class='ocrx_word' id='word_1_308' title='bbox 1145 2646 1253 2715; x_wconf 74' lang='grc' dir='ltr'><em>ὑγρῶν·</em></span> <span class='ocrx_word' id='word_1_309' title='bbox 1278 2640 1350 2698; x_wconf 75' lang='grc' dir='ltr'><em>οὕτω</em></span> 
     </span>
     <span class='ocr_line' id='line_1_32' title="bbox 196 2715 1349 2792; baseline -0.003 -18"><span class='ocrx_word' id='word_1_310' title='bbox 196 2720 310 2786; x_wconf 71' lang='grc' dir='ltr'><em>καινὴν</em></span> <span class='ocrx_word' id='word_1_311' title='bbox 326 2725 373 2786; x_wconf 81' lang='grc' dir='ltr'><strong>τῆς</strong></span> <span class='ocrx_word' id='word_1_312' title='bbox 389 2718 485 2792; x_wconf 72' lang='grc' dir='ltr'><em>ψυχῆς</em></span> <span class='ocrx_word' id='word_1_313' title='bbox 502 2715 606 2785; x_wconf 82' lang='grc' dir='ltr'><em>ὑγείαν,</em></span> <span class='ocrx_word' id='word_1_314' title='bbox 630 2716 775 2790; x_wconf 75' lang='grc' dir='ltr'><em>εὐκρασίαν</em></span> <span class='ocrx_word' id='word_1_315' title='bbox 800 2717 871 2773; x_wconf 82' lang='grc' dir='ltr'><em>εἶναι</em></span> <span class='ocrx_word' id='word_1_316' title='bbox 893 2726 948 2773; x_wconf 70' lang='grc' dir='ltr'><strong>τῶν</strong></span> <span class='ocrx_word' id='word_1_317' title='bbox 971 2719 1002 2774; x_wconf 82' lang='grc' dir='ltr'><strong>ἐν</strong></span> <span class='ocrx_word' id='word_1_318' title='bbox 1028 2726 1062 2788; x_wconf 78' lang='grc' dir='ltr'><strong>τῇ</strong></span> <span class='ocrx_word' id='word_1_319' title='bbox 1088 2723 1167 2788; x_wconf 80' lang='grc' dir='ltr'><em>ψυχῇ</em></span> <span class='ocrx_word' id='word_1_320' title='bbox 1193 2715 1349 2784; x_wconf 73' lang='grc' dir='ltr'><em>δογμάτων.</em></span> 
     </span>
     <span class='ocr_line' id='line_1_33' title="bbox 197 2789 1351 2860; baseline -0.004 -15"><span class='ocrx_word' id='word_1_321' title='bbox 197 2791 345 2845; x_wconf 77' lang='lat' dir='ltr'><strong>Similiter</strong></span> <span class='ocrx_word' id='word_1_322' title='bbox 362 2790 442 2842; x_wconf 89' lang='lat' dir='ltr'><strong>Plato</strong></span> <span class='ocrx_word' id='word_1_323' title='bbox 461 2791 571 2854; x_wconf 84' lang='lat' dir='ltr'><strong>statuit,</strong></span> <span class='ocrx_word' id='word_1_324' title='bbox 595 2799 629 2842; x_wconf 90' lang='lat' dir='ltr'><strong>ut</strong></span> <span class='ocrx_word' id='word_1_325' title='bbox 655 2791 811 2860; x_wconf 80' lang='lat' dir='ltr'><strong>aequalitas</strong></span> <span class='ocrx_word' id='word_1_326' title='bbox 829 2794 887 2845; x_wconf 87' lang='lat' dir='ltr'><strong>ista</strong></span> <span class='ocrx_word' id='word_1_327' title='bbox 905 2791 983 2855; x_wconf 87' lang='lat' dir='ltr'><strong>sicci,</strong></span> <span class='ocrx_word' id='word_1_328' title='bbox 1002 2790 1119 2854; x_wconf 84' lang='lat' dir='ltr'><strong>bumidi,</strong></span> <span class='ocrx_word' id='word_1_329' title='bbox 1149 2789 1292 2856; x_wconf 73' lang='lat' dir='ltr'><strong>ferventis,</strong></span> <span class='ocrx_word' id='word_1_330' title='bbox 1317 2804 1351 2840; x_wconf 90' lang='lat' dir='ltr'><strong>uc</strong></span> 
     </span>
     <span class='ocr_line' id='line_1_34' title="bbox 196 2860 1351 2930; baseline -0.003 -16"><span class='ocrx_word' id='word_1_331' title='bbox 196 2863 316 2930; x_wconf 70' lang='lat' dir='ltr'><strong>frigidi,</strong></span> <span class='ocrx_word' id='word_1_332' title='bbox 335 2861 449 2928; x_wconf 79' lang='lat' dir='ltr'><strong>corpori</strong></span> <span class='ocrx_word' id='word_1_333' title='bbox 466 2861 625 2925; x_wconf 69' lang='lat' dir='ltr'><strong>sanitatem</strong></span> <span class='ocrx_word' id='word_1_334' title='bbox 654 2865 738 2928; x_wconf 85' lang='lat' dir='ltr'><strong>uires,</strong></span> <span class='ocrx_word' id='word_1_335' title='bbox 763 2861 947 2930; x_wconf 79' lang='lat' dir='ltr'><strong>speciemque,</strong></span> <span class='ocrx_word' id='word_1_336' title='bbox 976 2863 1118 2928; x_wconf 81' lang='lat' dir='ltr'><strong>largitur:</strong></span> <span class='ocrx_word' id='word_1_337' title='bbox 1144 2863 1187 2916; x_wconf 88' lang='lat' dir='ltr'><strong>sie</strong></span> <span class='ocrx_word' id='word_1_338' title='bbox 1205 2867 1272 2913; x_wconf 89' lang='lat' dir='ltr'><strong>tunc</strong></span> <span class='ocrx_word' id='word_1_339' title='bbox 1289 2860 1351 2912; x_wconf 87' lang='lat' dir='ltr'><strong>ani·</strong></span> 
     </span>
     <span class='ocr_line' id='line_1_35' title="bbox 197 2931 1351 3002; baseline -0.002 -17"><span class='ocrx_word' id='word_1_340' title='bbox 197 2949 262 2985; x_wconf 86' lang='lat' dir='ltr'><strong>mae</strong></span> <span class='ocrx_word' id='word_1_341' title='bbox 287 2933 360 2997; x_wconf 84' lang='lat' dir='ltr'><strong>dicit</strong></span> <span class='ocrx_word' id='word_1_342' title='bbox 384 2931 585 2985; x_wconf 86' lang='lat' dir='ltr'><strong>sanitatem</strong></span> <span class='ocrx_word' id='word_1_343' title='bbox 614 2933 719 2997; x_wconf 84' lang='lat' dir='ltr'><strong>adesse,</strong></span> <span class='ocrx_word' id='word_1_344' title='bbox 751 2934 836 2994; x_wconf 85' lang='lat' dir='ltr'><strong>uires,</strong></span> <span class='ocrx_word' id='word_1_345' title='bbox 855 2939 894 2987; x_wconf 76' lang='grc' dir='ltr'><strong>-ει</strong></span> <span class='ocrx_word' id='word_1_346' title='bbox 914 2932 1162 3002; x_wconf 71' lang='lat' dir='ltr'><strong>pulchritudinem,</strong></span> <span class='ocrx_word' id='word_1_347' title='bbox 1191 2948 1252 2984; x_wconf 89' lang='lat' dir='ltr'><strong>cum</strong></span> <span class='ocrx_word' id='word_1_348' title='bbox 1274 2933 1351 2984; x_wconf 89' lang='lat' dir='ltr'><strong>ratio</strong></span> 
     </span>
     <span class='ocr_line' id='line_1_36' title="bbox 195 3002 1350 3073; baseline -0.004 -15"><span class='ocrx_word' id='word_1_349' title='bbox 195 3011 283 3058; x_wconf 85' lang='lat' dir='ltr'><strong>iotam</strong></span> <span class='ocrx_word' id='word_1_350' title='bbox 301 3005 387 3071; x_wconf 83' lang='lat' dir='ltr'><strong>regit.</strong></span> <span class='ocrx_word' id='word_1_351' title='bbox 425 3003 518 3055; x_wconf 82' lang='lat' dir='ltr'><strong>Verba</strong></span> <span class='ocrx_word' id='word_1_352' title='bbox 536 3012 605 3056; x_wconf 88' lang='lat' dir='ltr'><strong>sunt</strong></span> <span class='ocrx_word' id='word_1_353' title='bbox 623 3003 741 3073; x_wconf 84' lang='lat' dir='ltr'><strong>Apuleii</strong></span> <span class='ocrx_word' id='word_1_354' title='bbox 760 3003 811 3056; x_wconf 92' lang='lat' dir='ltr'><strong>lib.</strong></span> <span class='ocrx_word' id='word_1_355' title='bbox 829 3004 851 3055; x_wconf 89' lang='lat'><strong>1.</strong></span> <span class='ocrx_word' id='word_1_356' title='bbox 871 3004 907 3056; x_wconf 89' lang='lat' dir='ltr'><strong>de</strong></span> <span class='ocrx_word' id='word_1_357' title='bbox 925 3005 1020 3058; x_wconf 88' lang='lat' dir='ltr'><strong>Habit.</strong></span> <span class='ocrx_word' id='word_1_358' title='bbox 1041 3005 1122 3056; x_wconf 89' lang='lat' dir='ltr'><strong>Doct.</strong></span> <span class='ocrx_word' id='word_1_359' title='bbox 1150 3002 1221 3055; x_wconf 83' lang='lat' dir='ltr'><strong>Plat.</strong></span> <span class='ocrx_word' id='word_1_360' title='bbox 1241 3021 1270 3071; x_wconf 90' lang='lat' dir='ltr'><strong>p.</strong></span> <span class='ocrx_word' id='word_1_361' title='bbox 1290 3005 1350 3058; x_wconf 78' lang='lat'><strong>591.</strong></span> 
     </span>
     <span class='ocr_line' id='line_1_37' title="bbox 196 3073 1396 3146; baseline -0.003 -17"><span class='ocrx_word' id='word_1_362' title='bbox 196 3075 275 3129; x_wconf 83' lang='lat' dir='ltr'><strong>Hinc</strong></span> <span class='ocrx_word' id='word_1_363' title='bbox 294 3083 327 3128; x_wconf 74' lang='lat' dir='ltr'><strong>eb</strong></span> <span class='ocrx_word' id='word_1_364' title='bbox 346 3080 463 3144; x_wconf 80' lang='lat' dir='ltr'><strong>quatuor</strong></span> <span class='ocrx_word' id='word_1_365' title='bbox 477 3074 635 3142; x_wconf 84' lang='lat' dir='ltr'><strong>principiis</strong></span> <span class='ocrx_word' id='word_1_366' title='bbox 652 3075 696 3127; x_wconf 87' lang='lat' dir='ltr'><strong>oei</strong></span> <span class='ocrx_word' id='word_1_367' title='bbox 713 3089 846 3143; x_wconf 87' lang='lat' dir='ltr'><strong>superans</strong></span> <span class='ocrx_word' id='word_1_368' title='bbox 865 3075 975 3141; x_wconf 84' lang='lat' dir='ltr'><strong>aliquid</strong></span> <span class='ocrx_word' id='word_1_369' title='bbox 993 3074 1038 3128; x_wconf 85' lang='lat' dir='ltr'><strong>ael</strong></span> <span class='ocrx_word' id='word_1_370' title='bbox 1054 3073 1187 3140; x_wconf 76' lang='lat' dir='ltr'><strong>deficiens</strong></span> <span class='ocrx_word' id='word_1_371' title='bbox 1205 3074 1352 3146; x_wconf 77' lang='lat' dir='ltr'><strong>aduersam</strong></span> <span class='ocrx_word' id='word_1_372' title='bbox 1389 3105 1396 3110; x_wconf 98' lang='lat'><em>-</em></span> 
     </span>
     <span class='ocr_line' id='line_1_38' title="bbox 196 3145 1352 3215; baseline 0 -15"><span class='ocrx_word' id='word_1_373' title='bbox 196 3147 384 3200; x_wconf 81' lang='lat' dir='ltr'><strong>ualetudinem</strong></span> <span class='ocrx_word' id='word_1_374' title='bbox 402 3149 486 3207; x_wconf 77' lang='lat' dir='ltr'><strong>meat,</strong></span> <span class='ocrx_word' id='word_1_375' title='bbox 505 3151 536 3197; x_wconf 87' lang='lat' dir='ltr'><strong>ut</strong></span> <span class='ocrx_word' id='word_1_376' title='bbox 555 3145 668 3215; x_wconf 83' lang='lat' dir='ltr'><strong>quidam</strong></span> <span class='ocrx_word' id='word_1_377' title='bbox 687 3162 721 3197; x_wconf 81' lang='lat' dir='ltr'><strong>ea</strong></span> <span class='ocrx_word' id='word_1_378' title='bbox 739 3146 896 3214; x_wconf 82' lang='lat' dir='ltr'><strong>sapientiae</strong></span> <span class='ocrx_word' id='word_1_379' title='bbox 911 3145 1122 3214; x_wconf 73' lang='lat' dir='ltr'><strong>professoribus</strong></span> <span class='ocrx_word' id='word_1_380' title='bbox 1140 3146 1280 3212; x_wconf 78' lang='lat' dir='ltr'><strong>dixerunt,</strong></span> <span class='ocrx_word' id='word_1_381' title='bbox 1307 3152 1352 3200; x_wconf 83' lang='lat' dir='ltr'><strong>te·</strong></span> 
     </span>
     <span class='ocr_line' id='line_1_39' title="bbox 196 3215 1255 3301; baseline -0.009 -29"><span class='ocrx_word' id='word_1_382' title='bbox 196 3224 289 3272; x_wconf 81' lang='lat' dir='ltr'><strong>stante</strong></span> <span class='ocrx_word' id='word_1_383' title='bbox 308 3215 391 3271; x_wconf 79' lang='lat' dir='ltr'><strong>Celso</strong></span> <span class='ocrx_word' id='word_1_384' title='bbox 409 3215 459 3268; x_wconf 88' lang='lat' dir='ltr'><strong>lib.</strong></span> <span class='ocrx_word' id='word_1_385' title='bbox 480 3216 504 3269; x_wconf 89' lang='lat'><strong>1.</strong></span> <span class='ocrx_word' id='word_1_386' title='bbox 523 3230 582 3301; x_wconf 68' lang='lat' dir='ltr'><strong>pag</strong></span> <span class='ocrx_word' id='word_1_387' title='bbox 608 3219 634 3271; x_wconf 83' lang='lat'><strong>4.</strong></span> <span class='ocrx_word' id='word_1_388' title='bbox 671 3215 709 3272; x_wconf 84' lang='lat' dir='ltr'><strong>D.</strong></span> <span class='ocrx_word' id='word_1_389' title='bbox 1252 3255 1255 3262; x_wconf 95' lang='grc'><em>,</em></span> 
     </span>
    </p>

    <p class='ocr_par' dir='ltr' id='par_1_12' title="bbox 195 3286 1351 3432">
     <span class='ocr_line' id='line_1_40' title="bbox 269 3286 1351 3356; baseline -0.004 -13"><span class='ocrx_word' id='word_1_390' title='bbox 269 3289 306 3343; x_wconf 87' lang='lat' dir='ltr'><strong>Ut</strong></span> <span class='ocrx_word' id='word_1_391' title='bbox 323 3286 408 3353; x_wconf 85' lang='lat' dir='ltr'><strong>enim]</strong></span> <span class='ocrx_word' id='word_1_392' title='bbox 446 3323 466 3352; x_wconf 91' lang='lat'><strong>„</strong></span> <span class='ocrx_word' id='word_1_393' title='bbox 474 3287 580 3341; x_wconf 80' lang='lat' dir='ltr'><strong>Addidi</strong></span> <span class='ocrx_word' id='word_1_394' title='bbox 602 3293 644 3352; x_wconf 88' lang='lat' dir='ltr'><strong>ut,</strong></span> <span class='ocrx_word' id='word_1_395' title='bbox 668 3289 736 3356; x_wconf 87' lang='lat' dir='ltr'><strong>quia</strong></span> <span class='ocrx_word' id='word_1_396' title='bbox 754 3287 900 3356; x_wconf 84' lang='lat' dir='ltr'><strong>sequitur=</strong></span> <span class='ocrx_word' id='word_1_397' title='bbox 927 3287 970 3341; x_wconf 87' lang='lat' dir='ltr'><strong>sic</strong></span> <span class='ocrx_word' id='word_1_398' title='bbox 988 3289 1098 3342; x_wconf 81' lang='lat' dir='ltr'><strong>sanitae</strong></span> <span class='ocrx_word' id='word_1_399' title='bbox 1122 3287 1213 3342; x_wconf 89' lang='lat' dir='ltr'><strong>animi</strong></span> <span class='ocrx_word' id='word_1_400' title='bbox 1237 3287 1351 3341; x_wconf 79' lang='lat' dir='ltr'><strong>dicitur.</strong></span> 
     </span>
     <span class='ocr_line' id='line_1_41' title="bbox 195 3355 1053 3432; baseline -0.003 -19"><span class='ocrx_word' id='word_1_401' title='bbox 195 3359 257 3414; x_wconf 89' lang='lat' dir='ltr'><strong>Nee</strong></span> <span class='ocrx_word' id='word_1_402' title='bbox 278 3361 352 3413; x_wconf 83' lang='lat' dir='ltr'><strong>enirn</strong></span> <span class='ocrx_word' id='word_1_403' title='bbox 369 3359 403 3412; x_wconf 88' lang='lat' dir='ltr'><strong>ab</strong></span> <span class='ocrx_word' id='word_1_404' title='bbox 422 3359 509 3432; x_wconf 83' lang='lat' dir='ltr'><strong>initio</strong></span> <span class='ocrx_word' id='word_1_405' title='bbox 527 3358 637 3411; x_wconf 88' lang='lat' dir='ltr'><strong>dicitur</strong></span> <span class='ocrx_word' id='word_1_406' title='bbox 655 3355 699 3422; x_wconf 92' lang='lat' dir='ltr'><strong>[ut</strong></span> <span class='ocrx_word' id='word_1_407' title='bbox 717 3358 759 3412; x_wconf 89' lang='lat' dir='ltr'><strong>ed.</strong></span> <span class='ocrx_word' id='word_1_408' title='bbox 781 3358 915 3425; x_wconf 60' lang='grc' dir='ltr'><strong>(ὖεΙνΙκΓί</strong></span> <span class='ocrx_word' id='word_1_409' title='bbox 932 3360 1019 3411; x_wconf 72' lang='lat' dir='ltr'><strong>,Eam</strong></span> <span class='ocrx_word' id='word_1_410' title='bbox 1044 3357 1053 3371; x_wconf 83' lang='lat'><em>&#39;</em></span> 
     </span>
    </p>
   </div>
   <div class='ocr_carea' id='block_1_10' title="bbox 148 3445 1356 4226">
    <p class='ocr_par' dir='ltr' id='par_1_13' title="bbox 148 3445 1356 4226">
     <span class='ocr_line' id='line_1_42' title="bbox 266 3445 1354 3517; baseline -0.003 -16"><span class='ocrx_word' id='word_1_411' title='bbox 266 3454 330 3501; x_wconf 84' lang='lat' dir='ltr'><strong>sunt</strong></span> <span class='ocrx_word' id='word_1_412' title='bbox 348 3450 419 3502; x_wconf 71' lang='lat' dir='ltr'><strong>item‘</strong></span> <span class='ocrx_word' id='word_1_413' title='bbox 433 3445 465 3500; x_wconf 89' lang='lat' dir='ltr'><strong>in</strong></span> <span class='ocrx_word' id='word_1_414' title='bbox 484 3445 587 3500; x_wconf 88' lang='lat' dir='ltr'><strong>animo.</strong></span> <span class='ocrx_word' id='word_1_415' title='bbox 626 3447 650 3499; x_wconf 84' lang='grc' dir='ltr'><strong><em>Ε</em></strong></span> <span class='ocrx_word' id='word_1_416' title='bbox 656 3452 684 3498; x_wconf 84' lang='grc' dir='ltr'><strong>ει</strong></span> <span class='ocrx_word' id='word_1_417' title='bbox 702 3446 794 3500; x_wconf 89' lang='lat' dir='ltr'><strong>enim</strong></span> <span class='ocrx_word' id='word_1_418' title='bbox 811 3446 941 3516; x_wconf 66' lang='lat' dir='ltr'><strong>camaris</strong></span> <span class='ocrx_word' id='word_1_419' title='bbox 958 3446 1135 3516; x_wconf 84' lang='lat' dir='ltr'><strong>temperatio]</strong></span> <span class='ocrx_word' id='word_1_420' title='bbox 1168 3447 1213 3517; x_wconf 80' lang='lat' dir='ltr'><strong>lta</strong></span> <span class='ocrx_word' id='word_1_421' title='bbox 1231 3445 1298 3500; x_wconf 88' lang='lat' dir='ltr'><strong>dedi</strong></span> <span class='ocrx_word' id='word_1_422' title='bbox 1317 3464 1354 3500; x_wconf 87' lang='lat' dir='ltr'><strong>ex</strong></span> 
     </span>
     <span class='ocr_line' id='line_1_43' title="bbox 197 3515 1353 3593; baseline -0.003 -18"><span class='ocrx_word' id='word_1_423' title='bbox 197 3518 285 3591; x_wconf 80' lang='lat' dir='ltr'><strong>chd.</strong></span> <span class='ocrx_word' id='word_1_424' title='bbox 304 3519 397 3571; x_wconf 89' lang='lat' dir='ltr'><strong>tribus</strong></span> <span class='ocrx_word' id='word_1_425' title='bbox 417 3519 488 3573; x_wconf 80' lang='lat' dir='ltr'><strong>0xx.</strong></span> <span class='ocrx_word' id='word_1_426' title='bbox 508 3516 567 3571; x_wconf 88' lang='lat' dir='ltr'><strong>Pal.</strong></span> <span class='ocrx_word' id='word_1_427' title='bbox 587 3516 682 3586; x_wconf 87' lang='lat' dir='ltr'><strong>quint.</strong></span> <span class='ocrx_word' id='word_1_428' title='bbox 703 3518 775 3593; x_wconf 75' lang='lat' dir='ltr'><strong>Aug.</strong></span> <span class='ocrx_word' id='word_1_429' title='bbox 796 3515 868 3584; x_wconf 89' lang='lat' dir='ltr'><strong>(nisi</strong></span> <span class='ocrx_word' id='word_1_430' title='bbox 887 3518 963 3589; x_wconf 90' lang='lat' dir='ltr'><strong>quod</strong></span> <span class='ocrx_word' id='word_1_431' title='bbox 981 3519 1031 3570; x_wconf 91' lang='lat' dir='ltr'><strong>hic</strong></span> <span class='ocrx_word' id='word_1_432' title='bbox 1048 3533 1103 3588; x_wconf 91' lang='lat' dir='ltr'><strong>pro</strong></span> <span class='ocrx_word' id='word_1_433' title='bbox 1122 3517 1196 3583; x_wconf 81' lang='lat' dir='ltr'><strong>enim</strong></span> <span class='ocrx_word' id='word_1_434' title='bbox 1209 3534 1246 3570; x_wconf 85' lang='lat' dir='ltr'><strong>ex</strong></span> <span class='ocrx_word' id='word_1_435' title='bbox 1263 3534 1353 3587; x_wconf 85' lang='lat' dir='ltr'><strong>prava</strong></span> 
     </span>
     <span class='ocr_line' id='line_1_44' title="bbox 197 3586 1351 3660; baseline -0.003 -15"><span class='ocrx_word' id='word_1_436' title='bbox 197 3588 364 3660; x_wconf 84' lang='lat' dir='ltr'><strong>compendii</strong></span> <span class='ocrx_word' id='word_1_437' title='bbox 382 3589 508 3643; x_wconf 87' lang='lat' dir='ltr'><strong>lectione</strong></span> <span class='ocrx_word' id='word_1_438' title='bbox 526 3586 613 3641; x_wconf 86' lang='lat' dir='ltr'><strong>habat</strong></span> <span class='ocrx_word' id='word_1_439' title='bbox 631 3594 672 3639; x_wconf 89' lang='lat' dir='ltr'><strong>est</strong></span> <span class='ocrx_word' id='word_1_440' title='bbox 690 3587 754 3652; x_wconf 91' lang='lat' dir='ltr'><strong>in):</strong></span> <span class='ocrx_word' id='word_1_441' title='bbox 775 3606 868 3658; x_wconf 90' lang='lat' dir='ltr'><strong>neque</strong></span> <span class='ocrx_word' id='word_1_442' title='bbox 887 3590 1091 3643; x_wconf 85' lang='lat' dir='ltr'><strong>contradicunt</strong></span> <span class='ocrx_word' id='word_1_443' title='bbox 1110 3589 1181 3640; x_wconf 88' lang='lat' dir='ltr'><strong>Pall.</strong></span> <span class='ocrx_word' id='word_1_444' title='bbox 1203 3605 1260 3640; x_wconf 88' lang='lat' dir='ltr'><strong>sec.</strong></span> <span class='ocrx_word' id='word_1_445' title='bbox 1281 3597 1351 3642; x_wconf 88' lang='lat' dir='ltr'><strong>tert.</strong></span> 
     </span>
     <span class='ocr_line' id='line_1_45' title="bbox 197 3658 1353 3735; baseline -0.003 -20"><span class='ocrx_word' id='word_1_446' title='bbox 197 3670 290 3734; x_wconf 87' lang='lat' dir='ltr'><strong>quart.</strong></span> <span class='ocrx_word' id='word_1_447' title='bbox 313 3661 386 3716; x_wconf 87' lang='lat' dir='ltr'><strong>Gud.</strong></span> <span class='ocrx_word' id='word_1_448' title='bbox 411 3665 433 3714; x_wconf 87' lang='grc' dir='ltr'><strong>Ι.</strong></span> <span class='ocrx_word' id='word_1_449' title='bbox 454 3658 568 3728; x_wconf 82' lang='lat' dir='ltr'><strong>Gryph.</strong></span> <span class='ocrx_word' id='word_1_450' title='bbox 588 3660 675 3711; x_wconf 84' lang='lat' dir='ltr'><strong>Marb.</strong></span> <span class='ocrx_word' id='word_1_451' title='bbox 696 3661 751 3713; x_wconf 88' lang='lat' dir='ltr'><strong>duo</strong></span> <span class='ocrx_word' id='word_1_452' title='bbox 771 3661 847 3717; x_wconf 75' lang='lat' dir='ltr'><strong>Oxx..</strong></span> <span class='ocrx_word' id='word_1_453' title='bbox 860 3659 931 3735; x_wconf 78' lang='lat' dir='ltr'><strong>Reg.</strong></span> <span class='ocrx_word' id='word_1_454' title='bbox 952 3659 1107 3729; x_wconf 87' lang='lat' dir='ltr'><strong>inquibus</strong></span> <span class='ocrx_word' id='word_1_455' title='bbox 1132 3660 1207 3712; x_wconf 86' lang='lat' dir='ltr'><strong>enim</strong></span> <span class='ocrx_word' id='word_1_456' title='bbox 1224 3658 1353 3733; x_wconf 62' lang='lat' dir='ltr'><strong>leg-itum</strong></span> 
     </span>
     <span class='ocr_line' id='line_1_46' title="bbox 196 3728 1355 3805; baseline -0.002 -19"><span class='ocrx_word' id='word_1_457' title='bbox 196 3733 273 3805; x_wconf 86' lang='lat' dir='ltr'><strong>quod</strong></span> <span class='ocrx_word' id='word_1_458' title='bbox 288 3732 434 3787; x_wconf 58' lang='lat' dir='ltr'><strong>&lt;facillime</strong></span> <span class='ocrx_word' id='word_1_459' title='bbox 453 3728 605 3783; x_wconf 87' lang='lat' dir='ltr'><strong>obliterari</strong></span> <span class='ocrx_word' id='word_1_460' title='bbox 623 3731 720 3798; x_wconf 91' lang='lat' dir='ltr'><strong>potuit</strong></span> <span class='ocrx_word' id='word_1_461' title='bbox 738 3731 942 3801; x_wconf 85' lang='lat' dir='ltr'><strong>compendium</strong></span> <span class='ocrx_word' id='word_1_462' title='bbox 959 3732 1044 3785; x_wconf 78' lang='lat' dir='ltr'><strong>verbi</strong></span> <span class='ocrx_word' id='word_1_463' title='bbox 1069 3737 1109 3783; x_wconf 88' lang='lat' dir='ltr'><strong>est</strong></span> <span class='ocrx_word' id='word_1_464' title='bbox 1127 3739 1193 3783; x_wconf 87' lang='lat' dir='ltr'><strong>aute</strong></span> <span class='ocrx_word' id='word_1_465' title='bbox 1211 3732 1286 3783; x_wconf 90' lang='lat' dir='ltr'><strong>enim</strong></span> <span class='ocrx_word' id='word_1_466' title='bbox 1304 3733 1355 3784; x_wconf 88' lang='lat' dir='ltr'><strong>vel</strong></span> 
     </span>
     <span class='ocr_line' id='line_1_47' title="bbox 195 3800 1355 3876; baseline -0.002 -18"><span class='ocrx_word' id='word_1_467' title='bbox 195 3807 283 3876; x_wconf 85' lang='lat' dir='ltr'><strong>plene</strong></span> <span class='ocrx_word' id='word_1_468' title='bbox 300 3803 349 3857; x_wconf 87' lang='lat' dir='ltr'><strong>vel</strong></span> <span class='ocrx_word' id='word_1_469' title='bbox 369 3800 540 3870; x_wconf 88' lang='lat' dir='ltr'><strong>compendio</strong></span> <span class='ocrx_word' id='word_1_470' title='bbox 559 3801 616 3852; x_wconf 86' lang='lat' dir='ltr'><strong>sori</strong></span> <span class='ocrx_word' id='word_1_471' title='bbox 638 3808 707 3855; x_wconf 82' lang='lat' dir='ltr'><strong>turn</strong></span> <span class='ocrx_word' id='word_1_472' title='bbox 747 3802 813 3855; x_wconf 88' lang='lat' dir='ltr'><strong>Post</strong></span> <span class='ocrx_word' id='word_1_473' title='bbox 831 3805 923 3857; x_wconf 88' lang='lat' dir='ltr'><strong>animo</strong></span> <span class='ocrx_word' id='word_1_474' title='bbox 942 3805 1040 3855; x_wconf 89' lang='lat' dir='ltr'><strong>statim</strong></span> <span class='ocrx_word' id='word_1_475' title='bbox 1066 3803 1199 3871; x_wconf 88' lang='lat' dir='ltr'><strong>sequitur</strong></span> <span class='ocrx_word' id='word_1_476' title='bbox 1224 3805 1355 3869; x_wconf 82' lang='lat' dir='ltr'><strong>carparis</strong></span> 
     </span>
     <span class='ocr_line' id='line_1_48' title="bbox 148 3869 1354 3944; baseline -0.002 -14"><span class='ocrx_word' id='word_1_477' title='bbox 148 3903 150 3909; x_wconf 94' lang='lat'>·</span> <span class='ocrx_word' id='word_1_478' title='bbox 196 3883 279 3944; x_wconf 82' lang='lat' dir='ltr'><strong>temp.</strong></span> <span class='ocrx_word' id='word_1_479' title='bbox 306 3875 340 3926; x_wconf 87' lang='lat' dir='ltr'><strong>in</strong></span> <span class='ocrx_word' id='word_1_480' title='bbox 365 3871 452 3925; x_wconf 84' lang='lat' dir='ltr'><strong>codd.</strong></span> <span class='ocrx_word' id='word_1_481' title='bbox 479 3869 553 3925; x_wconf 86' lang='lat' dir='ltr'><strong>Gud.</strong></span> <span class='ocrx_word' id='word_1_482' title='bbox 572 3875 597 3928; x_wconf 80' lang='lat'><strong>2·</strong></span> <span class='ocrx_word' id='word_1_483' title='bbox 647 3886 692 3923; x_wconf 89' lang='lat' dir='ltr'><strong>on.</strong></span> <span class='ocrx_word' id='word_1_484' title='bbox 713 3875 738 3928; x_wconf 80' lang='lat'><strong>2.</strong></span> <span class='ocrx_word' id='word_1_485' title='bbox 758 3872 847 3927; x_wconf 87' lang='lat' dir='ltr'><strong>Rebd.</strong></span> <span class='ocrx_word' id='word_1_486' title='bbox 868 3873 928 3937; x_wconf 87' lang='lat' dir='ltr'><strong>(scd</strong></span> <span class='ocrx_word' id='word_1_487' title='bbox 946 3872 996 3933; x_wconf 82' lang='lat' dir='ltr'><strong>hie</strong></span> <span class='ocrx_word' id='word_1_488' title='bbox 1013 3870 1100 3926; x_wconf 87' lang='lat' dir='ltr'><strong>habet</strong></span> <span class='ocrx_word' id='word_1_489' title='bbox 1122 3878 1155 3925; x_wconf 79' lang='lat' dir='ltr'><strong>rd</strong></span> <span class='ocrx_word' id='word_1_490' title='bbox 1174 3874 1193 3926; x_wconf 92' lang='lat' dir='ltr'><strong>i.</strong></span> <span class='ocrx_word' id='word_1_491' title='bbox 1214 3891 1237 3925; x_wconf 91' lang='lat' dir='ltr'><strong>e.</strong></span> <span class='ocrx_word' id='word_1_492' title='bbox 1265 3875 1354 3940; x_wconf 79' lang='lat' dir='ltr'><strong>ratio,</strong></span> 
     </span>
     <span class='ocr_line' id='line_1_49' title="bbox 195 3940 1353 4017; baseline 0.002 -18"><span class='ocrx_word' id='word_1_493' title='bbox 195 3962 251 4017; x_wconf 89' lang='lat' dir='ltr'><strong>pro</strong></span> <span class='ocrx_word' id='word_1_494' title='bbox 270 3942 447 4011; x_wconf 85' lang='lat' dir='ltr'><strong>temperatio)</strong></span> <span class='ocrx_word' id='word_1_495' title='bbox 474 3940 550 3993; x_wconf 86' lang='lat' dir='ltr'><strong>Gud.</strong></span> <span class='ocrx_word' id='word_1_496' title='bbox 569 3957 628 3996; x_wconf 89' lang='lat' dir='ltr'><strong>uno</strong></span> <span class='ocrx_word' id='word_1_497' title='bbox 646 3940 696 3994; x_wconf 78' lang='lat' dir='ltr'><strong>Ox.</strong></span> <span class='ocrx_word' id='word_1_498' title='bbox 716 3941 788 3996; x_wconf 84' lang='lat' dir='ltr'><strong>Edd.</strong></span> <span class='ocrx_word' id='word_1_499' title='bbox 810 3945 839 3996; x_wconf 89' lang='lat' dir='ltr'><strong>P.</strong></span> <span class='ocrx_word' id='word_1_500' title='bbox 860 3944 893 3997; x_wconf 89' lang='lat' dir='ltr'><strong>A.</strong></span> <span class='ocrx_word' id='word_1_501' title='bbox 914 3944 945 3998; x_wconf 92' lang='lat' dir='ltr'><strong>B.</strong></span> <span class='ocrx_word' id='word_1_502' title='bbox 965 3942 993 3996; x_wconf 90' lang='lat' dir='ltr'><strong>S.</strong></span> <span class='ocrx_word' id='word_1_503' title='bbox 1006 3946 1039 3996; x_wconf 87' lang='lat' dir='ltr'><strong>E.</strong></span> <span class='ocrx_word' id='word_1_504' title='bbox 1056 3945 1086 3997; x_wconf 71' lang='lat'><strong>02</strong></span> <span class='ocrx_word' id='word_1_505' title='bbox 1101 3946 1134 3994; x_wconf 82' lang='lat' dir='ltr'><strong>V.</strong></span> <span class='ocrx_word' id='word_1_506' title='bbox 1155 3945 1193 3996; x_wconf 86' lang='grc' dir='ltr'><strong>Μ.</strong></span> <span class='ocrx_word' id='word_1_507' title='bbox 1213 3944 1353 4002; x_wconf 71' lang='lat' dir='ltr'><strong>Asc-M.</strong></span> 
     </span>
     <span class='ocr_line' id='line_1_50' title="bbox 194 4008 1355 4087; baseline 0.002 -19"><span class='ocrx_word' id='word_1_508' title='bbox 194 4019 267 4070; x_wconf 75' lang='lat' dir='ltr'><strong>ven.</strong></span> <span class='ocrx_word' id='word_1_509' title='bbox 286 4022 383 4069; x_wconf 74' lang='lat' dir='ltr'><strong>nostr.</strong></span> <span class='ocrx_word' id='word_1_510' title='bbox 396 4013 477 4065; x_wconf 75' lang='lat' dir='ltr'><strong>tunt.</strong></span> <span class='ocrx_word' id='word_1_511' title='bbox 498 4008 562 4065; x_wconf 82' lang='lat' dir='ltr'><strong>Ald.</strong></span> <span class='ocrx_word' id='word_1_512' title='bbox 582 4008 664 4066; x_wconf 84' lang='lat' dir='ltr'><strong>Boul.</strong></span> <span class='ocrx_word' id='word_1_513' title='bbox 685 4014 769 4069; x_wconf 56' lang='lat' dir='ltr'><strong>laced.</strong></span> <span class='ocrx_word' id='word_1_514' title='bbox 790 4015 858 4069; x_wconf 84' lang='lat' dir='ltr'><strong>Rob.</strong></span> <span class='ocrx_word' id='word_1_515' title='bbox 879 4016 979 4087; x_wconf 85' lang='lat' dir='ltr'><strong>Steph.</strong></span> <span class='ocrx_word' id='word_1_516' title='bbox 999 4017 1097 4069; x_wconf 85' lang='lat' dir='ltr'><strong>Herw.</strong></span> <span class='ocrx_word' id='word_1_517' title='bbox 1120 4015 1193 4068; x_wconf 80' lang='lat' dir='ltr'><strong>Cum</strong></span> <span class='ocrx_word' id='word_1_518' title='bbox 1211 4014 1355 4070; x_wconf 82' lang='lat' dir='ltr'><strong>Lambino</strong></span> 
     </span>
     <span class='ocr_line' id='line_1_51' title="bbox 193 4083 1353 4163; baseline -0.002 -22"><span class='ocrx_word' id='word_1_519' title='bbox 193 4087 308 4141; x_wconf 81' lang='lat' dir='ltr'><strong>faciunt</strong></span> <span class='ocrx_word' id='word_1_520' title='bbox 326 4087 407 4139; x_wconf 90' lang='lat' dir='ltr'><strong>Brut.</strong></span> <span class='ocrx_word' id='word_1_521' title='bbox 427 4083 550 4139; x_wconf 83' lang='lat' dir='ltr'><strong>HWolf.</strong></span> <span class='ocrx_word' id='word_1_522' title='bbox 569 4083 648 4156; x_wconf 84' lang='lat' dir='ltr'><strong>sylb.</strong></span> <span class='ocrx_word' id='word_1_523' title='bbox 674 4085 709 4138; x_wconf 91' lang='lat' dir='ltr'><strong>ln</strong></span> <span class='ocrx_word' id='word_1_524' title='bbox 728 4086 796 4140; x_wconf 79' lang='lat' dir='ltr'><strong>Ood.</strong></span> <span class='ocrx_word' id='word_1_525' title='bbox 819 4087 881 4140; x_wconf 77' lang='lat' dir='ltr'><strong>Col.</strong></span> <span class='ocrx_word' id='word_1_526' title='bbox 907 4087 1020 4163; x_wconf 74' lang='lat' dir='ltr'><strong>legitur</strong></span> <span class='ocrx_word' id='word_1_527' title='bbox 1042 4088 1134 4140; x_wconf 84' lang='lat' dir='ltr'><strong>sicut</strong></span> <span class='ocrx_word' id='word_1_528' title='bbox 1160 4088 1248 4140; x_wconf 87' lang='lat' dir='ltr'><strong>enim</strong></span> <span class='ocrx_word' id='word_1_529' title='bbox 1274 4102 1353 4155; x_wconf 82' lang='lat' dir='ltr'><strong>corp.</strong></span> 
     </span>
     <span class='ocr_line' id='line_1_52' title="bbox 195 4155 1356 4226; baseline -0.001 -13"><span class='ocrx_word' id='word_1_530' title='bbox 195 4162 276 4226; x_wconf 79' lang='lat' dir='ltr'><strong>temp.</strong></span> <span class='ocrx_word' id='word_1_531' title='bbox 305 4164 372 4221; x_wconf 81' lang='lat' dir='ltr'><strong>eet3</strong></span> <span class='ocrx_word' id='word_1_532' title='bbox 397 4158 428 4210; x_wconf 88' lang='lat' dir='ltr'><strong>in</strong></span> <span class='ocrx_word' id='word_1_533' title='bbox 453 4157 528 4210; x_wconf 84' lang='lat' dir='ltr'><strong>Mon.</strong></span> <span class='ocrx_word' id='word_1_534' title='bbox 548 4159 573 4212; x_wconf 73' lang='lat' dir='ltr'><strong>b.</strong></span> <span class='ocrx_word' id='word_1_535' title='bbox 601 4165 630 4209; x_wconf 89' lang='lat' dir='ltr'><strong>et</strong></span> <span class='ocrx_word' id='word_1_536' title='bbox 653 4155 751 4211; x_wconf 89' lang='lat' dir='ltr'><strong>Duisb.</strong></span> <span class='ocrx_word' id='word_1_537' title='bbox 782 4159 824 4211; x_wconf 80' lang='lat' dir='ltr'><strong>eia</strong></span> <span class='ocrx_word' id='word_1_538' title='bbox 850 4159 930 4211; x_wconf 86' lang='lat' dir='ltr'><strong>enim.</strong></span> <span class='ocrx_word' id='word_1_539' title='bbox 967 4158 1090 4211; x_wconf 84' lang='lat' dir='ltr'><strong>Lallem.</strong></span> <span class='ocrx_word' id='word_1_540' title='bbox 1110 4157 1190 4210; x_wconf 87' lang='lat' dir='ltr'><strong>dedit</strong></span> <span class='ocrx_word' id='word_1_541' title='bbox 1207 4163 1243 4210; x_wconf 87' lang='lat' dir='ltr'><strong>ut</strong></span> <span class='ocrx_word' id='word_1_542' title='bbox 1262 4159 1356 4212; x_wconf 80' lang='lat' dir='ltr'><strong>enim</strong></span> 
     </span>
    </p>
   </div>
   <div class='ocr_carea' id='block_1_11' title="bbox 194 4227 1353 4352">
    <p class='ocr_par' dir='ltr' id='par_1_14' title="bbox 194 4227 1353 4352">
     <span class='ocr_line' id='line_1_53' title="bbox 194 4227 1353 4352; baseline -0.001 -68"><span class='ocrx_word' id='word_1_543' title='bbox 194 4228 322 4298; x_wconf 89' lang='lat' dir='ltr'><strong>corporis</strong></span> <span class='ocrx_word' id='word_1_544' title='bbox 348 4234 400 4280; x_wconf 88' lang='lat' dir='ltr'><strong>est</strong></span> <span class='ocrx_word' id='word_1_545' title='bbox 426 4231 603 4296; x_wconf 63' lang='lat' dir='ltr'><strong>temperatim·</strong></span> <span class='ocrx_word' id='word_1_546' title='bbox 631 4227 706 4285; x_wconf 70' lang='lat' dir='ltr'><strong>otia.</strong></span> <span class='ocrx_word' id='word_1_547' title='bbox 725 4235 761 4282; x_wconf 85' lang='lat' dir='ltr'><strong>ut</strong></span> <span class='ocrx_word' id='word_1_548' title='bbox 778 4231 908 4296; x_wconf 82' lang='lat' dir='ltr'><strong>carparis</strong></span> <span class='ocrx_word' id='word_1_549' title='bbox 931 4236 984 4282; x_wconf 85' lang='lat' dir='ltr'><strong>est</strong></span> <span class='ocrx_word' id='word_1_550' title='bbox 1004 4228 1175 4299; x_wconf 84' lang='lat' dir='ltr'><strong>temperatio.</strong></span> <span class='ocrx_word' id='word_1_551' title='bbox 1221 4228 1353 4352; x_wconf 59' lang='lat' dir='ltr'><strong>Reliqui,</strong></span> 
     </span>
    </p>
   </div>
   <div class='ocr_carea' id='block_1_12' title="bbox 196 4299 1355 4442">
    <p class='ocr_par' dir='ltr' id='par_1_15' title="bbox 196 4299 1355 4442">
     <span class='ocr_line' id='line_1_54' title="bbox 196 4299 1355 4368; baseline -0.002 -12"><span class='ocrx_word' id='word_1_552' title='bbox 196 4301 258 4356; x_wconf 87' lang='lat' dir='ltr'><strong>sine</strong></span> <span class='ocrx_word' id='word_1_553' title='bbox 278 4300 425 4354; x_wconf 86' lang='lat' dir='ltr'><strong>librorum</strong></span> <span class='ocrx_word' id='word_1_554' title='bbox 441 4301 624 4364; x_wconf 89' lang='lat' dir='ltr'><strong>auctoritate,</strong></span> <span class='ocrx_word' id='word_1_555' title='bbox 644 4314 714 4352; x_wconf 82' lang='lat' dir='ltr'><strong>cum·</strong></span> <span class='ocrx_word' id='word_1_556' title='bbox 728 4299 848 4354; x_wconf 88' lang='lat' dir='ltr'><strong>Davisio</strong></span> <span class='ocrx_word' id='word_1_557' title='bbox 867 4299 1065 4354; x_wconf 72' lang='lat' dir='ltr'><strong>(itinerarium</strong></span> <span class='ocrx_word' id='word_1_558' title='bbox 1086 4308 1258 4368; x_wconf 88' lang='lat' dir='ltr'><strong>sequuntur.</strong></span> <span class='ocrx_word' id='word_1_559' title='bbox 1319 4316 1355 4355; x_wconf 91' lang='lat' dir='ltr'><strong>ro</strong></span> 
     </span>
     <span class='ocr_line' id='line_1_55' title="bbox 196 4366 1354 4442; baseline -0.003 -15"><span class='ocrx_word' id='word_1_560' title='bbox 196 4372 326 4442; x_wconf 83' lang='lat' dir='ltr'><strong>equibus</strong></span> <span class='ocrx_word' id='word_1_561' title='bbox 344 4370 431 4424; x_wconf 85' lang='lat' dir='ltr'><strong>Codd.</strong></span> <span class='ocrx_word' id='word_1_562' title='bbox 451 4366 541 4427; x_wconf 83' lang='lat' dir='ltr'><strong>Rebd.</strong></span> <span class='ocrx_word' id='word_1_563' title='bbox 562 4372 637 4425; x_wconf 86' lang='lat' dir='ltr'><strong>Mon.</strong></span> <span class='ocrx_word' id='word_1_564' title='bbox 659 4376 684 4427; x_wconf 92' lang='lat' dir='ltr'><strong>l.</strong></span> <span class='ocrx_word' id='word_1_565' title='bbox 705 4379 734 4424; x_wconf 87' lang='lat' dir='ltr'><strong>et</strong></span> <span class='ocrx_word' id='word_1_566' title='bbox 751 4384 826 4424; x_wconf 85' lang='lat' dir='ltr'><strong>unus</strong></span> <span class='ocrx_word' id='word_1_567' title='bbox 845 4372 895 4424; x_wconf 84' lang='lat' dir='ltr'><strong>Ox.</strong></span> <span class='ocrx_word' id='word_1_568' title='bbox 915 4371 1022 4426; x_wconf 85' lang='lat' dir='ltr'><strong>habent</strong></span> <span class='ocrx_word' id='word_1_569' title='bbox 1040 4386 1080 4424; x_wconf 81' lang='lat' dir='ltr'><strong>era</strong></span> <span class='ocrx_word' id='word_1_570' title='bbox 1098 4372 1209 4441; x_wconf 76' lang='lat' dir='ltr'><strong>quidm,-</strong></span> <span class='ocrx_word' id='word_1_571' title='bbox 1228 4375 1304 4424; x_wconf 88' lang='lat' dir='ltr'><strong>Mon.</strong></span> <span class='ocrx_word' id='word_1_572' title='bbox 1327 4373 1354 4424; x_wconf 89' lang='lat'><strong>1.</strong></span> 
     </span>
    </p>
   </div>
   <div class='ocr_carea' id='block_1_13' title="bbox 195 4440 1354 4516">
    <p class='ocr_par' dir='ltr' id='par_1_16' title="bbox 195 4440 1354 4516">
     <span class='ocr_line' id='line_1_56' title="bbox 195 4440 1354 4516; baseline -0.002 -18"><span class='ocrx_word' id='word_1_573' title='bbox 195 4450 315 4512; x_wconf 79' lang='grc' dir='ltr'><em>ευνειαι,</em></span> <span class='ocrx_word' id='word_1_574' title='bbox 332 4459 409 4498; x_wconf 86' lang='lat' dir='ltr'><strong>unus</strong></span> <span class='ocrx_word' id='word_1_575' title='bbox 428 4440 480 4496; x_wconf 70' lang='lat' dir='ltr'><strong>Oxi</strong></span> <span class='ocrx_word' id='word_1_576' title='bbox 499 4440 682 4497; x_wconf 84' lang='lat' dir='ltr'><strong>constantius.</strong></span> <span class='ocrx_word' id='word_1_577' title='bbox 721 4441 822 4516; x_wconf 78' lang='lat' dir='ltr'><strong>Pergit</strong></span> <span class='ocrx_word' id='word_1_578' title='bbox 838 4441 935 4512; x_wconf 71' lang='lat' dir='ltr'><strong>bamb.</strong></span> <span class='ocrx_word' id='word_1_579' title='bbox 958 4451 993 4496; x_wconf 90' lang='lat' dir='ltr'><strong>ut</strong></span> <span class='ocrx_word' id='word_1_580' title='bbox 1009 4443 1086 4496; x_wconf 83' lang='lat' dir='ltr'><strong>Mon.</strong></span> <span class='ocrx_word' id='word_1_581' title='bbox 1105 4448 1132 4500; x_wconf 90' lang='grc'><strong>1.</strong></span> <span class='ocrx_word' id='word_1_582' title='bbox 1160 4456 1231 4508; x_wconf 78' lang='lat' dir='ltr'><strong>aum</strong></span> <span class='ocrx_word' id='word_1_583' title='bbox 1251 4441 1354 4514; x_wconf 83' lang='lat' dir='ltr'><strong>Duisb.</strong></span> 
     </span>
    </p>
   </div>
   <div class='ocr_carea' id='block_1_14' title="bbox 0 0 1426 5070">
    <p class='ocr_par' dir='ltr' id='par_1_17' title="bbox 0 0 1426 5070">
     <span class='ocr_line' id='line_1_57' title="bbox 0 0 1426 5070; baseline 0 0"><span class='ocrx_word' id='word_1_584' title='bbox 0 0 1426 5070; x_wconf 95' lang='lat' dir='ltr'><strong> </strong></span> 
     </span>
    </p>
   </div>
  </div>
 </body>
</html>
