2842 5070
190 310 233 373 os
315 266 326 277 ’
396 305 626 372 oicrnoms
648 304 898 373 rusorum.
921 303 1178 374 merome·

189 471 241 533 ric
261 472 405 535 invidere
433 474 545 552 florem
576 473 712 550 rectius,
744 492 840 554 quam
872 475 960 553 fiori.
1003 475 1075 536 Nos
1101 472 1343 536 cousuetudine

190 555 422 635 prohibemur:
445 566 544 636 poeta
566 557 619 616 ius
640 575 736 616 snum
759 557 878 632 tenuit,
901 564 935 618 et
954 555 1040 617 dixit
1061 554 1228 620 audacius.

130 636 171 700 1⁰
275 635 371 699 Cadit
392 638 502 722 igitur
530 639 565 698 iu
594 635 734 698 eundem
750 645 792 709 ¹et
822 638 977 699 misereri
1004 646 1037 698 et
1062 636 1234 708 invidere:
1266 657 1343 699 nam

125 719 169 774 21.
190 720 247 800 qui
267 717 361 781 dolet·
378 720 479 782 rebus
501 720 644 781 alicuius
655 716 816 797 adversis,
839 718 928 780 idem
949 720 1091 781 alicuius
1103 721 1209 781 etiam.
1225 740 1344 782 secun-

186 889 292 943 Gasus
310 908 339 940 u.
358 887 456 950 Modi
473 904 502 956 p.
522 890 566 943 89.
586 887 772 941 Reddimann.
803 889 872 940 lnst.
893 890 925 941 L.
945 892 977 941 L.
997 889 1035 943 ll.
1055 909 1083 960 p.
1105 892 1165 945 1214.
1194 890 1288 942 Kritz.
1308 890 1342 943 ad

185 960 256 1014 Sall.
276 960 336 1012 Cat.
357 962 400 1014 57.
419 960 462 1013 38.
487 975 516 1039 p·
535 959 596 1016 298.
634 959 695 1011 Mr.

257 1030 340 1084 Male
362 1029 448 1082 latine
465 1029 585 1096 vedetur]
613 1031 700 1094 „Non
717 1026 864 1098 vituperat
882 1029 1003 1082 Accium
1022 1031 1053 1082 in
1071 1031 1275 1085 translatione:
1295 1030 1343 1083 sed

186 1100 296 1153 indicat
322 1101 353 1150 in
379 1117 466 1152 versu
483 1116 586 1174 graeco
605 1101 692 1152 fuisse
716 1100 803 1152 verba
822 1100 961 1169 quaedam
979 1117 1037 1153 non
1055 1101 1240 1167 translatitia,
1266 1119 1341 1171 quae

187 1171 218 1221 in
245 1169 369 1222 latinum
392 1187 476 1222 versa
502 1186 560 1221 uon
584 1171 714 1222 retinent
733 1171 907 1243 elegantiam
926 1171 1052 1225 Graecae
1076 1173 1258 1226 facundiae.“
1284 1173 1341 1225 Be-

186 1241 309 1294 roaldus.
353 1238 432 1293 Mnte
457 1241 545 1293 latine
568 1240 833 1307 vertitur]„‚‚ln
856 1243 973 1294 Venetis
996 1243 1122 1297 videtur.
1149 1252 1178 1296 et
1204 1243 1343 1312 probatur

184 1310 241 1364 hoc
266 1311 537 1380 quibusdam,.cum
564 1311 659 1363 Latini
684 1320 785 1380 poetae
814 1313 1014 1365 testimonium
1046 1312 1103 1366 hoc
1130 1315 1176 1365 sit.
1220 1314 1341 1366 Etiamsi

185 1390 282 1435 autem
300 1398 358 1434 non
375 1397 488 1450 possum
507 1382 664 1447 affirmare,
700 1381 771 1450 quid
788 1382 908 1435 Latinus
928 1392 1012 1452 poeta
1034 1382 1090 1437 hoc
1115 1385 1197 1437 modo
1220 1386 1342 1437 vertisse

185 1452 327 1518 videatur,
363 1468 421 1504 non
448 1453 539 1504 ausim
564 1461 661 1504 tamen
689 1452 772 1503 illam
795 1453 926 1522 priorem
954 1462 984 1506 et
1010 1463 1173 1507 nostrorum
1200 1454 1343 1506 librorum

185 1523 360 1593 scripturam
386 1522 520 1577 reiicere.
559 1522 663 1575 Graeci
691 1530 787 1573 autem
814 1532 894 1576 certe
920 1523 961 1574 ita
986 1526 1085 1593 φθονῶ
1112 1540 1157 1579 σοι
1175 1524 1275 1579 τούτου
1293 1530 1343 1578 τοῦ

185 1592 344 1664 πράγματος
362 1593 443 1647 Iliad.
464 1592 490 1648 d.
514 1590 590 1646 τάων
608 1594 665 1645 οὔτι.
684 1588 738 1660 ἐγώ
757 1585 855 1660 πρόσθ’
876 1595 999 1664 ἵσταμαι,
1018 1590 1077 1648 οἴη
1094 1600 1245 1664 μεγαίρω.4
1266 1599 1343 1649 Nam

159 1686 162 1692 ¹
186 1665 288 1717 etheo
307 1665 331 1716 si
353 1664 452 1715 nificat
470 1663 580 1732 φθονῶ,
608 1670 637 1715 et
660 1663 796 1715 Herodot.
825 1663 956 1733 Polymn.
981 1667 1030 1717 τοῦ
1056 1682 1085 1718 τε
1109 1667 1253 1736 εὐτυχέειν
1269 1672 1342 1737 φθο-

186 1733 288 1790 νέουσι.
325 1681 464 1788 desidiam
481 1743 577 1786 autem
597 1751 655 1786 esse
674 1733 724 1798 ait,
744 1732 973 1788 eumt‘not'detur.
1012 1738 1111 1806 ltaque
1135 1740 1213 1791 etin
1232 1739 1348 1790 invidio

187 1823 245 1858 esse
264 1806 372 1875 aliquis
391 1815 420 1858 et
442 1804 572 1857 laborare
598 1804 708 1856 invidia
726 1804 843 1856 dicitur.
880 1805 944 1857 Etsi
973 1815 1003 1859 et
1027 1808 1058 1858 in
1081 1809 1129 1862 his
1153 1827 1189 1862 eav
1211 1809 1343 1894 intelligi

185 1885 288 1947 potest,
318 1894 411 1946 quarn.
421 1875 552 1927 nominat
580 1874 889 1933 Cicerotnvidentiam.
928 1875 983 1928 Sed
1008 1877 1068 1948 ipse
1087 1879 1283 1953 ambiguitatis
1299 1899 1344 1932 vi·

103 1971 105 1977 r
185 1948 287 2000 tandae
305 1947 400 2020 gratia
417 1945 599 2001 inuidentium
617 1946 697 2009 fecit,
725 1953 763 1996 ut
776 1946 1012 2019 intelligentiam,
1040 1950 1218 2020 sapientiam,
1245 1952 1346 2020 provi·

185 2018 344 2071 dentiam.“
363 2018 553 2070 Camerarius.
583 2016 648 2080 „Ad
664 2014 851 2069 matetattue
868 2016 1004 2092 intellige
1017 2018 1156 2075 dixteeef‘
1176 2021 1243 2072 Era.
1262 2021 1305 2085 „i.
1317 2039 1341 2074 e.

186 2105 221 2141 ex
240 2089 330 2140 latina
355 2087 560 2140 consuetudine
587 2087 662 2138 inale
688 2087 800 2138 dictum
823 2087 948 2139 videtur.
980 2089 1062 2142 Cous.
1082 2092 1175 2144 Tacit.
1194 2091 1298 2143 Annal.
1319 2095 1340 2145 1.

186 2159 253 2214 W
280 2159 424 2222 FAWolt.
463 2156 610 2209 Scribitur
633 2155 754 2209 venitur
776 2157 808 2207 in
833 2157 926 2209 tribus
953 2159 1021 2211 Oxx.
1050 2162 1122 2213 Edd.
1148 2163 1177 2213 P.
1203 2163 1234 2217 C.
1259 2164 1341 2216 dunt.

186 2229 250 2282 Asc.
270 2232 296 2283 2.
317 2229 378 2292 (sed
393 2228 465 2279 haec
484 2228 521 2277 in
533 2245 624 2301 marg.
644 2235 678 2278 ut
696 2228 767 2291 nos).
805 2229 859 2279 Pro
877 2226 975 2280 Attius
993 2238 1035 2282 cst
1052 2231 1167 2285 Accius
1183 2232 1214 2283 in
1232 2241 1349 2302 septem.

187 2301 257 2353 Oxx.
278 2299 365 2350 Mart.
396 2298 470 2350 Gud.
492 2303 515 2352 l.
545 2297 590 2349 Au
613 2336 618 2349 .
645 2297 716 2349 Edd.
741 2298 775 2348 Ε.
796 2297 826 2349 C.
846 2299 879 2348 V.
904 2299 990 2350 Iseods
1010 2301 1078 2353 Rob.
1105 2302 1203 2373 steph.
1230 2304 1295 2355 Asc.
1315 2305 1341 2358 2.

188 2371 279 2424 Gabh.
299 2369 385 2422 Verb.
403 2368 472 2420 Dav.
490 2369 561 2422 Ern.
578 2316 879 2431 oliv.1.all.;‚Actiue
899 2368 931 2419 iu
950 2368 1083 2439 reliquis,
1103 2374 1231 2443 exceptis
1244 2375 1342 2426 hamb.

186 2441 268 2492 Brut.
297 2439 377 2563 Ἣ).
404 2437 550 2495 FAWolf.
578 2456 657 2510 seqq.
683 2438 715 2489 iu
738 2437 841 2506 quibus
868 2446 911 2490 est
932 2439 1046 2493 Attius.-
1075 2461 1148 2496 unus
1173 2445 1223 2496 01.
1257 2445 1350 2503 habet:

188 2511 289 2564 atine.
362 2526 387 2561 r.
661 2512 664 2527 .
1180 2550 1182 2555 ,
1268 2555 1271 2559 .

200 2530 223 2619 -P
257 2580 301 2634 ric
317 2580 446 2634 invidere
463 2579 570 2645 florem]
597 2579 642 2632 Ad
658 2597 686 2631 v.
707 2578 835 2633 iutaidere
853 2580 899 2632 Or.
920 2581 1017 2633 laudat
1034 2583 1178 2654 Gorayum
1196 2586 1231 2638 ad
1249 2587 1345 2641 Theo-

188 2651 253 2722 phr.
272 2669 301 2722 p.
321 2654 383 2716 260,
404 2652 454 2720 qui
474 2653 527 2702 ita:
556 2652 599 2703 En
618 2649 705 2702 Grdce
723 2651 751 2701 la
766 2649 862 2716 partie
882 2652 920 2703 du
935 2655 1036 2720 peuple
1054 2654 1083 2706 la
1101 2657 1192 2708 moine
1209 2656 1346 2714 inetruito

188 2723 262 2776 croit
281 2738 378 2775 encore
397 2719 576 2787 auJ'o'ard’boi
599 2737 648 2786 que
673 2721 698 2773 le
724 2721 833 2787 regant
850 2721 911 2774 d'an
939 2727 1054 2777 enciens
1070 2732 1135 2792 peut
1153 2730 1232 2781 noire
1246 2729 1346 2800 ptysi»

189 2800 313 2862 quement
330 2809 385 2860 par
403 2792 529 2844 certatus
549 2792 719 2857 efflueret,
748 2793 796 2860 qui
812 2799 924 2856 portent
947 2809 1049 2848 corrone
1067 2796 1117 2848 der
1135 2797 1225 2852 truite
1247 2801 1281 2853 de
1299 2818 1347 2855 ees

188 2880 260 2933 pene
286 2869 314 2916 et
339 2864 385 2930 qai
408 2869 473 2915 oont
499 2863 615 2930 trapper
639 2862 731 2926 l’objet
756 2862 789 2914 de
813 2878 864 2914 eoo
887 2863 975 2916 enve'e.
1013 2867 1065 2919 Eat
1091 2883 1124 2920 ce·
1144 2885 1182 2921 un
1199 2871 1243 2923 bel
1259 2874 1346 2926 arbre

190 2935 270 3000 qu'on
288 2935 411 3000 regardo
430 2934 487 2986 dee.
499 2948 570 3002 year
581 2924 705 2998 joldue?
724 2932 752 2982 ll
768 2949 802 2984 ne
821 2935 937 2985 tardere
954 2951 1008 3002 pas
1026 2935 1086 2989 dee
1104 2938 1256 2994 deeee'cler.
1282 2945 1347 2996 Eet-

190 3021 220 3062 ce
237 3021 275 3057 un
295 3004 423 3058 animal?
455 3003 484 3054 ll
510 3003 568 3057 doit
584 3005 673 3069 perir.
711 3003 808 3055 Eat-ce
825 3020 862 3057 un
880 3002 994 3069 domme,
1019 3011 1096 3062 maie·
1114 3017 1224 3064 eurtout
1242 3029 1279 3064 un
1298 3031 1344 3066 en-

190 3076 271 3141 tant?
290 3075 319 3126 ll
336 3087 522 3129 commansere
540 3089 597 3140 por
615 3073 730 3145 languir
748 3081 776 3125 et
798 3075 884 3140 finire
899 3091 956 3143 par
974 3076 1033 3130 δίη
1053 3078 1081 3132 la
1099 3083 1208 3134 victime
1226 3083 1259 3135 de
1276 3084 1345 3137 l'en-

190 3150 242 3201 oie.
263 3173 296 3183 —-
333 3145 400 3198 Cod.
420 3146 460 3197 Re
483 3181 489 3194 .
515 3144 583 3206 flore
607 3160 659 3212 pro
683 3144 788 3208 florem,
816 3155 846 3197 et
873 3146 914 3198 sie
933 3147 1005 3200 Gud.
1027 3149 1114 3201 etiam
1134 3156 1157 3205 l.
1195 3156 1260 3206 Post
1278 3155 1345 3218 fiori

190 3218 261 3275 Edd.
282 3216 413 3286 (excepta
431 3162 481 3279 Pi
502 3223 568 3266 ante
587 3214 670 3266 Grut.
691 3215 827 3268 addebant
846 3217 962 3282 dicitur,
990 3236 1081 3286 quam·
1100 3222 1221 3295 glossam
1238 3225 1346 3281 habent

192 3289 278 3356 etiam
297 3287 407 3356 aliquot
426 3285 496 3337 Oxx.
517 3293 547 3337 et
563 3285 647 3349 Vind.
669 3289 692 3338 1.
730 3289 783 3338 Pro
802 3287 846 3340 t'ua
864 3304 943 3340 tuum
961 3306 1034 3342 unus
1058 3292 1107 3344 Ox.
1127 3294 1244 3362 iustum,
1264 3298 1345 3353 facili

191 3360 280 3429 lapsu.
307 3358 337 3414 C.
363 3356 400 3438 Ι),Ι
420 3355 527 3407 Beckio
544 3356 590 3418 'in
614 3355 721 3437 Domni.
748 3358 770 3411 l.
799 3357 832 3420 de
860 3358 1044 3442 §lossematis
1071 3381 1098 3431 p.
1128 3367 1170 3420 13.
1202 3369 1289 3420 verba
1312 3374 1344 3423 ut

192 3424 1169 3568 &mtudtttlttt&tetsttehstltttttudt...
1189 3507 1282 3560 m...
1300 3512 1347 3562 ..-

193 3569 290 3633 disset,
314 3568 441 3641 glossam·
461 3582 519 3618 esse
539 3566 733 3628 existimavit.
770 3569 852 3622 Unus
870 3569 920 3621 Ox.
939 3571 1026 3631 habet
1045 3573 1124 3627 dicit.
1161 3575 1205 3634 A‘d
1227 3587 1345 3632 senten-

194 3641 266 3693 tiam
290 3645 389 3691 mouet
406 3635 502 3691 Wolf.
530 3635 562 3687 iu
581 3635 697 3702 scholis,
725 3654 782 3689 non
807 3639 939 3692 audacius
962 3641 1067 3696 dixisse
1085 3644 1215 3713 Attium,.
1236 3650 1292 3702 aad·
1309 3669 1346 3706 ex

194 3726 274 3761 more
293 3707 383 3761 seculi
402 3705 453 3758 sui.
492 3708 550 3759 Mr.

266 3795 290 3832 c.
313 3782 353 3832 10.
384 3777 422 3828 Et
439 3775 570 3829 misereri
589 3784 614 3830 et
634 3777 929 3845 invidererllnverso
949 3784 1048 3838 ordine
1068 3794 1153 3840 estet
1171 3788 1300 3846 inuidere
1318 3801 1345 3847 et

195 3848 330 3902 misereri
356 3848 387 3898 in
414 3847 500 3899 Codd.
524 3848 606 3900 Viud.
629 3852 652 3901 l.
678 3849 767 3901 Rehd.
794 3850 865 3902 Edd.
890 3854 919 3912 P.
940 3852 973 3904 A.
992 3855 1023 3906 Β.
1054 3857 1084 3910 G.
1103 3860 1137 3914 V,
1162 3861 1243 3913 Junt.
1273 3865 1344 3917 ven,

195 3926 283 3972 nostr.
309 3917 371 3970 Asc.
393 3922 417 3971 l.
438 3921 463 3972 2.
501 3919 559 3971 Mr.
583 3989 589 4000 .
796 3989 802 4001 .

140 4047 143 4052 ·
199 3988 538 4114 .....tt.³.‘¹.⁰.'t‘..“tt.
546 3989 833 4126 “libellati
852 3991 1161 4135 221..:.¹:..t⁶·.t.a:
1175 4002 1347 4130 iiiiii.

199 4131 305 4184 addita:
335 4169 352 4197 ,‚
360 4131 487 4183 Primum
505 4145 558 4199 pro
577 4129 650 4182 dolet
666 4130 797 4182 Davisius
817 4133 918 4200 dolere,
945 4136 1021 4203 quod
1038 4142 1169 4207 sequenti
1188 4144 1257 4197 solet
1275 4147 1348 4201 bene

199 4202 349 4257 convenit:
377 4218 430 4271 pro
457 4200 526 4262 tolet
554 4200 639 4251 etiam
659 4200 774 4269 quidam
793 4202 871 4268 libri,
890 4213 923 4256 ut
942 4206 1050 4273 Gueli,
1076 4210 1160 4264 dolel:
1197 4215 1272 4284 quod
1290 4234 1347 4270 non

198 4275 302 4345 placet.
328 4291 394 4326 nam
420 4281 454 4325 et¹
475 4270 561 4341 paulo
584 4277 648 4338 post
675 4280 718 4322 est
742 4272 838 4325 eadem
864 4276 964 4327 forma.
1002 4278 1064 4331 Sed*
1083 4281 1206 4336 alterum
1226 4286 1348 4340 alicuius

105 4403 110 4416 .
199 4346 290 4398 abesse
309 4343 447 4397 malimf‘
476 4341 611 4394 Defendit
633 4340 708 4394 lianc
731 4342 962 4399 vocem'Nissen.
984 4349 1095 4404 dicens:
1125 4372 1249 4425 „nempe
1277 4359 1347 4422 eius,

200 4417 251 4486 qui
268 4415 531 4477 huic-adversetur,
563 4411 643 4464 cuius
670 4411 795 4468 adversis
822 4416 904 4469 rebus
930 4416 1055 4472 doleat.“
1090 4425 1154 4479 Post
1173 4426 1298 4484 advertit
1317 4429 1348 4480 in
