2842 5070
197 298 261 369 328
307 367 313 376 ,s
405 297 636 364 CICERONIS
656 293 905 364 TUSCULAN.
925 296 1172 407 nuperae

198 468 374 550 pipiantem
395 465 496 528 etiam
517 463 623 543 cadat,
654 484 758 547 quam
782 466 959 526 curatione
986 454 1196 527 medicorum
1217 473 1361 530 contur-

197 654 249 708 hic
266 653 424 707 lectionem
442 662 472 707 et
489 656 572 721 valde
590 672 607 707 a
623 653 743 727 vulgata
761 662 791 706 et
808 654 841 706 ab
860 654 979 723 antiqua
1004 648 1213 725 discrepantem
1241 659 1361 733 excogi-

149 738 154 747 ‘
196 733 249 792 tat,
269 743 341 795 quae
365 725 432 777 talis
457 733 515 778 est:
542 726 595 778 Eat
613 753 644 765 -
665 723 755 778 animi
780 726 982 790 insanitas,
1008 725 1132 793 quaein
1156 730 1360 794 eapientem

197 806 253 851 etc.
273 804 306 848 ut
324 795 445 870 vulgo.“
463 790 622 862 lambiunt,
641 797 673 848 in
691 797 769 852 curis
786 797 926 849 sectandis.
957 796 1019 860 „ln
1037 813 1102 850 meo
1121 798 1189 851 cod.
1209 800 1274 853 loce
1289 817 1360 868 per-

196 866 360 923 turbatione
387 885 472 938 supra
494 869 636 938 scriptum
651 875 722 920 erat
743 867 980 935 gubernatione.“
1006 865 1108 920 Sebott.
1141 868 1173 920 in
1198 871 1271 922 Nod.
1294 873 1356 926 Cic.

143 974 145 979 ·
195 959 225 1012 p.
245 942 307 1021 328.
345 938 435 1004 „Cum
454 939 600 992 curatione
618 944 645 992 et
660 939 869 1007 perturbatione
886 939 1059 992 medicorum
1082 940 1256 994 conturbatio
1284 958 1359 997 rnen·

196 1013 238 1066 tia
260 1010 396 1074 aufertur.
427 1012 471 1063 Ita
495 1009 609 1080 Gryph.
643 1010 773 1062 Fortasse
797 1009 837 1060 ita
863 1009 1034 1085 legendum:
1072 1026 1132 1063 cum
1155 1014 1300 1066 curatione
1328 1021 1358 1068 et

194 1079 486 1150 pertractatione
508 1083 681 1136 medicorum
704 1080 825 1132 centurb.
848 1097 884 1132 m.
911 1096 937 1133 a.
976 1079 1231 1135 conturbationem
1257 1094 1357 1138 autem

197 1153 257 1207 iam
275 1152 426 1205 definierat
445 1153 553 1206 Metam
572 1154 754 1217 excutientem
772 1151 929 1218 'cogitatas‘
951 1152 1067 1204 Brutus.
1090 1154 1183 1217 „Adn
1202 1154 1356 1210 Turnebus

194 1223 274 1277 hunc
292 1224 389 1276 locum
408 1223 442 1275 de
460 1223 563 1276 mendo
582 1231 743 1293 suspectum
761 1220 848 1274 habet
866 1231 952 1292 atque
971 1225 1012 1274 sic
1029 1225 1238 1277 restituendum
1255 1237 1353 1295 putat:

131 1284 141 1298 ⁸
193 1296 248 1349 Eat
272 1300 363 1347 autem
383 1302 437 1346 etc.
472 1293 637 1359 Confirmat,
663 1293 739 1362 quod
765 1293 895 1346 Laenius
920 1295 952 1346 in
977 1295 1172 1365 descriptione
1190 1295 1284 1349 Stoici
1310 1317 1355 1350 sa-

194 1366 312 1439 pientis,
339 1383 428 1435 quum
447 1365 575 1431 dixisset,
603 1381 668 1417 eum
690 1379 748 1415 non
772 1365 974 1429 insaniturum,
1004 1365 1099 1418 addit:
1137 1372 1355 1437 apocrisariatus

193 1436 291 1508 μέντοι
309 1434 375 1488 nori
393 1438 469 1500 αὐτῷ
487 1437 641 1504 φαντασίας
663 1434 825 1495 ἀλλοκότους
851 1435 898 1487 ded
919 1439 1107 1520 μελαγχολίαν
1130 1434 1290 1509 ἢλήρησιν,
1317 1441 1352 1494 oti

193 1510 264 1564 narei
288 1503 337 1560 τὸν
356 1508 412 1558 τῶν
429 1507 547 1576 αἱρετῶν
573 1506 668 1576 λόγον,
696 1507 765 1558 atta
791 1502 865 1575 παρὰ
886 1523 982 1579 φασιν.
1021 1509 1120 1577 Itaque
1139 1511 1277 1563 Lambino
1300 1528 1354 1579 no·
1417 1565 1419 1568 ,

193 1589 254 1634 stro
271 1579 343 1630 haec
362 1579 528 1631 coniectura
544 1578 628 1631 valde
644 1577 801 1646 probabilis
819 1587 905 1648 atque
924 1579 991 1631 adeo
1003 1577 1087 1648 plane
1103 1589 1184 1634 certa
1201 1581 1352 1649 videtur.“

192 1653 242 1706 Fr.
261 1650 373 1704 Fabric.
710 1671 720 1697 κ
1020 1660 1022 1665 ·

263 1722 315 1774 Est
334 1727 424 1773 autem
443 1720 578 1790 quaedam
595 1718 821 1786 camiscanae,
847 1735 915 1789 quae
933 1718 964 1773 in
981 1736 1021 1772 sa
1026 1720 1066 1788 pi
1072 1728 1183 1775 entem
1201 1722 1288 1776 etiam
1306 1741 1352 1777 ca-

193 1793 256 1859 dat,
281 1808 344 1844 cum
365 1792 553 1845 curatione.
573 1793 789 1845 medicorum
816 1792 1049 1844 conturbatio
1078 1797 1178 1848 mentia
1204 1796 1349 1862 aufertur]

192 1864 339 1930 „Secutus
367 1879 431 1914 sum
457 1863 619 1914 Victorium
645 1871 674 1915 et
698 1863 874 1928 Turnebum,
904 1864 991 1915 Palat.
1020 1863 1115 1932 quint.
1143 1882 1210 1917 cum
1238 1867 1352 1936 reliqui
1377 1918 1388 1926 ,

192 1936 256 1988 fere
274 1950 372 1986 omnes
390 1933 467 1986 MSS.
487 1942 597 1986 restent
616 1932 663 1999 [an
680 1935 775 1986 voluit
791 1935 958 2000 praestent?
988 1935 1073 1987 Verb.
1098 1937 1200 1988 excudi
1218 1939 1349 1990 curavit:

192 2023 260 2058 cum
284 2005 315 2056 in
339 2004 464 2072 reliquis
487 2008 550 2058 fere
576 2004 707 2057 omnibus
734 2004 835 2069 restet]
863 2006 921 2058 tale
949 2006 1033 2074 quid:
1062 2022 1122 2058 cum
1146 2007 1290 2060 curatione
1316 2015 1351 2060 et

189 2075 468 2147 perturbatione
485 2075 658 2129 medicorum
675 2076 851 2128 conturbatio
869 2095 905 2128 να.
925 2091 952 2128 a.
980 2076 1056 2128 unde
1081 2078 1175 2130 lumb.
1200 2077 1347 2130 curatione

191 2149 363 2202 medicorum
380 2154 406 2199 et
421 2151 597 2215 purgatione.
635 2148 671 2199 ln
688 2148 780 2200 Vatic.
801 2165 886 2216 super
903 2163 973 2199 voce
998 2147 1207 2214 perturbatione
1234 2149 1345 2218 reposi-

192 2227 257 2271 tum
289 2226 333 2271 est
357 2218 566 2285 gubernatione,
595 2219 629 2271 de
655 2233 711 2286 quo
739 2218 936 2286 ampliandum
966 2234 1073 2271 censeo.
1115 2219 1148 2271 In
1173 2218 1347 2270 Fabriciano

192 2290 260 2345 God.
281 2306 342 2342 eam
360 2292 505 2342 curatione
524 2295 551 2341 et
567 2292 840 2356 procuratione,
861 2290 917 2354 cui,
946 2289 970 2340 si
988 2299 1084 2342 tamen
1101 2289 1171 2357 quid
1188 2297 1238 2351 est,
1257 2290 1349 2363 longe

192 2362 325 2430 praefero
343 2359 544 2410 Vaticanum.“
572 2357 743 2412 Gebbardus.
782 2360 901 2425 „Quum
925 2361 997 2411 citet
1024 2362 1054 2413 in
1077 2359 1292 2426 eapientem,
1319 2369 1349 2414 et

192 2432 225 2482 in
247 2431 302 2482 hac
328 2447 442 2498 quoque
469 2438 550 2500 parte
575 2439 705 2482 secutum
730 2448 758 2482 se
785 2440 910 2484 testetur
936 2431 1014 2482 viros'
1033 2430 1099 2482 illos
1123 2429 1301 2483 doctissimos
1320 2440 1349 2484 et

183 2499 306 2554 'usstos
329 2501 428 2566 libros,
452 2500 484 2551 in
507 2502 608 2570 quibus
635 2509 676 2553 est
695 2510 723 2554 et
741 2502 916 2566 Vaticanus3.
934 2510 1033 2553 tamen
1057 2501 1141 2554 edere
1166 2503 1298 2570 perrexit
1317 2501 1348 2555 ia

191 2571 381 2640 insipientem,
400 2572 622 2640 sequutis‘hanc
640 2573 800 2642 primarum
824 2573 951 2641 partium
971 2573 1039 2636 illis,
1066 2590 1138 2640 quae
1166 2582 1289 2646 egerunt
1308 2591 1349 2627 see

192 2644 297 2696 cundas'
321 2644 355 2696 ad
381 2643 461 2693 hunc
484 2642 570 2698 diem.
606 2643 719 2695 Viderit
743 2642 926 2696 Gebhardus:
958 2661 1010 2717 ego
1034 2644 1190 2695 notandum
1215 2642 1348 2713 putavi.“

192 2708 310 2769 Gronov.
349 2715 443 2767 Error
462 2721 503 2765 est
522 2713 553 2765 in
574 2713 789 2768 Gebhardianae
815 2715 1007 2766 annotationis
1024 2715 1173 2778 lernmate3
1199 2732 1266 2766 nam
1288 2715 1347 2768 sine

151 2788 155 2793 ’
191 2785 277 2839 dubio
304 2802 363 2838 nen
386 2785 497 2844 habent,
518 2784 550 2838 in
572 2787 768 2852 eapientem
793 2785 825 2850 ii,
858 2802 926 2854 quos
946 2785 1006 2837 eius
1033 2785 1199 2854 scriptionis
1217 2794 1347 2840 auctores

191 2855 292 2909 affert:
323 2865 351 2909 et
374 2857 434 2926 ipse
462 2855 540 2907 dedit
558 2855 590 2909 in
607 2856 793 2924 incipientem,
822 2855 996 2925 quamquam
1014 2857 1096 2916 iliam
1119 2855 1226 2908 habent
1244 2857 1346 2910 lectio·

190 2944 259 2980 nem
279 2927 319 2991 (in
337 2926 498 2994 eapientem)
518 2927 573 2979 dno
592 2927 661 2979 Oxx.
681 2928 819 2996 pessimae
837 2937 920 2978 notae
945 2925 1028 2990 (unus
1050 2927 1138 2980 etiam
1160 2926 1345 2995 insapienti)

190 2995 267 3059 [iud.
298 2998 340 3060 (in
367 3012 423 3066 quo
442 2997 580 3049 scribitur
607 2998 694 3049 etiam
720 2998 751 3048 in
770 2999 915 3050 antecedd.
936 2998 1025 3051 animi
1049 2998 1184 3068 quaedam
1210 2999 1345 3062 sanitas).
1394 2997 1396 3002 ’

190 3068 258 3123 (ted.
278 3071 385 3124 Mon.l
413 3068 499 3119 habet
518 3084 587 3138 quae
606 3067 761 3137 insipiente,
780 3069 830 3120 ubi
849 3069 977 3145 agnoscis
998 3086 1130 3122 errorum
1148 3070 1272 3122 istorum
1291 3071 1348 3123 ori·

190 3140 301 3215 ginem,
321 3141 372 3210 qui
392 3139 449 3192 orti
468 3140 609 3192 nimirum
627 3148 694 3191 sunt
717 3158 753 3192 ex
775 3149 855 3192 recta
874 3140 1032 3209 scriptione
1058 3141 1226 3198 lesrnirfi.
1261 3141 1348 3193 Davi-

189 3212 303 3265 sius‘in
326 3210 379 3264 Ed.
401 3215 425 3265 1.
451 3228 542 3280 quum
564 3211 701 3276 nondum,
728 3219 762 3262 ut
782 3210 912 3276 videtur,
937 3220 1031 3263 nosset
1050 3210 1181 3264 Lambini
1205 3229 1288 3264 curas
1306 3229 1349 3266 se-

189 3284 304 3347 cundas,
332 3282 490 3353 mirabatur
507 3283 637 3335 Turnebi
662 3282 888 3334 emendationem
913 3282 1050 3334 Lambino
1077 3283 1164 3335 fuisse
1188 3284 1348 3361 probatam,

191 3355 268 3425 qnod
293 3355 402 3405 factum
430 3361 530 3405 contra
554 3355 704 3423 placuerat
730 3353 831 3404 Franc.
858 3353 998 3404 Fabrici0.
1045 3353 1168 3427 Legitur
1192 3354 1267 3407 cadit
1293 3371 1349 3425 pro

109 3467 115 3477 .
190 3425 276 3478 cadat
295 3425 326 3476 in
344 3423 430 3477 Codd.
452 3424 524 3476 Gud.
546 3433 575 3476 et
594 3423 668 3476 Gud.
689 3426 714 3477 i.
743 3423 810 3475 God.
830 3423 927 3474 Duisb.
954 3424 1040 3476 habet
1059 3442 1074 3476 a
1094 3430 1117 3478 1.
1138 3443 1177 3477 m.
1200 3426 1350 3479 curatione

190 3501 220 3549 et
235 3497 441 3563 procuratione,
459 3504 493 3548 ut
512 3493 578 3548 God.
599 3494 699 3560 Fabr.;
724 3494 772 3546 sed
790 3511 875 3563 supra
892 3494 944 3546 lin.
964 3495 1143 3565 adscriptum
1168 3504 1211 3548 est
1231 3505 1351 3566 pertur-

190 3567 309 3620 batione.
348 3567 408 3619 Mr.
571 3610 580 3623 ,
1134 3608 1137 3613 .

260 3638 313 3691 Est
332 3644 422 3691 autem
440 3636 576 3707 quaedam
593 3635 682 3691 animi
699 3637 811 3701 sanitas,
836 3653 907 3705 quae.
926 3638 957 3691 in
981 3636 1167 3706 insipientem
1192 3637 1279 3693 etiam
1302 3657 1352 3693 cu-

189 3709 249 3775 dat]
286 3709 377 3760 Miror
395 3709 481 3761 Hadr.
502 3708 670 3760 Turnebum
687 3706 804 3761 Advers.
824 3708 887 3773 Vll,
907 3712 950 3762 17.
970 3709 1166 3778 rescripsisse,
1187 3717 1242 3764 est·
1256 3719 1353 3765 autern

191 3781 328 3850 quaedam
345 3779 434 3832 animi
452 3779 597 3843 insanitas,
626 3780 743 3848 quaein
762 3777 921 3848 sapientem
939 3780 1024 3832 etiam
1042 3781 1133 3843 cadat.
1172 3782 1247 3834 Nam
1265 3801 1354 3852 prae-

190 3859 325 3921 terquam
344 3851 419 3921 quod
438 3849 471 3904 in
489 3848 642 3917 eapientem
666 3850 767 3902 cadere
791 3865 845 3902 non
867 3851 957 3918 pessit
980 3851 1105 3915 insania,
1133 3860 1166 3905 ut
1189 3870 1225 3904 ex
1248 3864 1352 3909 mente

190 3921 358 3976 Stoicorum
376 3917 475 3974 docuit
493 3927 591 3972 noster
608 3918 659 3970 lib.
679 3921 731 3973 111.
752 3938 812 3992 cap.
831 3922 856 3975 5.
878 3921 961 3973 illam
978 3923 1175 3975 coniecturam
1195 3924 1354 3979 absurdam

189 4009 249 4046 esse
276 3993 381 4046 docent
403 3991 566 4062 sequentia3
594 4005 710 4060 prorsus
729 3993 807 4043 enim
830 4002 972 4066 repugnat
991 4010 1050 4046 eece
1075 3994 1213 4061 quandam
1237 3993 1354 4052 insani·

142 4118 151 4125 ,
189 4068 286 4128 tatem,
312 4061 427 4134 quaein
445 4060 599 4131 eapientem
617 4061 708 4128 cadat,
728 4079 790 4116 cam
815 4069 960 4119 curatione
983 4065 1352 4123 medicorum,conturbatio

189 4136 289 4189 mentia
307 4136 449 4201 aufertur3
472 4133 614 4202 siquidem
632 4128 809 4204 perturbatio
829 4137 933 4187 mentis
951 4145 994 4188 est
1022 4136 1052 4186 in
1071 4154 1175 4203 caussa,
1201 4155 1254 4189 cur
1274 4139 1354 4193 insa-

189 4207 272 4259 niant
299 4204 398 4258 animi.
436 4203 515 4257 Adde
549 4205 625 4274 quod
651 4206 776 4258 virtutes
803 4200 975 4275 ἀθεωρήτους
1000 4206 1152 4275 insipienti
1181 4219 1352 4277 competere

189 4285 289 4333 monet
306 4275 437 4329 [taertius
449 4276 513 4338 Vll,
528 4279 571 4332 91.
592 4277 670 4330 inter
688 4296 757 4347 quas
776 4276 873 4346 ὑγείαν
891 4282 980 4347 ψυχῆς
997 4279 1081 4348 ponit
1098 4277 1351 4356 StobaeusEclog.

190 4348 288 4402 Etbic.
308 4363 381 4430 pag.
394 4347 454 4400 168.
490 4345 527 4400 D.
965 4399 969 4407 ,

262 4436 300 4493 Et
316 4432 529 4505 gubernatione]
566 4436 736 4512 Avulgatis
761 4438 870 4493 absunt.
901 4438 1024 4493 Codices
1042 4442 1104 4494 fere
1130 4440 1208 4505 dant,
1232 4447 1258 4494 et
1279 4455 1352 4510 per·
