2842 5070
509 363 513 368 ,
591 297 722 377 mnnn
743 295 805 374 lv,
826 298 898 382 32.
1242 270 1333 368 nas

281 464 376 535 Quen
398 460 511 525 contra
532 463 753 543 nmori‚-qnem
775 459 894 541 expeti,
920 479 1007 542 quem
1029 461 1194 528 arcessier.

153 546 185 608 Ο
206 547 409 627 praeclaram
431 544 688 612 emendatricem
710 547 810 620 vitae,
834 545 1013 626 politicam!
1029 564 1125 626 quae
1148 565 1305 624 amorem,
1324 568 1369 623 69,
1391 551 1393 555 ’

155 629 277 714 flagitii
298 636 332 690 et
352 629 502 707 lenitatis
530 635 713 706 auctorem,
745 627 782 688 in
810 626 952 688 concilio
982 625 1123 690 deornm
1143 629 1306 712 collocan-

152 814 328 884 praesertim
351 831 417 866 cum
442 821 472 866 et
493 813 571 869 MSS.
596 811 840 884 adstipulentur.“
864 813 932 865 Ern.
975 812 1148 877 „Assentior
1172 816 1306 883 Ernesto,

99 893 101 899 '
151 901 235 944 ,incra
252 884 302 936 hic
319 885 393 947 mala
412 885 582 950 enumerari.
619 887 694 936 Nam
716 883 743 936 si
762 879 862 936 sanari
884 883 946 966 legi
969 883 1076 948 debeat,
1102 885 1205 953 procul
1222 885 1306 941 dubio

152 955 243 1015 ¹verba
260 955 301 1006 sic
318 955 468 1024 transponi
486 956 617 1008 debeant:
639 971 717 1024 quem
735 956 766 1007 in
784 955 886 1006 malum
905 952 996 1019 nniici,
1025 970 1104 1024 quem
1125 955 1234 1008 sanari.
1272 958 1307 1010 In

155 1040 254 1094 capere
278 1025 423 1099 intelligo,
458 1025 483 1076 si
507 1026 577 1079 bene
603 1025 780 1087 successerit,
811 1024 888 1093 qnod
910 1024 1070 1094 speraverit
1090 1024 1168 1091 [?].“
1194 1025 1306 1084 Nissen.

156 1097 232 1148 Haec
250 1095 339 1147 nihili
367 1113 426 1150 esse
450 1113 535 1162 nemo
562 1112 620 1148 non
637 1095 726 1148 videt.
763 1094 850 1146 Edidi
869 1093 977 1158 sanari,
1006 1096 1081 1164 quod
1099 1097 1130 1147 in
1148 1098 1307 1150 vetustissi-

156 1168 210 1217 mis
229 1165 317 1219 Codd.
335 1165 432 1218 locum
456 1167 541 1218 cessit
560 1166 733 1219 correctoris
752 1164 899 1217 cuiusdam
918 1166 1120 1227 emendationi,
1140 1168 1191 1235 qui
1209 1175 1306 1222 neces²
1400 1175 1401 1180 ’

154 1237 262 1296 sarium
289 1236 476 1298 existimaret,
499 1236 606 1308 opponi
620 1236 717 1292 ,verbo
741 1251 840 1304 capere
863 1237 1048 1288 contrarium.
1092 1237 1247 1298 Nobiscum
1259 1241 1307 1291 ,fa-

152 1299 237 1359 'ciunt
254 1306 309 1360 duo
327 1307 415 1360 codd.
434 1306 504 1359 Oxx.
524 1308 652 1362 Ε11.Μ.
672 1308 704 1360 1..
724 1306 787 1360 Ald.
809 1306 871 1358 Car.
901 1306 1002 1376 Steph.
1024 1308 1105 1359 Boul.
1123 1310 1204 1361 Brut.
1225 1309 1304 1380 Sylb.

152 1369 223 1432 Dav.
243 1377 390 1434 FAWolf.
416 1395 494 1447 seqq.
532 1379 567 1430 In
590 1377 662 1443 Eud.
681 1377 712 1428 B.
733 1376 820 1432 S..G.
838 1377 903 1430 Asc.
922 1380 947 1432 2.
967 1379 1047 1430 Junt.
1074 1388 1117 1431 est
1135 1395 1247 1445 sanare,
1275 1380 1307 1435 in

150 1447 226 1506 Edd.
246 1446 280 1499 A.
301 1455 331 1502 et
348 1450 420 1501 Ven.
439 1457 527 1500 nostr.
548 1447 654 1512 ennire,
678 1448 710 1498 in
735 1446 790 1501 reli
812 1447 856 1498 uis
879 1447 1013 1513 insanire,
1040 1449 1106 1502 eod.
1127 1450 1201 1509 Gud.
1220 1450 1308 1511 habet

154 1533 232 1586 quem
249 1517 443 1587 eapientem
462 1535 538 1572 esse
556 1516 662 1583 velit,
700 1517 803 1588 ubilha
823 1534 851 1568 es
870 1518 994 1591 glossam
1019 1519 1162 1593 insignem
1189 1537 1242 1590 pro
1261 1537 1308 1574 en-

152 1589 231 1656 pere)
250 1604 328 1655 quem
346 1589 531 1643 insanire.
560 1590 595 1642 ln
612 1589 670 1641 fine
687 1605 787 1640 versus
804 1589 899 1640 veteri
917 1604 997 1641 more
1016 1589 1158 1659 scriptum
1177 1599 1220 1642 est
1235 1590 1309 1644 inici
1344 1588 1351 1599 “
1411 1623 1416 1632 -

154 1659 187 1711 in
197 1659 286 1712 codd.
307 1659 380 1713 Gud'.
402 1663 425 1712 l.
445 1662 471 1714 2.
492 1655 580 1712 Marb.
601 1668 630 1711 et
647 1660 679 1710 in
696 1658 753 1710 hoc
772 1657 888 1727 quidem
907 1658 968 1711 tici.
1006 1659 1066 1711 Mr·
1252 1678 1254 1681 ·

153 1771 157 1796 ‚
224 1744 303 1797 quem
320 1735 418 1781 contra
438 1730 533 1782 amari
552 1729 600 1796 -]
619 1730 654 1781 In
671 1729 747 1781 hanc
765 1728 937 1780 sententiam
954 1727 995 1780 ait
1013 1730 1142 1804 Porcius:
1163 1730 1210 1796 [V.
1225 1732 1307 1799 1722]

320 1799 459 1855 Quidnam
477 1800 570 1869 ignor
586 1799 715 1864 faciam?
733 1815 782 1853 nec
800 1815 880 1865 nnnc,
900 1814 961 1852 cnm
979 1815 1161 1866 accersor,
1174 1803 1215 1859 'et
1232 1802 1314 1862 ultro.

218 1886 223 1896 ·
270 1904 276 1912 .
319 1869 469 1938 supplicet,
496 1871 642 1924 accedam?
874 1908 878 1912 ψ
936 1901 940 1906 ·

152 1937 234 2006 ¹Quod
251 1957 287 1992 ex
304 1939 358 1993 illb
376 1941 549 1994 Terentiano
568 1940 746 2011 exscriptum
763 1939 893 2002 videtur3
912 1939 1056 2006 [Eunuch.
1076 1941 1098 1993 Ι.
1119 1944 1144 1996 l·
1165 1941 1203 2008 1.]

230 2075 232 2079 ,
288 2021 291 2026 “
320 2011 394 2066 Quid
412 2011 503 2078 igitur
521 2011 647 2077 facium?
676 2027 729 2063 non
747 2026 818 2074 eum,
839 2025 873 2066 ne
892 2027 962 2069 nnnc
980 2010 1099 2080 quidem,

321 2080 392 2134 Cum
411 2098 589 2135 accersor
605 2081 732 2134 nltro“.'“
759 2081 892 2135 Beroald.
1126 2092 1129 2101 ¹

153 2147 325 2275 §Ariilssf
347 2151 434 2205 habet
460 2152 528 2206 God.
557 2151 671 2224 Gryph‘.
698 2160 733 2203 ut
756 2151 854 2203 Lamb.
890 2152 952 2206 Alii
976 2153 1075 2206 excusi
1101 2148 1242 2206 accersiri
1258 2151 1309 2206 ha·

175 2231 232 2275 ent.
318 2229 374 2278 rut,
750 2246 756 2254 “

152 2348 154 2356 Α
225 2308 303 2359 quem
321 2288 466 2359 arcessiri,
486 2310 563 2362 qnem
581 2294 692 2364 expeti]
728 2295 798 2359 „lta
816 2293 909 2346 malui
925 2310 992 2351 cum
1005 2293 1146 2357 >Lambino
1172 2292 1240 2370 [pro
1261 2307 1309 2347 nc-

153 2361 270 2427 cerairt']
291 2379 324 2415 ex
342 2372 399 2418 vet.
420 2363 493 2426 001.
508 2381 540 2416 ac
559 2364 791 2434 quinque-Palat.
812 2371 842 2416 et
859 2364 987 2427 vatican.
1023 2363 1080 2418 sed
1103 2364 1192 2417 iidem
1210 2381 1309 2428 omnes
1352 2420 1354 2422 ,

152 2448 284 2503 quoque:
304 2450 383 2502 quern
400 2433 492 2501 expeti
509 2451 587 2502 quem·
604 2434 769 2488 nr·cessiri.“
806 2432 887 2488 Geth.

226 2503 312 2564 Quem
335 2504 482 2570 arcessiri,
515 2522 591 2572 quem
613 2504 720 2575 expeti]
758 2505 807 2559 Sic
829 2505 932 2578 vulgo..
965 2505 1038 2559 Cum
1063 2521 1133 2558 vero
1156 2506 1236 2559 Mssti
1261 2521 1309 2560 re·

154 2581 350 2644 praesentent,
369 2591 446 2644 quem
464 2578 565 2642 expeti,
585 2593 664 2644 onem
681 2574 829 2640 arcessiri,
849 2571 965 2642 omnino
984 2576 1138 2650 legendum

321 2643 405 2700 Quem
424 2653 520 2698 contra
539 2648 642 2712 amari,
662 2664 741 2715 quem
758 2644 861 2714 expeti,
881 2651 959 2714 'quem
977 2647 1134 2710 arcessier,

154 2722 243 2784 prout
261 2713 401 2768 edendum
420 2717 600 2781 curavimus,
620 2726 649 2779 ‘et
667 2719 708 2769 ita
726 2719 789 2770 fere
803 2717 879 2768 olim
897 2718 976 2771 dedit
993 2718 1138 2770 Erasmus·
1162 2717 1235 2771 Vide
1253 2716 1310 2770 Te·

152 2784 284 2838 rentium
302 2785 435 2839 Eunuch.
457 2785 593 2839 Ace-111.
613 2786 658 2839 Sc.
678 2787 734 2852 111,
758 2790 786 2842 4.
823 2787 859 2840 D.

155 2912 156 2917 ,
226 2871 305 2924 quem
322 2854 467 2920 arcessiri,
511 2871 571 2914 nem
592 2857 700 2924 expeti]
737 2857 857 2922 „Placet
881 2857 1007 2912 Bentleii
1033 2867 1062 2911 et
1090 2857 1200 2910 Davisii
1224 2857 1309 2924 ratio.

152 2923 222 2977 (iod.
242 2927 312 2999 Reg.
337 2874 515 2978 duo‘Leidl.
541 2925 584 2981 ed.
610 2943 672 2979 mea
693 2936 752 2979 vet.
776 2935 806 2980 et
823 2928 922 2996 plures
946 2929 1019 2982 aliae
1041 2928 1149 2982 habent
1166 2944 1243 2995 quem
1262 2943 1310 2996 nn·
1416 2936 1419 2943 '

122 3044 128 3051 .
152 2995 221 3062 peti,
239 3011 317 3064 quem
335 2992 506 3056 arcessiri.“
524 2993 612 3048 Bonis.
651 2997 769 3050 Ernesti
787 2999 959 3051 sententiam
976 2999 1035 3051 vid.
1053 2998 1150 3070 paullo
1169 3000 1309 3069 superius,
1383 3048 1384 3052 ,

153 3065 202 3123 cui
225 3065 336 3118 accedit
359 3067 471 3118 Nissen.
497 3064 618 3134 probans
645 3068 717 3120 item
738 3068 865 3120 Bentleii
896 3068 1055 3133 rationem,
1083 3069 1212 3137 itemque
1234 3069 1309 3124 Lall.
1334 3072 1337 3077 '

154 3134 239 3196 Schz.
251 3135 297 3187 Or.
308 3135 400 3187 Nobb.
421 3135 469 3188 cui
488 3143 517 3186 et
534 3151 584 3187 nos
602 3137 792 3190 accedendum
809 3137 953 3200 duximus,
973 3156 1040 3191 oum
1058 3138 1096 3189 sit
1115 3140 1156 3191 ita
1167 3138 1311 3207 scriptum

154 3206 188 3256 in
205 3205 384 3258 vetutissimo
404 3205 470 3259 (lod.
489 3205 574 3257 Bern.
596 3214 624 3258 et
643 3206 700 3260 MS.
720 3208 750 3259 in
769 3225 860 3280 inarg.
881 3209 945 3261 Asc.
954 3211 981 3262 2.
1001 3205 1161 3272 (accersier)
1180 3210 1310 3277 itemque

151 3275 188 3326 in
205 3275 259 3328 Ed.
278 3277 324 3331 E.
346 3276 381 3327 ln
399 3275 482 3328 Codd.
508 3275 581 3329 Gud.
600 3281 625 3331 la
645 3277 729 3328 vind.
748 3279 774 3332 2.
794 3277 880 3330 Marb.
900 3278 952 3334 Ed.
972 3280 1042 3331 Ven.
1063 3278 1121 3331 ΑΜ.
1150 3287 1205 3331 est:
1231 3294 1311 3347 quem

154 3344 259 3414 expeti,
290 3345 367 3415 quem
392 3344 539 3407 arcessiri,
568 3345 599 3397 in
625 3346 711 3400 codd.
741 3346 815 3400 Gud.
842 3347 969 3421 2.,Αιις.
994 3348 1083 3402 Rehd.
1111 3348 1209 3400 Dnisb.
1234 3348 1308 3401 Gud.

152 3419 230 3469 Mon.
252 3419 276 3472 l.
297 3419 323 3471 2.
351 3417 435 3469 Vind.
457 3420 482 3472 1.
510 3416 581 3469 ndo.
605 3419 634 3473 P.
659 3418 693 3469 Α.
719 3418 751 3469 B.
776 3417 804 3471 S.
833 3419 904 3473 Ven.
930 3427 1021 3471 nostr.
1048 3417 1109 3470 Asc.
1131 3422 1156 3478 1.
1175 3421 1201 3473 2
1226 3419 1325 3482 June.

177 3503 237 3539 nem
261 3489 364 3554 expeti,
390 3503 468 3554 quern
491 3486 643 3550 necmias}
667 3488 699 3540 in
716 3487 789 3541 Edd.
816 3487 846 3540 G.
867 3490 900 3538 V.
920 3490 956 3540 Μ.
978 3490 1009 3540 L.
1039 3489 1101 3542 Car.
1121 3486 1221 3558 steph.
1240 3490 1311 3543 Rob.

155 3504 254 3626 lteph.
275 3558 372 3610 Herw.
399 3558 483 3610 Leod.
509 3558 591 3609 Brut.
610 3557 675 3610 Ald.
699 3558 781 3614 Boul.
799 3545 883 3627 sylb.
900 3558 990 3612 Geth.
1018 3568 1048 3612 et
1065 3558 1218 3612 novissime
1235 3558 1310 3613 Thu.

156 3643 235 3696 quem
252 3626 390 3682 arcessiri
418 3628 583 3698 [pleraeque
607 3637 678 3682 vett.
704 3627 852 3693 accersiri]
880 3644 960 3697 quem
982 3628 1085 3698 expeti.
1122 3629 1225 3682 Nescio
1253 3645 1311 3698 qno

150 3712 256 3749 ‚errore
274 3697 346 3748 Brn.
365 3696 427 3766 Bip.
447 3697 562 3759 Mennis.
584 3699 735 3756 ediderunt
753 3715 832 3768 quem
849 3698 998 3768 arnesriet,
1018 3699 1112 3767 expeti
1129 3715 1216 3768 quem.
1244 3702 1313 3754 Per-
1358 3737 1362 3743 «

153 3767 1313 3895 11121.οῑιᾶΜΜΜΜΜ·.1ἰ2.;““ἐ2ἐ·ῐ.”.ξὶα”.ἱῖἳ.22231.

153 3923 239 3968 causa
256 3897 288 3958 in
306 3854 445 3976 plomptli
464 3856 514 3962 cel.
551 3907 596 3962 Ao
618 3928 646 3976 v.
670 3902 739 3978 qnae
756 3855 897 3964 ‘Amoreln
919 3911 951 3961 in
969 3858 1061 3984 marg.
1087 3909 1231 3979 Ed.,Ven·.
1250 3909 1311 3964 Alc.

158 3985 218 4030 cst:
239 3976 346 4030 Seneca
364 3977 396 4028 in
414 3978 587 4049 Hippolyto:
608 3979 696 4032 Denm
716 3997 774 4035 esse
792 3996 913 4034 amorem
932 3981 1008 4047 turpi
1025 3979 1142 4034 seruitio
1161 3983 1260 4046 fatena
1281 4028 1290 4042 ,
1366 4015 1374 4035 .

605 4048 706 4103 Finxit
725 4052 830 4105 ticino!
848 4067 949 4120 qnoque
968 4050 1089 4103 liberior
1104 4051 1190 4116 foret,

150 4162 154 4168 .
408 4117 410 4121 ’
609 4119 735 4173 Titnlnm
752 4120 848 4184 furori
865 4119 988 4182 numinis
1004 4119 1075 4185 falsi
1092 4119 1182 4173 dedit.
1211 4160 1216 4167 .

151 4188 271 4241 Habent
291 4202 386 4239 amore
404 4185 492 4239 0011.
513 4185 586 4240 Gud.
608 4193 632 4243 1.
653 4192 679 4244 2.
716 4191 777 4243 Mn.
1108 4208 1110 4212 ³
1302 4227 1304 4230 ψ

227 4256 336 4325 fiagitii
358 4263 392 4310 et
407 4255 530 4310 lenitatis
553 4258 709 4329 auctorem]
747 4259 893 4321 omittunt
916 4267 940 4312 et
965 4259 1040 4312 Edd.
1062 4260 1094 4314 Α.
1114 4261 1145 4315 Β.
1171 4258 1199 4315 S.
1223 4260 1257 4311 Ε.
1284 4268 1313 4312 et

151 4328 227 4392 ⁴„Ven
248 4337 337 4381 nostr.
358 4326 426 4390 (101.
447 4329 521 4380 Mon.
542 4331 566 4383 l.
586 4328 672 4384 habet
689 4336 822 4383 actorem.
859 4330 940 4382 idem
963 4348 1029 4383 oum
1046 4331 1131 4383 vind.
1152 4332 1176 4384 1.
1201 4331 1233 4383 in
1251 4344 1315 4382 con·
1412 4378 1414 4381 .

151 4394 248 4465 silio,
266 4391 370 4456 nuno.
390 4398 421 4452 in
439 4395 612 4452 concilium.
636 4399 726 4470 Rehd.
748 4405 824 4468 putet
847 4399 1147 4466 cellorandnmJMon.
1167 4398 1192 4452 1.
1214 4401 1312 4470 putat.
