2842 5070
204 311 265 376 mo
397 307 624 374 mormius
645 281 893 374 roscensis.
914 303 1146 372 msrorsr.

325 465 417 534 Fdno
436 471 559 550 flammo
579 464 778 568 deflagrata,
801 436 880 565 tristi
899 467 962 531 alti
987 475 1076 531 stom
1095 451 1246 548 pisiaco,

160 628 165 635 ,
324 550 526 633 De'formoti,
546 560 643 639 atque
662 551 767 615 abiete
788 569 895 630 cnspo
914 585 956 598 -

134 651 136 656 ·
204 632 314 713 Scitis,
327 651 423 777 (quae
441 641 637 715 sequantur:
660 640 695 695 et
714 629 800 694 illud
821 633 857 693 in
901 631 1017 694 rimis!

373 711 478 794 priter,
499 735 519 776 o
537 711 660 794 pu'tr‘ia,
681 733 701 775 o
720 711 843 777 Priami
885 711 987 774 omas!
1084 721 1092 733 ⁸

326 794 479 876 Saeptum
500 794 639 859 ‹iltisono
662 794 792 857 cardine
813 791 970 874 templdm!

330 877 408 943 Vidi
429 877 491 959 e'go
513 889 555 956 te,
577 872 727 940 adstdnte
746 896 805 956 ope
826 870 1008 952 borboricu',

204 1028 246 1080 tio
265 1015 452 1080 collationum
468 1025 574 1079 horum
592 1027 677 1080 codd.
696 1025 775 1079 nibil
792 1025 866 1078 certi
884 1025 1023 1099 colligere
1040 1023 1121 1075 licet.
1158 1021 1263 1096 Regius
1290 1023 1352 1094 sine

204 1095 290 1159 dubio
308 1113 375 1150 cum
393 1106 490 1150 nostro
509 1097 582 1151 Gud.
603 1100 628 1152 1.
646 1095 733 1150 babet
751 1093 813 1149 ulii.
834 1095 909 1149 Gud.
928 1097 953 1150 2.
973 1091 1084 1162 omittit
1100 1097 1196 1147 stores
1215 1092 1276 1146 eius
1287 1092 1350 1147 loco

133 1185 137 1193 ¹
205 1184 278 1220 unus
296 1167 346 1220 Ox.
364 1166 537 1221 habetisne.
572 1167 632 1220 Mr.

158 1258 161 1266 ·
275 1236 437 1302 Defommts‘
454 1243 537 1306 atque
563 1237 653 1290 abiete
677 1233 784 1303 crispa]
820 1233 909 1300 Quod,
927 1233 1036 1287 incerta
1054 1232 1119 1297 lide,
1142 1231 1208 1285 Urs.
1227 1234 1265 1291 'ex
1282 1232 1349 1286 God.

205 1304 1305 1448 ¹1:323?irssllididffraellffedPlilffd‘zlstiffslll
1324 1306 1368 1428 i·¹

205 1445 267 1508 (sed
282 1461 298 1497 c
315 1454 421 1517 puncto
439 1432 579 1512 notatum)
598 1456 627 1500 et
643 1461 701 1499 uuo
720 1436 781 1510 On,
800 1444 873 1496 alius
891 1460 957 1497 cum
975 1443 1019 1495 Au
1042 1481 1048 1494 .
1069 1440 1188 1496 obiectis
1206 1443 1255 1495 sed
1270 1443 1352 1514 prior

207 1514 288 1567 iuxta
317 1516 458 1586 scriptum
485 1516 573 1569 habet
596 1534 626 1570 e:
658 1515 730 1568 alius
754 1515 804 1567 Ox.
828 1513 944 1567 obiecta.
969 1517 1056 1566 Mar.
1082 1511 1213 1566 adiectae.
1250 1511 1350 1566 Adi.

202 1584 296 1651 abiete
313 1585 407 1654 crispa
423 1587 592 1640 Beroaldus:
613 1585 741 1652 „Intelli
763 1585 786 1635 ‘t
803 1584 949 1637 lacunaria
966 1602 988 1635 s.
1007 1581 1162 1663 laquearia,
1181 1580 1353 1658 exabieg'nis

207 1655 334 1720 trabibus
351 1663 440 1721 texta,
459 1656 546 1709 inisse
564 1656 720 1709 deformata
758 1655 858 1706 smmis
876 1661 906 1708 et
924 1662 1029 1706 exusta.
1057 1655 1188 1704 Materies
1208 1651 1297 1718 enim,
1319 1662 1352 1705 ut

207 1725 250 1776 ait
267 1726 377 1777 Plinius
395 1726 427 1776 in
434 1725 508 1782 XVI.
519 1725 606 1783 abieti
622 1724 818 1795 pulcherrima
837 1732 879 1776 est
897 1724 930 1774 in
943 1723 1078 1775 trabibus,
1096 1722 1248 1794 praecipua
1257 1730 1355 1780 autem

141 1812 147 1828 =
208 1793 256 1846 dos
275 1803 317 1847 est
334 1794 522 1864 crispantibus
548 1804 578 1847 et
604 1794 713 1859 intorto
736 1793 858 1862 quodam
883 1793 1012 1846 discursu
1034 1809 1172 1844 venarum
1196 1791 1353 1862 pretiosa.“

208 1863 279 1916 Eun.
304 1873 416 1917 contra:
445 1864 563 1930 „abiete
580 1867 688 1932 crispos
717 1863 817 1929 Quales
836 1880 873 1916 sc.
893 1863 986 1916 trabes
1011 1863 1145 1936 abiegnae
1167 1878 1226 1914 esse
1249 1863 1351 1928 solent,

208 1949 275 1986 oum
293 1943 359 1986 sunt
376 1935 500 2000 adustae,
518 1952 576 1988 non
593 1935 677 2016 plane
688 1932 878 1986 combustae.“
896 1934 1008 2002 Nissen.
1024 1948 1107 1986 vero:
1130 1934 1259 1997 „Versus
1275 1950 1362 1998 inan-⁴

208 2019 281 2059 erus¹
311 2004 446 2078 intelligo
472 2007 608 2072 destituis,
641 2011 691 2056 aut
720 2004 815 2056 simile
840 2003 919 2072 quid,
943 2003 1000 2054 nisi
1017 2003 1129 2055 melier
1149 1998 1352 2070 deformemque

191 2073 299 2127 ‘abiete
323 2074 434 2141 crispas
460 2082 495 2127 ut
520 2075 678 2140 deformare
691 2074 737 2134 ‚sit
762 2074 887 2143 privare.
929 2074 1005 2126 Nam
1029 2073 1152 2126 abietem
1178 2073 1301 2143 crispam
1318 2073 1352 2126 ad

210 2151 351 2206 ornatum
361 2144 464 2213 templi
482 2145 630 2214 pertinere
649 2161 715 2205 cum
733 2143 838 2202 Buher.
859 2142 993 2212 opinor.“
1028 2144 1087 2196 Mr'.
1301 2191 1305 2199 .

168 2274 171 2279 ,
280 2214 369 2268 abiete
387 2215 492 2282 crispo]
512 2215 531 2265 i.
553 2231 577 2266 e.
597 2214 638 2265 ait
655 2213 823 2276 Forcellin„
843 2213 911 2287 igne
928 2221 1093 2286 corrugata:
1114 2220 1246 2282 quaeest
1265 2212 1352 2267 etiam

209 2280 319 2338 Wolfii
335 2283 532 2339 sententiain
555 2283 678 2335 scholisz
705 2282 841 2351 aquibus
868 2299 926 2335 non
943 2283 1076 2336 discedit
1099 2283 1260 2337 Kiihnerus.
1296 2284 1354 2336 Ne-

156 2370 158 2374 ‘
210 2351 393 2474 Perdite?
411 2352 798 2476 Ereridlffssr‘l‘tit‘d
814 2353 1001 2476 diffidis
1021 2385 1074 2486 'iu
1089 2351 1354 2486 {ridendi

210 2481 329 2550 mid.
351 2495 375 2546 1.
395 2493 421 2554 2,
445 2479 533 2545 Rebi.
562 2493 635 2546 Gud.
663 2492 737 2567 Aug.
762 2493 846 2545 Bern.
867 2515 868 2519 ¹
900 2492 959 2545 arb.
981 2442 1166 2548 tribuspoxx„
1185 2494 1260 2556 Mon.
1282 2497 1307 2553 l,
1327 2495 1353 2547 2.

210 2559 281 2612 Edd.
300 2562 334 2613 V.
353 2561 422 2614 Rob.
442 2560 540 2632 steph.
559 2562 667 2616 Sturm.
688 2562 778 2635 Gebb.
797 2571 826 2614 et
841 2579 924 2631 seqq.
944 2559 1109 2615 Gebhardus
1127 2561 1209 2615 adh.
1227 2564 1264 2616 l.:
1292 2562 1354 2617 sn·-

208 2628 248 2683 tis
264 2629 427 2683 Victoriana
444 2633 513 2688 Pall.
532 2641 602 2686 tert.
622 2636 715 2701 quart.
735 2631 923 2700 quiusl’ish.
942 2633 1032 2686 Vatic.
1062 2631 1124 2685 Alii
1149 2631 1239 2684 scia.“
1274 2632 1354 2687 Idem

196 2699 241 2775 ‘in
259 2701 405 2753 antecedd.
425 2719 461 2753 ex
478 2702 534 2754 Pal.
554 2703 648 2772 quint.
669 2702 795 2771 enotavit
813 2702 877 2768 atti,
899 2719 935 2754 ex
951 2702 1027 2762 Pith.
1046 2701 1129 2756 coeii
1146 2700 1226 2768 atii,
1246 2719 1282 2756 ex
1289 2705 1352 2756 Vat.

209 2776 243 2825 et
261 2770 328 2824 tosti
346 2770 410 2837 olii,
429 2789 464 2823 ex
481 2772 548 2824 Fab.
567 2773 635 2826 tori
652 2771 714 2827 olii.
751 2772 813 2832 Mr.
1073 2813 1079 2823 .

280 2846 305 2892 et
322 2840 392 2892 illud
408 2839 438 2894 in
454 2841 569 2909 primia]
589 2843 675 2898 Codd.
693 2844 763 2915 Reg.
784 2841 858 2894 Gud.
877 2845 901 2897 1.
921 2845 947 2898 2.
966 2839 1120 2902 ciciliam
1137 2841 1247 2909 primia.
1267 2843 1355 2897 Marb.

209 2907 292 2963 Vind.
312 2912 337 2965 2.
357 2912 420 2967 dun
431 2913 499 2964 Oxx.
519 2919 544 2964 et
561 2912 668 2966 illum*
682 2912 712 2964 s'n
726 2911 840 2980 primis.
877 2913 957 2966 Unus
975 2913 1026 2965 Ox.
1046 2918 1073 2966 et
1095 2912 1199 2968 illum
1220 2928 1355 2966 versum

188 2976 191 2985 '
210 2976 534 3108 iAnpriirlsismVersum,
554 2983 605 3052 qui
622 2983 762 3051 sequitur,
781 2982 991 3052 anapaesticum
1009 2978 1137 3036 imitatus
1156 2991 1198 3038 est
1215 2984 1355 3058 Virgilius

237 3065 281 3100 en.
332 3086 338 3101 .
418 3069 424 3102 ε
1150 3086 1152 3089 -

380 3119 404 3172 O
419 3121 529 3189 putria,
547 3138 564 3174 o
581 3121 676 3175 divum
694 3121 791 3174 domas
808 3121 892 3182 Ilium
910 3128 936 3176 ct
953 3120 1055 3193 inclyto
1073 3123 1144 3178 dello

374 3191 492 3246 Moenia
509 3191 713 3263 Dardanidum.
882 3231 884 3235 -
1164 3198 1171 3257 '.

210 3257 288 3324 Quod
310 3259 515 3315 animadvertit
538 3265 626 3315 etiam
649 3261 774 3328 Servius,
803 3261 965 3334 adscribens
986 3264 1056 3321 h.1.
1079 3263 1185 3320 Versus
1201 3263 1354 3324 Eruimus.

110 3359 115 3369 ·
209 3330 338 3404 Pergunt
355 3330 498 3386 duooxx.
513 3341 548 3384 et
566 3335 638 3398 Mon.
658 3334 683 3386 λ
703 3331 727 3384 0
745 3338 866 3400 septum:
887 3333 960 3385 alius
977 3333 1253 3388 habeboltissimo.
1282 3333 1355 3398 Gud.

209 3399 356 3452 carmine
402 3416 434 3452 ro
459 3400 618 3455 cordine.
655 3401 831 3466 „Turnebus
860 3403 1025 3459 Adversarr.
1050 3405 1125 3461 XlX.
1154 3407 1196 3460 15.
1227 3405 1356 3474 templum

208 3466 239 3524 h.
259 3468 279 3520 1.
300 3468 374 3544 sign'
399 3487 464 3523 care
488 3471 594 3523 Priami
621 3472 740 3545 regiam.
777 3472 900 3526 Nullum
922 3474 1008 3526 huius
1033 3474 1253 3548 significationis
1275 3475 1356 3534 addit

209 3539 382 3607 exemplum.
418 3540 568 3592 Firmatur
591 3549 688 3594 tamen
713 3541 786 3594 eius*
797 3543 938 3596 sententia
961 3545 997 3596 iis
1025 3561 1096 3613 quae
1120 3544 1194 3597 dicit
1211 3545 1293 3599 Serv.
1321 3543 1357 3597 ad
1388 3564 1390 3569 ·

209 3608 314 3684 virgil.
334 3611 381 3662 xl.
401 3611 461 3670 2³5.
482 3608 528 3685 [P·.
541 3613 603 3666 6²1.
630 3611 672 3664 ed.
698 3613 808 3679 Burin]
833 3615 927 3666 Potest
952 3613 1038 3666 etiam
1064 3615 1134 3669 dici·
1148 3616 1275 3669 imitatus
1299 3630 1356 3669 esse

209 3679 257 3732 vel
275 3687 406 3732 nostrum
422 3681 530 3744 locum,
547 3681 596 3734 rel
613 3681 741 3750 priorem
757 3684 888 3757 Virgilii,
907 3682 996 3736 Silius
1007 3684 1072 3737 Ital.
1092 3686 1192 3739 Punic.
1202 3687 1227 3739 1.
1239 3688 1294 3742 598
1312 3702 1355 3755 sq.

232 3774 238 3778 ·
376 3748 521 3817 Opoerio,
540 3768 556 3803 o
574 3749 659 3804 Fidei
675 3752 773 3806 domus
790 3753 906 3823 inclyta,
925 3769 979 3823 quo
997 3760 1046 3808 tuo
1063 3770 1135 3808 nunc
1151 3762 1216 3810 aunt
1296 3807 1298 3811 .
1348 3759 1353 3770 ’

374 3819 445 3871 Fata
463 3819 540 3888 loco!
575 3821 636 3875 Mr.
1274 3869 1290 3883 ,.

283 3887 354 3943 Vidi
370 3904 423 3954 ego
441 3895 478 3956 ie,
497 3891 624 3946 arietante
640 3909 691 3962 ope
708 3893 878 3960 barbarice]
913 3895 1019 3947 Mirum
1045 3903 1087 3948 est
1114 3896 1222 3956 multos
1251 3894 1356 3949 babere

210 3957 297 4020 libros
321 3952 493 4025 adstantem)
508 3970 542 4013 ut
568 3963 603 4016 ad
627 3970 654 4016 te
678 3967 831 4020 referatur.
868 3964 922 4018 Sed
944 3967 1073 4019 odorante
1095 3975 1216 4020 tuentur
1234 3966 1309 4020 Gud.
1330 3970 1355 4022 1.

210 4027 283 4080 Gud.
307 4029 396 4082 Rehd.
422 4029 519 4083 Duisb.
538 4035 613 4100 Mon.
630 4038 660 4097 l.
678 4035 704 4090 Ἰ.
733 4043 761 4087 et
778 4052 851 4086 unus
869 4036 919 4088 Ox.
950 4035 1014 4104 Ego
1034 4036 1144 4089 omittit
1162 4036 1187 4088 A
1229 4075 1235 4089 .
1267 4037 1357 4097 Tacet

208 4091 305 4151 nbstra
322 4099 439 4152 collatio
457 4101 524 4154 Ood.
544 4103 641 4178 Regii:
661 4105 710 4156 sed
726 4106 810 4158 Verb.
830 4106 861 4157 in
879 4113 969 4180 marg.
989 4107 1030 4158 ait
1047 4107 1171 4180 Regium
1182 4106 1220 4158 ha
1240 4123 1287 4160 ere
1305 4107 1357 4160 od·

209 4173 337 4223 stanteis.
363 4169 552 4235 ‚Sententiam
577 4174 637 4228 loci
664 4175 790 4244 explicat
812 4175 970 4230 Porcellin.
998 4194 1025 4229 v.
1053 4183 1117 4230 asto
1134 4195 1163 4247 p.
1182 4179 1244 4233 262.
1271 4195 1356 4231 versu

208 4239 262 4291 Vir
282 4238 382 4293 iliano:
402 4239 513 4296 Priami
530 4244 606 4298 dura
629 4260 719 4312 regna
743 4247 942 4301 moriebaris
969 4248 1038 4305 Aen.
1059 4249 1086 4312 Ἰ,
1104 4250 1147 4302 22.
1173 4245 1307 4317 idemqile
1326 4265 1353 4299 v.

209 4257 383 4395 Borgbars'cua
400 4329 427 4382 p.
445 4315 512 4368 311:
533 4315 598 4368 dum
616 4321 701 4368 staret
718 4332 841 4391 regnum
858 4317 1008 4391 Phrygum
1026 4317 1181 4370 incolume.
1208 4319 1293 4371 Bene.
1321 4348 1354 4359 —
1413 4324 1414 4327 ’

172 4429 174 4434 .
212 4379 303 4436 Tectis
321 4383 431 4436 omittit
448 4401 521 4437 unus
540 4385 608 4450 Ox.;
627 4386 711 4439 Vind.
731 4389 756 4444 2.
775 4387 860 4441 babet
877 4388 959 4444 elatis
976 4404 1043 4442 cum
1060 4404 1118 4442 uno
1137 4388 1197 4455 Orc,
1221 4404 1276 4460 pro
1295 4403 1355 4442 coe-
