2842 5070
219 316 281 384 sot
396 387 398 390 Α
421 313 651 381 CICERONIS
672 311 917 380 TUSCULAN.
940 311 1169 378 DISPUTAT.

139 543 146 557 ,
217 497 372 544 censores
393 477 508 541 dicere
527 475 682 557 audeant.
721 475 787 538 Sed
807 495 883 539 cum
904 477 976 540 istis
998 476 1096 541 alias:
1118 483 1153 537 et
1173 494 1214 540 eo
1236 474 1368 557 quidem

216 565 340 634 animo,
361 561 490 623 nnllam
512 568 552 622 ut
572 567 742 629 certamen
762 561 947 636 instituam,
969 578 1088 621 verum
1103 557 1296 621 'dicentibus
1318 562 1367 621 fa·

216 644 279 707 cile
300 641 424 706 cedam.
467 641 614 704 Tantum
634 639 835 720 admoneb03
868 643 898 702 si
924 642 1065 702 maxime
1092 660 1211 703 verum
1240 642 1304 720 sit,
1325 640 1368 703 ad

215 742 338 808 corpus
359 724 472 788 omnia
492 727 622 786 referre
641 725 838 805 sapientem,
866 724 949 801 sive,
978 732 1017 784 ut
1044 723 1215 785 honestius
1247 722 1367 802 dicam,

215 808 302 869 nihil
322 810 433 869 facere
454 809 521 868 nisi
542 805 631 888 quod
652 806 816 887 expediat,
850 808 919 867 sive
941 802 1056 866 omnia
1079 809 1208 867 referre
1235 804 1278 867 ad
1298 808 1366 868 nti-

214 891 341 966 litatem
361 906 469 968 suam3
492 891 647 971 quoniam
668 887 750 951 haec
770 887 957 969 plausibilia
979 907 1047 950 non
1068 896 1157 967 sunt,
1178 893 1217 949 ut
1237 889 1275 948 in
1290 889 1367 950 sinu

157 992 162 999 ’
213 971 392 1059 gaudeant,
413 972 559 1059 gloriose
578 971 669 1053 loqui
690 967 853 1033 desinant.

284 1159 329 1212 ad
345 1155 482 1223 seniores]
509 1157 715 1223 „Davisianam
732 1157 888 1210 lectionem
906 1157 1004 1208 firmat
1021 1156 1075 1208 Ed.
1095 1173 1159 1209 mea
1175 1155 1256 1209 vct.“
1273 1155 1362 1210 Boub.

214 1232 312 1282 Monet
331 1229 378 1282 Or.
398 1229 529 1283 consulto
547 1227 641 1281 videri
651 1228 821 1281 Ciceronem
839 1226 961 1279 variasse
980 1227 1149 1292 orationem,
1168 1235 1210 1292 nt,
1229 1245 1298 1280 cum
1314 1246 1364 1280 an·

191 1309 259 1353 *tea
277 1299 385 1353 dixerit
403 1299 487 1369 apud,
505 1299 534 1351 h.
554 1299 574 1350 l.
593 1297 644 1350 ubi
661 1297 739 1350 idem
757 1305 902 1362 exspectes
920 1297 959 1350 ad
975 1305 1106 1367 poneret.
1144 1297 1244 1363 Credo,
1269 1307 1299 1351 et
1316 1299 1365 1351 ob-

212 1387 317 1440 sequor
334 1370 450 1441 optimis
468 1370 561 1435 libris,
580 1369 615 1421 sd
632 1385 701 1436 quos
719 1368 858 1422 accedunt
877 1367 950 1420 Gud.
972 1371 997 1423 1.
1016 1371 1042 1422 2.
1062 1367 1122 1434 (hic
1141 1385 1157 1419 a
1176 1371 1200 1421 1.
1220 1386 1259 1418 m.
1277 1367 1378 1431 habet,

212 1442 252 1495 ed
269 1443 288 1494 d
295 1439 451 1504 acenceres)
469 1440 542 1513 Aug.
564 1438 639 1492 Gud.
659 1439 747 1492 lllarb.
767 1438 851 1491 Vind.
871 1439 897 1493 2.
917 1440 992 1491 Mon.
1012 1441 1038 1493 2.
1058 1438 1142 1491 Bern.
1162 1446 1272 1516 septem
1291 1441 1361 1492 Oxx.

211 1512 284 1564 Edd.
304 1511 333 1565 S.
352 1513 386 1564 V.
404 1511 473 1565 Rob.
494 1509 594 1580 steph.
615 1509 692 1562 Cain.
729 1508 787 1563 Sed
803 1507 882 1561 nihil
899 1508 1021 1578 probant
1045 1509 1176 1578 exempla
1193 1526 1211 1559 a
1227 1508 1296 1561 Dav.
1322 1510 1365 1567 al-¹

211 1583 283 1635 latas
307 1583 464 1636 nonenim
488 1581 519 1634 id
537 1580 696 1650 quaeritur,
710 1589 824 1631 ’utrum
842 1578 902 1630 dici
928 1579 1019 1647 possit
1045 1595 1123 1632 esse
1140 1579 1184 1632 ad
1202 1573 1360 1634 Caesarem.

211 1652 358 1706 [laudandi
376 1660 458 1706 erant
475 1651 544 1717 loci,
564 1651 657 1722 qualis
676 1657 718 1702 est
735 1650 810 1720 Epp.
829 1648 864 1701 ad
881 1649 990 1700 Fennm.
1003 1650 1036 1699 V.
1059 1653 1101 1704 to.
1121 1657 1195 1702 extr.
1215 1650 1263 1703 ad
1281 1650 1362 1705 Gue-

210 1739 326 1777 sarem
343 1738 434 1776 meum
450 1737 564 1776 eausam
580 1735 663 1790 agas.
696 1718 793 1784 'Quare
811 1735 866 1770 nec
884 1718 1059 1772 advocandus
1077 1719 1136 1771 fuit
1154 1719 1307 1774 Ruhnken.
1328 1722 1362 1775 ad

131 1824 135 1831 ,
212 1795 279 1847 Ter.
299 1793 388 1847 Andr.
408 1794 456 1845 tv.
475 1796 502 1849 3.
523 1795 566 1857 13,
585 1807 672 1862 quem
689 1790 787 1845 laudat
804 1788 838 1840 K.
862 1789 964 1842 lllelius
983 1791 1045 1860 ipse
1065 1790 1146 1843 locus
1163 1791 1298 1847 Terentii
1315 1792 1362 1844 ad.

210 1865 310 1918 vocari
326 1872 454 1935 poterat-z
473 1863 502 1915 si
517 1864 599 1929 forts.
610 1874 680 1931 opus
696 1859 736 1914 sit
752 1862 792 1915 ad
808 1858 906 1913 baum
923 1859 1131 1914 iusiurandum.
1159 1863 1270 1915 Laudat
1286 1863 1362 1915 idem

208 1927 508 2008 praetshea-lles'eog.
531 1934 566 1987 ad
590 1935 667 1987 Caes·
691 1933 722 1984 B.
747 1932 856 1988 G.›111.
876 1934 902 1988 9.
930 1949 959 2001 p.
981 1934 1040 1986 167.
1078 1931 1149 1984 Add.
1170 1932 1302 1986 (lortium
1327 1933 1361 1986 ad

208 2005 307 2059 locum
324 2004 386 2058 (tic.
404 2005 439 2058 ad
456 2005 565 2057 Famm.
584 2004 733 2056 laudatum
748 2020 777 2070 p.
797 2004 858 2057 224.
879 2031 912 2043 -
944 2004 999 2054 Pro
1025 2018 1151 2059 censores
1175 2001 1249 2056 Gud.
1274 1988 1361 2057 habet

197 2091 356 2130 censorem.
381 2075 464 2128 Verb.
484 2092 522 2127 ex
538 2074 596 2127 ltts.
615 2073 712 2127 nescio
731 2088 787 2142 quo
806 2073 838 2124 in
856 2089 947 2146 marg.
976 2073 1087 2125 notavit
1109 2074 1161 2128 sed
1185 2072 1264 2129 isla
1283 2073 1359 2143 istis,

101 2146 104 2154 '
208 2155 272 2199 tum
289 2147 366 2200 alies
383 2146 645 2212 disputandum.
682 2142 724 2195 De
741 2143 895 2196 verberum
912 2140 1012 2197 ordine
1030 2144 1138 2197 nullum
1161 2151 1197 2213 ut
1217 2151 1361 2214 ¹certtnmm

194 2235 236 2270 s.
255 2235 306 2271 nos
324 2216 359 2271 ad
376 2219 413 2270 11.
433 2218 459 2270 4.
482 2218 524 2271 tt.
561 2217 620 2270 Me.
1099 2280 1102 2284 A
1217 2258 1220 2262 .
1285 2246 1288 2275 :

277 2303 375 2342 uerum
393 2286 558 2352 diemalibus]
578 2287 598 2343 i.
619 2303 643 2339 e.
664 2303 754 2355 quum
779 2285 819 2351 id,
847 2283 923 2354 quod
945 2284 1056 2349 dicunt,
1080 2303 1183 2338 verum
1211 2293 1262 2339 est.
1299 2287 1360 2339 llcc

162 2364 175 2376 '
208 2358 272 2411 ideo
290 2358 465 2419 monendum
489 2358 557 2422 fuit,
585 2358 653 2426 quia
673 2372 768 2425 nuper
792 2357 913 2419 exstitit,
941 2355 991 2423 qui
1017 2372 1113 2410 cesum
1131 2357 1151 2411 i.
1172 2373 1200 2424 q.
1225 2357 1277 2410 sed
1302 2375 1359 2411 esse

207 2429 395 2483 existimaret.
418 2429 487 2483 ,Pro
511 2426 598 2492 facile
624 2429 745 2481 cedam
763 2435 806 2480 est
830 2427 916 2493 facile
939 2427 1084 2479 credam
1106 2426 1139 2478 in
1161 2426 1269 2479 duobus
1288 2429 1375 2482 On.-

206 2498 291 2551 Vind.
311 2501 336 2554 2.
357 2507 386 2551 et
404 2500 479 2551 Mon.
499 2502 524 2554 2.
545 2498 723 2567 itemquein
740 2496 799 2551 MS.
828 2497 863 2549 ad
880 2514 971 2618 marg.
991 2497 1075 2549 Verb.
1094 2497 1162 2550 cod.
1180 2496 1254 2621 Aug.
1273 2497 1359 2551 habet

166 2591 169 2597 ·
205 2568 293 2634 facile
309 2570 503 2623 concedam.
544 2571 670 2623 Tamen
693 2567 853 2624 admonebo.
882 2570 942 2619 Mar
961 2604 967 2619 .
987 2567 1082 2620 veteri
1109 2568 1253 2621 scriboni
1280 2586 1359 2623 more

206 2641 372 2694 ammonete.
413 2639 516 2693 Tamen
534 2640 620 2694 habet
637 2639 727 2692 etiam
744 2657 818 2691 unus
837 2639 887 2691 Ox.
924 2636 986 2691 Mr.
1169 2654 1172 2662 ·

194 2752 197 2754 ·
276 2728 304 2782 si
328 2726 449 2781 manime
471 2745 566 2782 oerum
588 2728 655 2795 sit,]
691 2726 798 2779 Eadem
824 2735 866 2779 est
888 2725 919 2778 h.
940 2725 960 2776 l.
984 2725 1067 2776 verbi
1080 2742 1185 2780 ‚iterum
1203 2727 1354 2791 sententis,

205 2816 277 2868 quae
296 2806 339 2851 est
357 2799 430 2869 apud
448 2800 516 2851 Hor.
535 2801 611 2870 Epp.
631 2801 655 2852 Ι.
676 2801 700 2852 ’1.
721 2801 794 2848 extr.
828 2793 935 2850 Metiri
959 2811 991 2849 ee
1015 2811 1146 2867 quemque
1173 2812 1225 2850 suo
1249 2797 1359 2850 modulo

205 2883 241 2922 uo
256 2870 334 2938 pede,
352 2885 469 2922 verum
493 2876 563 2923 est.-
596 2871 677 2923 cuius
695 2885 761 2920 usus
779 2869 872 2919 multa
892 2866 1021 2935 exempla
1040 2876 1243 2942 congesserunt
1268 2869 1359 2922 inter·

205 2948 300 3010 protes
323 2939 357 2991 ad
378 2941 452 3009 niv.
469 2940 506 2993 lt.
534 2944 578 2996 48.
604 2959 632 3011 p.
656 2941 718 2994 410.
743 2939 786 2990 cd.
810 2937 953 2991 Drakenb.
981 2936 1090 3012 stuttg.
1127 2939 1162 2990 ln
1190 2956 1269 3008 seqq.
1290 2938 1356 2995 cod.

205 3009 320 3134 gryph.
345 3008 419 3064 nibil
443 3004 560 3079 facile
583 3027 636 3082 pro
665 3007 740 3063 nibil
759 3011 892 3075 facere.
929 3009 1009 3062 Unus
1029 3007 1079 3060 Ox.
1106 3009 1217 3062 omittit
1244 3017 1357 3063 utente

240 3081 354 3135 nestius.
391 3083 452 3139 Mr.
529 3092 532 3096 ’
836 3103 848 3122 ·

274 3152 334 3206 nisi
352 3153 424 3220 quod
439 3150 582 3220 expediat,
599 3149 660 3204 sive
677 3149 776 3205 onsnia.
789 3152 898 3217 referre
916 3149 955 3202 ad
970 3148 1121 3203 utilitatem
1136 3150 1251 3217 suems]
1271 3153 1357 3216 „Non

204 3231 247 3276 est
265 3223 543 3295 reprehendendum,
562 3223 586 3274 si
605 3223 670 3291 quis
688 3223 765 3274 nihil
783 3230 857 3297 agat,
883 3221 939 3273 nisi
959 3219 1036 3290 quod
1059 3220 1096 3271 sit
1121 3220 1211 3272 utile:
1238 3222 1270 3274 id
1287 3238 1355 3275 vero
1404 3270 1411 3287 ,

202 3293 473 3378 reprehendendum
492 3301 545 3356 est,
564 3293 589 3344 si
608 3293 672 3362 quis
690 3294 786 3351 omnia
804 3292 839 3345 ad
857 3309 936 3344 suam
959 3291 1121 3342 utilitatem
1147 3293 1266 3345 referat.
1303 3293 1355 3345 Est

202 3363 213 3414 i
236 3373 306 3430 rtur,
325 3365 403 3435 qued
420 3365 557 3416 coniicias
575 3364 927 3433 scripsissecicsronem:
948 3361 1007 3414 nisi
1025 3362 1098 3430 quod
1116 3363 1249 3430 expediat
1273 3362 1353 3416 sibi.

229 3434 387 3488 ltima'vox
404 3443 511 3486 mutata
529 3434 588 3484 filit
606 3434 636 3483 in
655 3433 713 3486 siue
738 3451 792 3503 per
810 3449 871 3498 eos,
897 3433 949 3502 qui
976 3441 1150 3502 receperunt
1177 3433 1300 3508 glossam
1324 3433 1356 3484 in

202 3505 307 3558 seriem
326 3505 477 3558 erationis:
498 3506 589 3558 mnata
608 3505 718 3568 referre
736 3505 776 3558 ad
792 3503 943 3559 utilitatem
952 3501 1070 3555 -suam.“
1088 3501 1177 3556 Boub.
1215 3505 1305 3578 „Ego
1324 3521 1356 3557 ea

201 3576 297 3643 verba,
317 3592 389 3645 quae
407 3577 438 3628 B.
457 3574 580 3650 glossam
599 3591 657 3626 esse
676 3584 781 3641 censet,
801 3574 948 3628 Ciceronis
967 3590 1026 3625 esse
1044 3581 1124 3643 puto,
1145 3575 1197 3643 qui
1215 3575 1354 3627 eiusmodi

201 3647 402 3700 redundantius
431 3645 593 3716 saepissime
627 3645 658 3696 in
689 3647 750 3699 eius
780 3645 863 3697 libris
891 3643 1044 3698 viderim.“
1071 3643 1180 3698 Nissen.
1225 3645 1355 3702 Wolfius

49 3789 52 3797 Ι
106 3728 109 3737 '
201 3727 316 3786 qnoque
335 3717 366 3767 in
384 3716 490 3769 scholis
507 3715 594 3768 verba
613 3717 666 3768 ista
683 3717 792 3792 glossas
811 3716 937 3837 speciem
954 3715 1060 3767 habere
1078 3715 1165 3769 dicit:
1185 3733 1239 3768 nec
1256 3719 1354 3769 tamen

199 3804 230 3839 se
247 3796 384 3839 ausurum
401 3804 434 3838 sa
452 3787 560 3850 delere,
584 3804 620 3840 ns
638 3789 716 3841 forte
740 3789 801 3858 ipsa
829 3787 966 3840 ciceronis
987 3785 1075 3838 verba
1102 3795 1241 3859 amputet.
1280 3787 1354 3853 Quae

199 3874 263 3909 mea
282 3873 396 3926 quoque
415 3865 458 3910 est
475 3858 624 3912 sententia.
663 3859 799 3912 Ceterum
817 3857 892 3910 illud
909 3857 966 3922 sibi
978 3857 1149 3922 Bouhierius
1170 3859 1226 3910 sibi
1242 3856 1352 3912 habeat.

199 3927 297 3982 Duisb.
319 3927 435 3980 exhibet
456 3927 516 3980 sine
533 3927 744 3996 haecomnia,
769 3946 843 3980 unus
870 3931 920 3982 Ox.
941 3928 980 3981 ad
1005 3926 1159 3982 utilitatem
1181 3945 1286 3983 summ
1294 3945 1352 3984 am.

200 3997 281 4064 Quod
297 4008 365 4051 mox
382 4000 513 4068 sequitur
539 3999 725 4053 Adiectivum
749 3998 913 4068 plausibilis
929 3998 1082 4051 admodum
1107 4017 1203 4052 ramim
1223 4010 1275 4066 est,
1301 4016 1354 4053 nec

109 4077 125 4104 ³
200 4068 261 4120 nisi
274 4085 331 4121 uno
349 4079 500 4139 praeterea
516 4071 580 4125 loco
604 4071 679 4141 apud
698 4071 866 4124 Ciceronem
893 4070 1012 4144 legitur,
1035 4070 1175 4123 videlicet
1198 4071 1230 4122 in
1254 4071 1352 4124 Divin.
1398 4097 1406 4107 ·

115 4200 116 4207 ἵ
200 4140 232 4191 in
250 4139 354 4192 Caecil.
374 4143 400 4205 3,
417 4145 451 4197 8:
477 4143 636 4196 censorium
654 4157 767 4207 nomen,
786 4143 861 4211 quod
884 4144 1013 4210 asperius
1034 4172 1067 4184 -
1085 4140 1179 4197 uideri
1194 4142 1303 4196 solebat
1321 4171 1353 4184 ·-

199 4213 257 4265 iam
275 4214 411 4280 populare
435 4219 519 4283 atque
540 4212 693 4283 plausibile
715 4214 821 4278 factum
844 4218 892 4266 est.
929 4215 983 4267 Pro
1010 4227 1065 4266 uon
1090 4230 1164 4300 unus
1189 4216 1239 4268 Ox.
1269 4213 1355 4266 habet

199 4288 236 4336 ut·
259 4283 356 4408 cifris
381 4353 465 4409 sinu
492 4354 664 4423 gaudeant]
700 4355 785 4409 Nihil
813 4353 921 4409 certius
954 4354 1008 4408 hac
1033 4355 1176 4422 lectione,
1205 4364 1234 4409 et
1257 4365 1353 4409 tamen

199 4423 287 4481 aliter
308 4427 420 4503 legitur
442 4426 474 4480 in
503 4425 612 4492 multis,
641 4424 734 4498 iisque
761 4425 988 4503 antiquissimis,-
1005 4426 1097 4481 libris.
1134 4430 1188 4484 Est
1212 4427 1297 4493 enimx
1323 4427 1353 4482 iu
