2842 5070
516 320 876 405 nmmum..
1020 356 1033 367 ·
1171 325 1234 393 m

82 504 324 567 memorantur.
372 492 425 561 Do
451 489 698 559 oontemnendo
724 490 873 555 honoret
904 487 1003 551 malti
1038 487 1234 552 inhonorati

81 585 314 665 proferuntur,
335 585 370 640 at
390 573 525 660 quidem
546 583 687 657 propter
707 572 745 637 id
764 573 875 656 ipsum
894 573 1081 636 beatioresz
1102 590 1234 635 eornm-

82 684 159 746 ,que‚
182 665 240 746 qui
260 662 431 744 privatum
452 660 558 723 otium
579 657 723 742 negotiis
744 655 890 737 publicis
910 654 1153 731 antetulornnt,
1175 674 1234 716 no·

82 748 235 809 priuatim
255 745 328 806 rita
347 740 522 807 laudatore
552 759 617 804 aec
636 739 759 801 siletur
777 736 867 800 illud
892 737 1117 821 potentissimi
1143 738 1234 823 regis

80 928 217 1004 neglecta
234 926 343 999 syllaba
359 943 414 998 per
431 925 635 999 compendium
653 924 769 997 scripta.
805 921 881 978 Male
898 920 989 977 Noto.
1053 928 1080 975 st
1102 920 1160 974 lsoc
1185 918 1234 974 de·

81 1017 163 1053 mum
184 999 304 1052 verbum
330 1015 437 1053 uorum
460 1006 546 1069 caput
577 996 692 1067 incipit.
728 998 765 1050 Pe
804 995 828 1048 ‘t
849 996 925 1047 Mon.
951 1010 977 1046 c.
1039 1008 1081 1046 aa
1111 996 1233 1045 errare

82 1068 202 1137 igitur
218 1068 306 1121 motti.
326 1100 360 1113 -
377 1067 542 1123 inhonorati
560 1067 686 1139 explicat
703 1012 813 1133 Mill:
826 1065 859 1118 ln
877 1064 997 1118 scholis:
1017 1063 1067 1133 qui
1120 1062 1233 1117 noritur

79 1140 171 1205 functi
187 1155 324 1209 atraquom
341 1147 420 1194 runt.-
439 1139 524 1210 qnod,
542 1146 577 1191 ut
594 1155 664 1192 vere
681 1147 779 1192 monet
798 1138 857 1201 Or,
875 1135 990 1191 homini
1003 1134 1129 1188 Romano
1148 1133 1233 1186 triste

79 1210 238 1264 videbatur.
257 1211 412 1264 Beroaldus
430 1220 526 1263 autem
543 1209 579 1262 ad
594 1206 626 1262 la.
641 1208 662 1262 l.
682 1209 782 1276 ,‚Gato‚
801 1208 852 1274 ait,
871 1220 927 1279 quo
946 1206 993 1267 dic
1010 1205 1155 1277 repulsam
1171 1220 1234 1276 pas-

79 1299 127 1332 sus
146 1289 197 1347 est,
237 1279 277 1333 ila
288 1281 372 1348 lusit:
393 1281 531 1352 quemait
543 1278 654 1333 Plinius
673 1280 797 1350 repulsis
810 1287 949 1349 tanquam
964 1275 1121 1330 honoribus
1143 1276 1236 1328 inem·

79 1352 137 1421 ptis
155 1299 279 1425 gaulere
298 1351 424 1405 solitum.
469 1350 554 1423 Apud
570 1349 719 1404 Valerium
726 1358 812 1423 caput
834 1357 877 1404 est
893 1349 929 1405 de
944 1348 1076 1421 Repulsis
1100 1346 1174 1414 [Vll.
1194 1344 1234 1413 5.]

81 1439 138 1491 quo
166 1431 317 1475 enumerat
343 1421 482 1493 exempla
515 1420 662 1481 clarorum
688 1421 836 1485 virorum,
869 1420 920 1490 qui
951 1436 983 1473 re
1004 1420 1075 1472 uisis
1103 1434 1136 1471 sn
1157 1416 1236 1471 illati

79 1494 200 1546 fuerunt
231 1490 455 1565 inhonoratique
482 1488 666 1547 disceserunt.
707 1492 745 1544 Μ.
768 1490 885 1545 'Pullius
912 1490 945 1546 in
994 1508 1018 1542 r.
1041 1506 1095 1560 pro
1118 1434 1235 1543 Plancio

78 1562 191 1633 aliquot
209 1571 414 1618 commemorat
429 1564 543 1635 repulsa
561 1570 673 1616 notatos
692 1570 721 1615 et
739 1580 757 1615 a
777 1562 885 1634 populo
910 1561 1082 1631 praeteritos
1106 1559 1138 1611 in
1159 1558 1236 1629 pati-

80 1633 161 1686 tione
186 1635 381 1720 magistratus.
390 1632 409 1663 ·‘
435 1665 468 1677 -
509 1634 591 1688 Unus
618 1632 669 1695 (lx,
693 1630 783 1686 habet
814 1631 941 1704 equidem
966 1632 1025 1704 pro'
1049 1637 1077 1686 ei
1111 1628 1233 1700 quidem,

79 1703 167 1759 Mart.
187 1705 299 1757 omittit
313 1710 440 1773 propter.
477 1700 532 1757 Pro
549 1714 694 1775 eorumque
711 1702 740 1757 le
763 1705 936 1757 'turcorum
954 1703 986 1755 in
1003 1718 1061 1757 uno
1081 1701 1130 1756 Ox.
1158 1700 1233 1753 Gud.

80 1776 107 1829 Ο.
136 1773 225 1826 Marb.
254 1774 316 1839 (hic
339 1773 450 1827 omittit
477 1775 565 1826 etiam
592 1772 649 1841 qua)
690 1774 725 1827 ln
741 1722 817 1828 ltud
839 1778 863 1829 1.
888 1781 930 1827 est
956 1788 1052 1828 eorum
1076 1786 1165 1843 quae
1187 1766 1235 1841 qut

81 1842 149 1909 (hoc
168 1862 255 1914 supra
272 1844 324 1897 lin.
345 1843 499 1910 additum);
519 1844 551 1896 in
568 1846 646 1897 Mon.
664 1846 689 1899 2.
709 1858 804 1897 eorum
828 1859 958 1914 quoque
975 1844 1030 1914 qvi.
1078 1843 1152 1917 Aug.
1170 1840 1234 1912 pri-

117 1920 175 1966 tum
208 1914 392 1982 negotium
422 1914 547 1983 negotiis
578 1914 718 1983 publicis:
753 1915 872 1989 egregia
903 1914 1016 1967 scilicet
1043 1914 1233 1967 correctione.

80 1984 94 2038 1
115 2002 160 2038 em
178 1991 244 2038 ante
262 1988 416 2042 tulerant.
457 1984 541 2038 vind.
562 1989 587 2040 1.
611 1982 699 2039 habet
737 1984 840 2038 lossam
860 1986 1063 2053 praetulerunt.
1107 1984 1168 2037 Hac
1186 2002 1237 2035 au·

79 2063 139 2109 tem
158 2056 369 2131 significatione
387 2054 480 2109 multo
489 2056 671 2127 frequentius
681 2003 823 2123 celetem
830 2056 932 2111 Cicero
945 2056 1030 2122 dixit,
1050 2072 1136 2125 quam
1152 2070 1236 2122 proe-
1269 2066 1272 2071 ·

78 2127 163 2193 ferre.
200 2126 246 2180 Ad
263 2145 326 2181 rem
344 2144 448 2199 operae
466 2127 595 2198 pretium
614 2134 656 2180 est
674 2128 807 2181 conferre
822 2126 968 2181 Ciceronis
985 2126 1168 2195 sententiam,
1187 2120 1238 2180 ad·

81 2197 199 2253 modum
217 2198 358 2252 diversam
377 2198 410 2250 ab
429 2196 492 2263 hac,
512 2198 547 2252 de
566 2196 620 2251 Off.
640 2198 694 2250 111.
715 2202 740 2253 l.
759 2196 821 2252 Mr.

148 2268 401 2336 priuatumotium
418 2295 452 2306 -·
470 2267 671 2335 antetuleruat]
713 2269 775 2324 cic.
794 2269 841 2324 0r.
861 2285 915 2341 pro
932 2270 1007 2322 Mur.
1027 2270 1071 2333 27,
1092 2269 1140 2324 st:
1160 2265 1234 2341 Nam

81 2354 144 2392 cram
162 2346 348 2424 saepaonteo
369 2371 400 2415 -7
420 2346 446 2392 et
464 2355 499 2393 ea
515 2340 637 2394 oliorum
654 2338 782 2394 maaria
800 2347 826 2423 et
844 2356 878 2392 ec
895 2339 966 2393 meis
983 2338 1061 2423 eurio
1080 2338 1235 2422 latoribus·

80 2408 1152 2549 tatto-tto?.ittt”t‡⁰t.tt'..ttttttt.‘tttt'ittutttitttt
1171 2414 1238 2535 tt·

79 2548 112 2604 tn
130 2545 175 2603 dis
192 2548 225 2601 L.
247 2550 385 2604 Murenae
402 2548 495 2603 tontis
511 2583 546 2593 -
562 2549 702 2619 periculis
720 2549 764 2604 ita
780 2567 843 2605 aum
859 2550 954 2605 animo
967 2552 1083 2617 affertur
1100 2559 1154 2604 etc.
1176 2552 1236 2605 Mn

149 2621 312 2675 nominatim
323 2622 382 2674 vita
392 2620 537 2691 laudatur]
556 2622 637 2675 Unus
649 2620 699 2675 Ox.
706 2620 813 2681 Gudl.
827 2630 856 2676 et
866 2623 952 2675 Marb.
969 2621 1128 2686 nominati,
1143 2629 1237 2692 postc-

80 2689 143 2743 rior
166 2692 254 2745 etiam
272 2691 457 2747 laudantur.
495 2693 529 2745 ln
547 2691 614 2746 eod.
634 2694 702 2745 Mon
722 2694 749 2747 Ο.
768 2692 841 2746 Fdd.
861 2694 890 2746 Ρ.
910 2692 943 2746 A.
962 2694 993 2746 R
1011 2694 1039 2747 S.
1058 2694 1093 2746 E.
1113 2692 1144 2746 Ο.
1164 2693 1235 2745 Ven.

83 2768 175 2814 nostr.
194 2761 258 2815 Asc.
280 2767 304 2818 l.
323 2750 350 2819 l.
370 2764 452 2817 Junt.
471 2762 594 2820 Hwolr.
615 2770 657 2816 est
675 2760 811 2816 laudatar
828 2764 895 2817 vito.
931 2763 976 2817 Ad
994 2782 1072 2835 seqq.
1093 2763 1237 2816 dubitabat

80 2832 244 2900 Beroaldus,
268 2843 368 2887 utrum
386 2833 411 2886 A
432 2850 582 2888 amemnon
607 2832 646 2886 sit
664 2832 875 2909 intelligendus
890 2852 927 2888 an
948 2834 1086 2891 Priamus.
1105 2836 1237 2888 Priorem

80 2902 212 2979 intelligi
238 2905 296 2957 iam
320 2905 396 2957 vidit
412 2853 524 2958 licium.
552 2902 646 2956 Anon.
672 2921 717 2974 ap.
737 2904 823 2958 Leod.
844 2922 860 2957 a
878 2906 929 2973 Qu.
957 2906 1010 2976 qui
1032 2904 1237 2963 recordabatur

80 2971 139 3029 ioci
157 2972 312 3045 Euripidei
329 2972 361 3025 in
378 2974 525 3098 Ρτίἷὲἰρὶο
543 2975 558 3026 1
577 2974 898 3050 higaniaeAulidensis,
915 2976 965 3030 ubi
984 2985 1027 3032 est
1043 2995 1072 3036 r.
1092 2977 1136 3034 15.
1155 2995 1234 3049 seqq.

250 3074 284 3086 ““
322 3070 355 3081 ““
393 3050 424 3110 it
448 3045 511 3099 ’σε
569 3048 626 3110 1ον’.

249 3117 322 3180 ζηλῶ
338 3111 478 3185 &dadonis
495 3062 701 3178 ὄςγιὲιίνδυνον,

245 3188 309 3252 βίον
323 3181 468 3256 'ditatque’
488 3186 588 3254 ἀγνώς,
614 3179 724 3254 ἀκλεής·

249 3255 314 3317 τούς
331 3255 359 3309 δ’
378 3255 408 3310 ἐν
425 3278 450 3310 τι
473 3261 517 3318 αῖς
533 3248 625 3323 ἧσσον
643 3259 721 3325 ζηλῶ.

151 3324 196 3382 A'd
210 3342 295 3395 quem
312 3326 412 3381 lorum
430 3275 472 3381 Ομ
485 3323 676 3394 Romaanus,
703 3327 755 3398 qui
778 3326 976 3381 recentissime
995 3329 1085 3383 edidit
1101 3329 1177 3384 hanc
1195 3332 1237 3384 fa-

79 3393 185 3461 bulam,
203 3406 342 3451 nostrum
359 3398 507 3453 ciceronis
531 3398 629 3451 locum
645 3397 774 3451 laudavit
799 3407 829 3452 et
847 3398 927 3471 prius
950 3402 1065 3453 Porson.
1094 3401 1126 3453 in
1144 3402 1234 3455 Advv.

79 3483 108 3537 p.
128 3469 189 3522 248.
209 3487 236 3538 p.
258 3472 318 3525 219.
340 3470 383 3523 ed.
404 3471 480 3540 Lips.
503 3496 535 3508 -
567 3469 712 3523 Scribitur
735 3478 830 3523 autem
857 3471 889 3521 in
907 3470 992 3524 codd.
1020 3472 1093 3526 Gud.
1118 3490 1168 3540 tter
1185 3476 1238 3536 ⁸3¹¹.

79 3539 214 3618 molent
231 3539 344 3594 illius
360 3547 419 3610 pot.
439 3540 528 3594 Rehd.
548 3539 633 3594 habet
652 3557 719 3626 egre
743 3540 800 3593 iam
819 3541 943 3619 glossam
960 3543 1175 3600 Alexandri
1192 3561 1238 3602 re-

79 3622 139 3674 gas,
158 3617 187 3660 et
204 3627 277 3661 unus
296 3612 345 3665 01.
365 3611 446 3680 regis
464 3612 684 3666 Alexandra.
704 3558 778 3664 (lud.
797 3614 824 3666 2.
843 3612 928 3666 habet
943 3613 1097 3681 potissimi.
1123 3618 1168 3669 Ne
1187 3615 1238 3689 cqi

80 3678 195 3748 placeat
213 3684 430 3749 cooperturam,
459 3681 537 3753 quod
555 3690 597 3737 est
615 3682 648 3735 in
664 3682 747 3734 nullo
766 3681 845 3748 eod,
873 3682 924 3752 qui
949 3684 1066 3753 quidem
1088 3680 1180 3739 ¹adhuc
1199 3686 1238 3738 sit

80 3748 212 3811 collatus,
241 3769 413 3821 quamquam
438 3753 468 3806 id
493 3770 551 3813 esse
577 3754 609 3806 in
632 3752 745 3824 aliquot
770 3746 848 3806 MSS.
877 3755 918 3806 ait
939 3752 1047 3821 Bouh„
1071 3756 1118 3810 Or.
1138 3764 1237 3811 monet
1304 3767 1308 3773 ·
1373 3755 1376 3762 ’

80 3829 146 3871 ante
158 3818 295 3871 Servium
312 3818 501 3876 otSidonium
519 3823 719 3895 Apollinarem
737 3839 795 3876 non
813 3823 855 3877 ita
872 3825 960 3878 fuisse
970 3823 1066 3880 videri
1083 3820 1236 3899 scriptum,'

79 3888 234 3958 laudatque
252 3890 313 3963 Cic.
332 3893 408 3945 Orat.
428 3893 450 3958 ξ.
472 3897 532 3950 190.
550 3894 601 3947 ubi
620 3896 691 3948 item
709 3904 786 3959 sunt,
810 3895 862 3965 qni
908 3912 942 3949 ro
968 3904 1141 3967 anapaestus
1166 3899 1238 3951 scri-

79 3960 149 4013 bant
166 3961 376 4027 cooperationes
401 3980 430 4016 r.
448 3964 527 4017 Edit.
547 3966 660 4037 Meyeri
676 3984 705 4036 p.
727 3968 787 4022 124.
820 3968 881 4036 lsau
900 3967 961 4034 avit
983 3969 1123 4027 videlicet
1143 3968 1235 4035 Bouh.

80 4031 293 4086 Grammaticos
316 4031 487 4087 Diomedem
508 4052 537 4104 p.
563 4036 625 4091 604.
663 4036 760 4091 Servii
784 4036 957 4091 centimetr.
977 4057 1006 4108 p.
1028 4042 1105 4095 1821.
1123 4038 1144 4106 “[
1166 4044 1236 4098 .1a.

65 4103 124 4155 ·ed.
161 4102 256 4171 pecul.
293 4102 386 4176 bugd.
422 4104 483 4156 But.
517 4108 594 4160 1⁷88.
631 4107 678 4175 8.]
721 4107 837 4160 Poterat
860 4108 963 4162 addere
987 4110 1118 4177 Mallium
1143 4058 1240 4171 Jl'heo·

79 4172 183 4256 dorum
206 4191 234 4242 p.
254 4176 298 4231 39.
318 4190 382 4243 sqq.
410 4174 454 4255 ed..
482 4174 654 4298 lleusinqer.
692 4176 772 4229 Idem
794 4177 886 4230 Bouh.
910 4196 939 4231 se
964 4179 996 4231 in
1022 4198 1071 4233 sua
1096 4174 1160 4235 lld.¹
1176 4190 1236 4238 vet.

81 4260 223 4314 reperisse
241 4243 283 4296 ait
300 4249 526 4313 uuopoeottcoms
545 4245 576 4298 id
615 4247 659 4299 eri
676 4252 780 4319 potest,
798 4264 865 4301 nam
882 4249 924 4316 ita
940 4248 1046 4316 habent
1064 4252 1153 4309 etiam
1164 4252 1235 4304 Edd.

81 4312 111 4367 S.
130 4314 165 4366 E.
186 4314 306 4370 HWolf.
327 4323 366 4381 et,
384 4315 410 4367 si
428 4314 498 4367 fidos
515 4316 641 4400 rnargini
657 4316 772 4370 lmmbb.
791 4327 822 4370 et
837 4318 936 4384 Goth„
956 4321 1119 4387 laambinus‚
1139 4340 1239 4391 quam·

103 4400 168 4437 uam
185 4386 234 4440 Or.
254 4386 306 4457 qul
324 4402 391 4440 snm
408 4383 544 4451 eontulit,
561 4385 639 4438 nihil
656 4395 762 4440 monet.
799 4388 918 4443 Falsum
934 4406 1004 4445 vero
1027 4399 1079 4458 est,
1103 4393 1179 4463 quod
1196 4391 1238 4443 ait

80 4402 172 4519 aaut·
201 4454 353 4531 etiam-sio
366 4455 426 4533 tegi
444 4457 477 4511 in
493 4454 549 4512 lid·
566 4456 635 4513 act
653 4453 791 4529 Stephon.
810 4476 885 4533 cpias
901 4461 989 4525 habet
1012 4459 1054 4530 id,
1076 4462 1154 4533 quod
1175 4470 1236 4517 nos.
