2842 5070
548 305 678 372 utana
699 304 762 386 tv,
784 263 837 408 aa.
1058 287 1071 294 ”
1215 308 1280 377 soa

123 473 277 538 omnibus
298 480 442 558 quatuor
463 471 773 557 perturbationibus
793 471 852 536 illa
875 469 1065 538 distinctius
1098 481 1215 537 utrum
1235 473 1279 538 sd

123 559 316 621 universam
336 554 635 641 perturbationem
689 574 755 624 uae,
774 565 826 618 est
845 557 1036 638 aspernatio
1057 558 1200 618 rationis
1222 567 1281 621 aut

123 641 291 725 appetitus
312 640 559 714 vehementium
581 658 622 699 au
644 577 688 700 ad
708 639 867 722 singulas,
888 646 928 699 ut
948 635 990 699 ad
1010 647 1147 717 metum,
1168 639 1282 703 libidi-

69 786 74 796 ,
124 742 213 801 nem,
242 722 398 806 reliquas,
430 722 545 784 melius
563 719 770 787 adhibeatur
797 721 922 783 oratio:
956 728 989 782 et
1008 729 1127 799 utrum
1154 719 1288 784 illudne·

123 908 207 960 binus
224 894 468 962 edidissa'dicitur
484 905 581 972 etiam,
600 907 648 961 Or.
660 917 729 960 vero
748 923 812 960 eum
831 905 903 960 enirn
921 905 1058 960 exhibere
1076 906 1180 970 refert)
1199 868 1280 979 sylb.
1353 884 1366 923 1
1411 927 1418 940 .

123 980 206 1032 Boul.
243 981 366 1035 Quatucr
386 979 611 1047 perturbationes
637 978 774 1052 intellige
800 977 989 1046 Cuspiditatem
1014 985 1043 1030 et
1066 976 1218 1032 laetitiam
1246 997 1282 1033 ex

117 1049 231 1103 duobus
249 1051 372 1119 opinatis
391 1050 480 1112 bonis,
499 1051 608 1102 Melum
627 1056 653 1102 et
671 1048 885 1117 Aegritudinem
900 1056 939 1101 ‘ex
958 1049 1062 1100 duobus
1079 1051 1203 1119 opinatis
1223 1067 1293 1118 mag

124 1119 171 1174 lis.
210 1119 377 1174 Universum
393 1119 627 1189 perturbationem
645 1120 680 1172 ad
699 1129 829 1190 nostrum
847 1136 958 1172 morem
982 1119 1113 1172 dicerent
1137 1120 1285 1174 recentio-

123 1207 187 1243 res:
206 1190 454 1261 perturbationem
472 1190 502 1240 in
520 1191 667 1254 universo,
684 1191 734 1243 vel
752 1191 782 1240 in
800 1199 872 1254 tota,
894 1190 944 1242 vel
962 1191 1096 1242 universe
1115 1192 1278 1264 cogitatam.

124 1260 234 1331 Scripsi
257 1269 351 1313 autem
375 1259 552 1329 aspernatio‚'
577 1279 634 1314 non
659 1262 853 1328 adspernatio
877 1277 944 1312 aum
970 1261 1044 1325 aliis,
1076 1269 1170 1312 motus
1197 1269 1227 1313 et
1245 1262 1280 1313 iis

123 1331 283 1384 rationibus
301 1349 369 1400 quas
391 1330 491 1395 attulit
508 1331 690 1384 Doederlein.
710 1333 772 1386 Lat.
792 1330 900 1401 Synon.
925 1349 953 1381 u.
972 1331 1102 1400 Etymol.
1122 1333 1159 1384 11.
1179 1350 1207 1402 p.
1229 1334 1280 1387 178

124 1419 187 1470 sqq.
208 1403 275 1456 coll.
294 1400 469 1454 Additamm.
494 1402 528 1453 ad
550 1396 602 1454 111.
629 1419 656 1471 p.
677 1404 738 1456 323.
758 1418 809 1470 sq.
829 1409 858 1452 et
876 1401 1013 1475 analogia!
1030 1401 1137 1454 veteris
1159 1419 1282 1473 praepo-

124 1474 236 1525 sitionis
259 1472 337 1538 subs,
369 1489 440 1540 quae
464 1470 614 1523 simillima
641 1477 682 1524 est
708 1472 794 1522 altari
812 1473 871 1524 abs.
908 1473 949 1523 Ut
967 1488 1036 1524 vero
1055 1472 1203 1537 sustinere,
1232 1482 1281 1525 s'u-

123 1546 231 1612 spicere
254 1544 363 1595 dicitur
387 1557 440 1612 pro
456 1543 629 1615 >substinere
655 1542 824 1609 subspicere,
850 1542 890 1593 ita
913 1547 1059 1608 asportare
1078 1551 1109 1593 et
1131 1546 1282 1610 aspernari
1385 1598 1391 1616 ,

123 1631 177 1684 pro
196 1614 359 1682 absportare
383 1621 412 1665 et
439 1611 612 1680 adspernari.
633 1639 666 1651 -
700 1613 734 1664 ln
753 1629 831 1681 seqq.
852 1613 925 1664 Gud.
946 1615 971 1666 2.
1001 1611 1117 1664 exhibet
1141 1612 1282 1681 appetitus

123 1683 300 1737 aelementer.
336 1684 412 1735 Tum
430 1683 517 1735 ltlarb.
538 1690 597 1735 aut
614 1683 653 1736 ad
669 1681 809 1749 singulas,
827 1682 900 1756 Aug.
920 1688 952 1734 ut
970 1689 1080 1746 metum,
1105 1684 1206 1736 osnbso
1226 1684 1279 1749 ad;

123 1755 221 1807 Duisb.
241 1761 272 1807 et
291 1752 438 1807 libidinem
457 1760 487 1805 et
503 1753 677 1820 reliquas.
699 1754 773 1805 Gud.
794 1757 833 1807 1..
846 1752 1029 1805 lubidinem·
1054 1754 1113 1806 Mr.

195 1840 330 1911 reliquas]
366 1841 461 1915 Vulgo
480 1840 681 1912 reliquasque.
720 1832 864 1910 Obsequor
887 1841 973 1894 Codd.
998 1843 1067 1913 Reg.
1096 1841 1138 1904 (in
1162 1850 1282 1910 quaest
1359 1857 1363 1864 ’

82 1964 86 1979 .
124 1911 272 1982 reliquias)
289 1912 385 1964 Duisb.
399 1915 480 1964 Mon.
504 1917 526 1966 1.
546 1912 610 1982 (qui
625 1919 809 1982 praeponunt
828 1911 866 1976 et)
885 1912 936 1963 uni
956 1912 1006 1965 Ox.
1027 1912 1101 1966 Gud.
1117 1917 1141 1967 1.
1158 1915 1184 1967 2.
1205 1913 1278 1988 Aug.

123 1984 213 2035 Marb.
243 1991 272 2036 et
295 1984 335 2034 ita
359 1982 510 2035 ediderunt
533 1982 579 2035 Or.
606 1991 635 2035 et
658 1983 731 2034 Tbn.
768 1985 822 2035 Pro
847 1983 938 2036 oratio
966 1984 997 2033 in
1015 1983 1067 2034 Ed.
1088 1985 1114 2036 2.
1150 1981 1282 2035 Davisius
1323 2007 1330 2016 ’

124 2055 238 2124 recepit
254 2053 596 2131 Bentleiiconiecturapn
624 2055 760 2107 caratia-
780 2052 953 2105 Bouhierius
977 2053 1157 2117 existimabat
1180 2053 1283 2127 legen·

124 2124 193 2176 dum
217 2142 276 2177 esse
300 2125 385 2188 ratio,
415 2141 481 2176 cum
508 2138 591 2193 supra
619 2125 777 2176 scribatur:
816 2124 882 2176 bene
905 2121 1031 2176 adbibita
1057 2123 1160 2176 ratio
1184 2123 1281 2190 cerriti

124 2197 192 2262 quid
208 2195 341 2264 optimum
360 2194 415 2246 sit:
435 2204 464 2247 et
483 2196 596 2247 confert
614 2195 668 2252 111.
687 2197 741 2249 33:
758 2194 867 2247 edocuit
886 2201 978 2247 tamen
997 2194 1082 2258 ratio,
1100 2195 1150 2245 ubi
1159 2194 1228 2246 Dav.
1249 2196 1281 2247 in

123 2266 177 2319 Ed.
198 2268 222 2318 l.
247 2266 308 2341 legi
325 2262 457 2317 voluerit
472 2263 578 2329 orado,-
596 2265 646 2316 ubi
663 2283 691 2320 v.
711 2274 806 2318 annot.
833 2266 1014 2339 Ingeniosam
1040 2265 1110 2317 dicit
1128 2266 1309 2326 Kiihnerus*

123 2337 251 2389 Bentleii
269 2337 475 2399 coniecturam,
494 2352 548 2387 nec
566 2344 664 2387 tamen
681 2350 795 2389 veramt
814 2337 881 2389 coll.
902 2335 924 2400 b.
944 2339 987 2391 62.
1009 2343 1090 2389 estu·
1103 2335 1230 2389 Wolfius
1250 2337 1283 2388 in

123 2406 229 2459 scholis
248 2424 305 2459 non
324 2406 511 2458 necessariam
529 2420 589 2458 esse
607 2405 648 2457 ait
664 2406 792 2458 Bentleii
812 2403 1049 2470 emendationem,
1070 2423 1135 2457 cum
1154 2407 1283 2460 oratione

71 2500 74 2513 ·
125 2478 187 2546 ipsa
205 2479 256 2529 fiat
274 2478 397 2549 curatio,
417 2483 446 2528 et
464 2475 705 2549 Latineldicatur,
724 2475 801 2527 haud
818 2477 999 2529 incommode
1018 2474 1150 2529 adbibere
1173 2471 1281 2531 oratio-

124 2563 196 2604 nem.
233 2547 418 2614 consertor.
438 2545 594 2616 Philippis.
616 2547 658 2610 14,
677 2543 699 2610 5.
719 2548 768 2601 34:
797 2546 893 2614 aliqua
918 2544 1048 2611 tulistis
1069 2546 1180 2614 publice
1199 2543 1281 2601 astttss

124 2619 185 2672 beri
200 2624 294 2686 posset
313 2617 413 2681 oratio,
432 2616 483 2667 ubi
500 2617 597 2669 Burm.
616 2624 735 2685 practer
752 2617 950 2670 necessitatem
965 2616 1089 2680 rnalebat
1103 2618 1280 2681 consolatio:
1346 2656 1348 2661 ,

123 2690 218 2742 facere
237 2697 334 2742 tamen
352 2688 394 2739 ait
413 2703 479 2741 aum
496 2685 628 2739 Bentleio
646 2685 731 2751 Godd.
751 2687 843 2740 liehd.
869 2695 899 2740 et
916 2687 1013 2738 Duisb.
1040 2686 1194 2755 [posterior
1217 2688 1282 2757 qui-

123 2759 189 2814 dem
211 2776 268 2812 non
291 2759 322 2810 h.
341 2759 363 2810 1.
391 2754 440 2810 sed
468 2757 567 2828 paullo
594 2757 726 2827 superius
750 2761 809 2812 al.
835 2774 873 2808 m.
902 2773 955 2827 pru
971 2755 1136 2810 medicina:
1172 2758 1281 2842 prioris
1378 2827 1382 2836 ἣ

122 2839 249 2965 ppoptpr¹
262 2827 624 2952 captiuuapnpp’zrpptianes
643 2827 853 2949 apctoritaptenEt2
862 2825 1125 2950 esseierpuullpirp
1137 2828 1280 2951 puppup]

124 2917 194 2954 e.
255 2915 356 2952 :uec
383 2913 401 2950 a
440 2914 450 2949 s
486 2912 714 2951 accurato
741 2913 790 2949 es.
874 2913 969 2950 osso
1005 2914 1057 2949 rmr
1118 2916 1180 2952 rie
1222 2916 1360 2952 sev<

117 2980 191 3024 *rent
213 2971 335 3034 curatio,
363 2967 441 3019 nihil
464 2982 624 3019 moverem:
651 2982 729 3019 nuno
749 2915 1000 3026 veramgexistindo
1024 2968 1182 3041 vulgatam,
1209 2958 1280 3038 quae

123 3041 272 3104 neminem
296 3039 379 3091 debet
404 3034 557 3089 offendere.
594 3037 636 3090 Ut
659 3036 756 3106 paucis
779 3036 930 3112 defungar,
953 3038 1091 3106 vid.‚nos
1114 3038 1281 3094 adilinda
1337 3051 1340 3054 ’

122 3113 213 3238 lagap-
240 3112 263 3166 1.
270 3111 331 3232 apd.
368 3126 398 3179 p·
423 3111 484 3163 116.
515 3105 586 3176 ibiq.
619 3105 725 3160 laudd'
745 3105 816 3163 Add.
849 3124 900 3160 nos
927 3107 963 3161 ad
990 3108 1024 3162 de
1049 3108 1147 3161 Divin.
1173 3111 1211 3164 11.
1236 3111 1279 3164 26.

91 3199 96 3205 s
122 3199 152 3253 P’
207 3184 233 3236 9⁶
306 3195 330 3234 r·
502 3186 505 3190 Α
705 3189 712 3231 ,“
774 3239 776 3242 -
992 3231 1001 3248 0
1088 3247 1090 3251 .

195 3261 631 3335 Meliueadbibeatururatiol
651 3257 1099 3337 cl.213entlstop1acetcurauo.
1137 3266 1191 3337 1).

193 3358 237 3412 Et
262 3364 355 3412 utrum
379 3356 488 3408 illudne
505 3386 538 3399 -
558 3356 680 3410 tollenda
706 3355 817 3410 omuino
844 3356 1027 3424 aegritudm]
1064 3357 1152 3410 Haec.
1167 3364 1281 3409 tantum

124 3424 229 3482 clarius
248 3430 394 3500 explicant
413 3427 452 3494 id,
471 3425 548 3495 quod
564 3445 650 3496 supra
665 3435 802 3496 posuerat
819 3427 935 3479 Tullius
942 3447 955 3480 :1
973 3436 1007 3479 ut
1031 3427 1107 3479 mihi
1124 3428 1282 3502 legendum

84 3502 87 3507 “
122 3502 270 3554 videatur:
308 3500 346 3553 id
373 3504 437 3563 eat,
468 3504 564 3551 utrum
587 3497 695 3551 illudne
716 3513 770 3550 non
796 3497 928 3563 uideatur
954 3529 988 3550 -.
1016 3497 1130 3552 omnino
1155 3500 1281 3552 tollenda

124 3570 285 3637 aegritudo.
327 3569 407 3636 Quod
433 3569 458 3622 'si
481 3568 547 3636 quis
570 3567 654 3631 haec·
669 3569 765 3622 omnia
795 3568 959 3641 glossatoris
986 3586 1047 3622 esse
1072 3567 1194 3633 censeat,
1222 3584 1282 3620 nun

124 3640 260 3710 equidem
276 3657 329 3710 rep
371 3638 472 3692 nabo.“
489 3639 563 3692 Dua.
582 3634 635 3693 Ed.
652 3642 682 3694 2.
720 3640 812 3704 „Non
835 3640 962 3691 adducor
981 3639 1028 3691 his
1052 3639 1220 3704 rationibus,
1249 3647 1282 3692 ut

124 3719 220 3765 totum
238 3710 314 3762 illud
332 3709 484 3785 gaesatori
500 3719 652 3781 acceptum
670 3711 805 3762 referam.
828 3711 919 3762 Nam
936 3711 1098 3779 saepissime
1121 3711 1192 3763 duae
1219 3706 1301 3763 sen-³

123 3782 233 3836 tentiae
251 3781 293 3832 sio
312 3788 533 3841 connectuntur,
561 3789 595 3832 ut
612 3781 757 3850 posterior
780 3781 916 3851 explanet
940 3780 1138 3833 tantummodo
1164 3789 1193 3833 et
1212 3781 1282 3833 illn-

86 3883 89 3888 ·
123 3860 198 3905 stret
224 3851 363 3922 priorem,
388 3849 468 3903 nihil
492 3850 639 3922 amplius..
663 3849 756 3922 Supra
780 3869 804 3903 c.
825 3855 874 3906 12:
894 3877 927 3889 -
954 3867 1025 3921 quae
1044 3851 1078 3905 ab
1105 3853 1152 3906 ira
1171 3851 1282 3918 differt,

125 3929 247 3990 estque
271 3921 351 3974 aliud
375 3929 431 3974 cet.
460 3938 531 3989 quae
557 3923 717 3991 posteriora
734 3939 802 3974 cum
827 3938 942 3976 omnem
959 3923 1138 3995 glossematis
1157 3923 1283 3992 speciem

123 4011 193 4066 prae
217 4010 247 4045 se
269 3994 377 4057 ferant,
404 3991 547 4061 impunita
568 3998 665 4044 umen
688 3993 721 4044 ab
740 3993 806 4044 intt.
827 3993 943 4045 dimissa
969 4002 1048 4046 sunt:
1081 3994 1177 4058 credo,
1205 3993 1283 4061 quod

82 4123 88 4128 ,
123 4065 222 4121 eadem
241 4079 356 4133 quoque
374 4068 580 4115 commemorat
597 4061 709 4114 Nonius
726 4063 938 4127 astrueretur.
956 4063 1027 4117 Add.
1047 4064 1087 4117 11.
1107 4066 1133 4120 4.
1155 4089 1187 4101 -
1208 4062 1280 4116 lubi-

83 4159 84 4162 ’
123 4142 181 4202 tur,
198 4141 343 4204 artenepue
362 4141 416 4187 cet.
437 4132 523 4184 Finn.
542 4131 595 4185 111.
615 4134 650 4187 21
672 4161 703 4174 -
719 4146 803 4198 posse
818 4133 942 4201 emungi.
962 4140 992 4187 et
1012 4133 1148 4204 quidquid
1166 4143 1224 4188 cet.
1239 4133 1280 4185 11.

122 4210 150 4264 4.
164 4223 221 4276 par
240 4206 356 4270 Graeco,
384 4208 416 4257 et
439 4203 514 4273 quod
536 4201 611 4256 idem
635 4203 801 4256 ualeat‘N.
819 4203 904 4257 Deor.
924 4205 978 4257 111.
1000 4208 1041 4259 12.
1067 4237 1100 4248 -
1125 4220 1159 4258 ne
1175 4203 1295 4257 indioi-'

103 4278 344 4346 'dmnnquidem
363 4272 686 4330 asserebantur
707 4300 739 4312 -
757 4272 960 4328 dubitationem
985 4275 1026 4329 de.
1038 4275 1164 4330 omnibus
1188 4273 1281 4337 rebus,

81 4401 85 4405 .
124 4353 153 4400 et
170 4348 248 4402 cet.“
271 4348 413 4418 Wopkens.
438 4345 458 4397 l.
480 4361 505 4398 e.
530 4361 558 4416 p.
580 4345 632 4400 136
650 4361 692 4429 sp.
729 4343 819 4398 Probo
836 4344 1011 4416 Wopkensii
1038 4344 1225 4400 sententiam:
1251 4349 1282 4396 ot
1364 4373 1367 4379 ,

124 4419 186 4488 ipss
203 4417 272 4473 Dav.
292 4419 324 4473 in
340 4417 414 4474 lidd.
433 4432 513 4488 seqq.
532 4431 592 4471 uon
609 4413 726 4486 institit
736 4415 793 4471 suis
811 4415 1018 4473 conecturtsf‘
1053 4412 1142 4470 Βοιώ.
1313 4436 1317 4441 ·
1336 4433 1366 4445 ··
