2842 5070
523 272 651 356 trees
672 292 732 372 111,
753 292 832 358 9.·
972 290 976 295 ·
1183 293 1227 360 oa

77 459 232 522 videtur:
255 460 295 523 ab
316 459 489 522 invidendo
510 465 621 520 autem
646 458 825 522 invidentia
844 467 937 520 recte
957 455 1026 518 dici
1047 466 1167 540 potest,
1188 467 1229 521 ut

78 545 274 627 effugiamus
296 543 487 626 ambiguum
509 560 628 602 nomen
648 542 807 621 invidiam
829 538 918 621 quod
930 540 1071 601 verbum
1092 539 1228 603 ductum

76 633 126 685 cst
147 643 167 685 a
186 627 280 687 nimis
300 625 453 686 intuendo
474 622 642 684 fortunam
663 624 815 702 alterins,
837 630 876 683 ut
896 630 948 684 est
966 622 1002 681 in
1017 621 1226 705 Melanippes

55 812 130 866 sed.
149 820 208 864 vet.
234 819 264 862 et
285 811 438 881 pleraeque
456 809 538 863 aliae.
577 809 648 876 Quas
669 827 736 863 cum
753 817 866 863 secutus
890 816 962 862 esset
980 808 1050 862 Dav.
1076 810 1109 861 in
1127 810 1170 862 ed.
1192 814 1228 876 l.,

78 885 109 935 in
128 881 310 951 sequentibus
329 882 436 934 delevit
459 879 499 946 in,
528 881 605 964 quod
629 881 770 934 osnittunt
794 881 905 949 aliquot
925 879 1012 943 [Godd.
1037 878 1069 932 in
1094 880 1140 932 his
1154 878 1227 957 Reg.

78 963 109 1007 et
126 971 199 1005 unus
217 951 295 1005 Leid.
334 951 425 1016 Quum
442 969 513 1005 vero
531 967 561 1004 aa
580 952 618 1003 sit
634 952 710 1022 apud
727 950 856 1004 Nonium
880 949 1060 1016 Marcellum,
1083 949 1116 1005 s'n
1133 968 1229 1011 serva,-

27 1055 30 1062 ·
78 1033 143 1076 tum
168 1020 297 1074 malim.“
325 1021 458 1075 Bouhier.
496 1021 620 1088 „Delevi
645 1023 676 1076 in
704 1041 771 1075 cum
793 1020 932 1085 Davisio,·
946 1038 1000 1074 nec
1018 1022 1049 1074 id
1064 1020 1151 1075 habet
1168 1020 1226 1075 MS.

77 1093 173 1147 Guelf.
194 1110 258 1144 nam
276 1093 311 1146 de
336 1093 394 1146 solo
411 1093 507 1146 -verbo
530 1091 693 1161 loquitur.“
719 1093 787 1146 lira.
825 1091 1002 1166 „Vulgatum
1028 1091 1069 1144 ia
1092 1091 1229 1147 invidiam

76 1169 112 1216 ne
131 1164 195 1234 quis
214 1164 321 1216 dixerit
340 1181 398 1217 esse
416 1164 529 1216 falsum.
563 1164 598 1215 In
617 1172 712 1216 autem
732 1163 864 1217 excidere
883 1163 998 1215 facilius
1016 1164 1122 1232 potuit,
1142 1181 1229 1234 quam

76 1235 222 1287 intrudi.“
239 1233 350 1287 Nissen.
388 1235 503 1288 Rectius
520 1235 591 1287 Ern.
628 1235 668 1287 Et
686 1233 812 1287 abestis
838 1251 855 1286 a
879 1242 989 1303 septem
1013 1234 1082 1285 Oxx.
1108 1235 1182 1287 Gud.
1203 1238 1226 1290 l.

75 1309 101 1361 2.
121 1305 194 1379 Aug.
219 1305 292 1358 Gud.
318 1305 407 1358 Rehd.
432 1305 531 1357 Duisb.
557 1307 631 1358 Mon.
654 1309 676 1358 1.
697 1306 722 1357 2.
750 1304 822 1357 Ede.
842 1303 876 1356 A.
894 1304 926 1370 B.
946 1304 974 1358 S.
994 1302 1028 1356 Ε.
1049 1304 1079 1356 C.
1099 1307 1133 1357 l‘.
1158 1304 1226 1358 R'ob.
1281 1322 1290 1333 ·
1315 1316 1321 1331 ‘

76 1364 175 1447 Steph.
195 1379 265 1430 Ven.
285 1385 373 1429 nostr.
394 1375 459 1429 Asc.
479 1379 505 1430 2.
529 1375 598 1427 Dav.
619 1392 647 1427 se
670 1392 698 1443 q.
735 1374 797 1431 Mr.

148 1449 223 1502 Quae
241 1453 298 1499 turn
317 1454 359 1501 est
377 1464 438 1500 cam
458 1445 615 1511 invidetur]
650 1393 703 1498 iic
721 1442 837 1498 Codices
860 1454 890 1498 et
909 1445 1022 1498 Nonius
1046 1444 1077 1496 in
1099 1444 1199 1499 Invidi

75 1517 178 1570 Nihilo
205 1527 302 1570 tamen
329 1518 423 1569 minus
449 1534 495 1569 res
520 1518 579 1586 ipsa
605 1514 731 1585 postulat
758 1523 792 1566 ut
817 1517 945 1588 legamus
969 1530 1039 1584 quae
1064 1524 1092 1568 et
1110 1522 1170 1569 tum
1187 1460 1370 1625 ehje..

78 1605 139 1640 cum
157 1588 307 1653 invidetur,
326 1597 414 1657 prout
432 1587 595 1640 emendavit
612 1586 656 1639 Gl.
675 1586 840 1652 Bentleius;
866 1595 914 1637 aut
932 1602 1001 1653 quae
1019 1587 1090 1637 item
1109 1597 1150 1639 est
1168 1600 1229 1639 cam

75 1653 228 1712 inridetur.
272 1660 332 1709 Hac
361 1659 395 1710 de
423 1675 519 1709 caussa
545 1655 685 1709 invidiam
718 1655 817 1726 paullo
845 1664 909 1726 post
939 1654 1101 1723 ambiguam
1131 1673 1230 1711 nomen

74 1737 171 1781 vocat:
193 1737 221 1780 et
239 1727 351 1780 invidia
369 1743 423 1780 aon
441 1730 471 1780 in
490 1743 521 1779 eo
540 1727 587 1794 qai
604 1727 714 1779 invidet
732 1729 821 1778 solum
840 1725 954 1792 dicitur,
973 1728 1025 1779 sed
1042 1726 1130 1803 etiam
1147 1725 1179 1781 ia
1196 1742 1229 1797 eo

60 1797 122 1850 'cut'
140 1798 293 1863 invidetur,
313 1795 551 1865 quemadmodum
567 1796 700 1864 loquitur
719 1797 796 1847 infra
813 1796 861 1860 IV,
881 1801 906 1850 7.
942 1797 979 1850 D.
1213 1808 1217 1817 ’

149 1885 219 1938 qaue
237 1874 293 1920 tane
313 1873 363 1932 est,
383 1883 464 1936 quum
482 1863 645 1932 invidam]
682 1867 791 1929 „Recte
816 1865 885 1917 Dav.
905 1874 969 1935 post
985 1866 1150 1920 Bentleium
1168 1868 1229 1920 ani-

74 1939 232 1992 madvertit
250 1939 344 1992 deesse
362 1938 412 1989 hic
429 1936 572 1989 nonnihil.
610 1933 732 1989 Invidia·
750 1935 829 1989 enim
852 1951 909 1986 non
933 1936 1028 1988 minus
1052 1937 1087 1990 de
1106 1954 1138 1990 eo
1157 1938 1229 1991 dici-

75 2017 134 2074 tur,
167 2010 218 2079 qui
246 2009 366 2073 invidet,
399 2024 483 2077 quam
510 2007 559 2059 cui
589 2006 745 2079 inqidetur.
786 2005 1074 2080 Querelambiguum
1104 2023 1161 2063 esse
1187 2009 1229 2060 ait

76 2096 180 2132 nomen
199 2080 333 2131 invidiae.
374 2078 465 2143 Quare
488 2077 553 2130 fleri
572 2074 685 2147 nequit,
714 2085 749 2127 ut
766 2077 882 2130 nonnisi
909 2077 1100 2146 posteriorem
1118 2078 1146 2129 ei
1163 2078 1231 2130 voci

76 2149 142 2202 dare
160 2151 288 2203 voluerit
307 2150 330 2200 si
353 2148 558 2201 nificationem.
577 2147 724 2200 Bentleius
743 2148 871 2200 correxit
889 2161 958 2216 quoe
976 2153 1009 2199 et
1027 2152 1085 2200 tum
1103 2153 1155 2213 est,
1180 2147 1229 2200 vel

75 2237 145 2288 quae
155 2220 221 2274 item
234 2228 283 2274 est.
342 2237 377 2295 go
396 2219 500 2272 velim:
521 2235 591 2290 quae
609 2220 718 2272 etiam
736 2225 787 2283 est,
807 2233 888 2288 quam
899 2215 1074 2270 invidetur.“
1091 2214 1227 2271 Bouhier.

74 2292 131 2356 „In
150 2308 219 2361 quae
235 2299 292 2344 tum
310 2297 353 2343 est
371 2297 510 2361 putavere
528 2290 588 2341 viri
606 2288 683 2343 docti
701 2288 795 2341 deesse
814 2295 841 2341 et
858 2289 906 2340 vel
924 2290 1020 2342 etiam.
1040 2290 1162 2341 frustra.
1184 2287 1229 2342 in·

74 2361 154 2413 vidia
173 2370 215 2414 est.
233 2361 266 2414 de
285 2369 364 2413 actu:
394 2359 552 2415 invidentia
579 2368 621 2412 est
643 2358 801 2411 de·vitio.“
819 2359 889 2411 Era.
926 2357 1097 2424 „Assentior
1113 2359 1229 2412 Davisio

75 2439 105 2483 et
128 2431 294 2496 Bouhierio‚
323 2431 454 2500 quamvis
482 2431 630 2506 vulgatam
659 2429 727 2480 satis
756 2429 880 2500 speciose
913 2429 1046 2482 defendat
1078 2430 1227 2484 Ernestus'.

75 2502 151 2554 Nam
167 2502 298 2572 primum
326 2502 356 2554 id
381 2499 537 2553 discrimen
560 2517 619 2553 non
638 2498 746 2564 effecit,
775 2503 814 2550 'ut
839 2496 965 2552 invidiae
987 2500 1108 2552 verbum
1126 2501 1229 2555 Cicero

73 2572 189 2636 vitaret,
209 2590 273 2623 nam
292 2570 491 2624 misericordia
509 2581 539 2624 et
549 2570 700 2645 aegritudo
717 2566 843 2638 utroque
858 2568 942 2624 modo
953 2568 1099 2635 dicuntur.
1118 2569 1229 2626 Deinde

76 2643 157 2694 eIV.
178 2647 203 2696 7.
224 2647 265 2698 16.
286 2643 353 2694 satis
372 2642 477 2708 elucet,
501 2656 587 2708 quam
606 2642 722 2694 obrem
745 2637 886 2696 insidiam
904 2640 1006 2692 Cicero
1025 2641 1123 2695 dicere
1140 2643 1229 2695 nolit:

76 2712 191 2765 scilicet
209 2714 285 2782 quod
302 2712 411 2764 invidia
430 2713 518 2765 etiam
540 2710 573 2763 in
592 2728 624 2764 eo
649 2711 772 2776 dicatur,
801 2710 850 2763 cui
869 2709 1052 2764 invideatur.
1080 2711 1175 2781 Atque
1194 2729 1232 2766 ex
1330 2736 1337 2760 i

74 2781 131 2834 hoc
149 2783 213 2835 loco
233 2800 308 2847 eum,
327 2784 378 2852 qui
397 2784 428 2834 in
446 2783 575 2835 manibus
595 2790 647 2847 est,
665 2776 815 2834 verissime
831 2781 873 2833 sic
891 2781 1106 2835 rescribendum
1113 2791 1228 2853 putem:

75 2851 220 2918 invidiam,
253 2866 321 2921 quoe
344 2852 448 2905 etiam
471 2854 508 2906 ''a‘n
535 2869 572 2905 eo
596 2857 646 2918 est,
674 2851 720 2903 cui
737 2850 913 2905 invidetur.“
930 2850 1042 2906 Nissen.
1078 2855 1231 2937 Perperam
1326 2861 1330 2866 “

76 2921 161 2974 Schz.
181 2923 274 2975 refert
282 2922 470 2974 Bouhierium
490 2922 645 2987 coniecisse
664 2924 826 2976 etiamtum.
859 2922 1065 2976 Ceterumeius
1084 2931 1231 2981 consectu-

75 3009 138 3043 ram
158 2992 245 3044 eliam
262 2993 374 3060 recepit
392 2992 537 3048 FAWolf.
559 3001 669 3062 etpost
687 3009 754 3044 eum
771 2992 852 3044 Kocl.
887 2994 969 3046 Libri
987 2994 1019 3044 in
1038 3000 1095 3046 tum
1114 2996 1233 3048 consen·

74 3061 165 3125 siunt,
198 3060 255 3112 nisi
278 3062 354 3129 quod
379 3061 453 3113 Gud.
476 3067 498 3114 1.
524 3061 610 3114 habet
627 3078 699 3127 cum,
713 3062 804 3114 ‘Gud.
825 3070 854 3114 et
876 3063 974 3115 Duisb.
997 3062 1037 3119 tri.
1074 3065 1162 3117 Recte
1181 3066 1229 3118 Or.

12 3184 15 3188 ,
76 3129 203 3196 „Sensus
222 3138 272 3196 est,
292 3131 343 3196 ait,
364 3147 420 3199 quo
430 3131 566 3183 vocabulo
586 3137 644 3183 tum
662 3132 770 3184 rectius
787 3138 880 3197 utare,
900 3140 991 3202 quum
1007 3132 1095 3184 alicui
1114 3134 1146 3185 ab
1165 3133 1232 3186 aliis

75 3201 233 3265 invidetur,
254 3212 340 3268 quam
359 3218 447 3270 quum
466 3207 503 3252 'tu
522 3201 582 3270 ipse
601 3200 687 3253 alteri
704 3200 847 3265 invideas;
875 3219 947 3270 quae
972 3211 1014 3254 est
1036 3203 1132 3271 potius
1157 3200 1231 3256 tnui·

76 3270 221 3325 ἄσκωμ’
244 3273 341 3345 Pergit
362 3271 435 3325 Gu'd.
455 3272 532 3323 dum
550 3270 696 3324 invidetur.
722 3269 808 3321 vind.
830 3273 854 3324 1.
873 3273 899 3325 2
928 3271 989 3337 (hic
1007 3273 1038 3323 in
1057 3271 1160 3348 marg.)
1180 3274 1233 3326 ha-

76 3342 146 3396 bent
160 3352 227 3413 post
244 3340 316 3395 haec
335 3343 369 3394 ab
387 3343 594 3407 invidente,
614 3344 687 3394 Men.
701 3342 726 3395 2.
748 3358 825 3411 apr.
842 3357 881 3397 m.
901 3341 936 3392 ab
954 3342 1134 3411 intuendo.
1155 3344 1229 3399 Gud.

76 3414 150 3467 enim
166 3430 220 3483 pro
238 3419 338 3466 autem.
375 3412 451 3464 Tum
466 3410 564 3464 Duisb.
585 3418 660 3465 recte
676 3409 841 3465 invidentia.
862 3411 934 3467 Gud.
951 3416 965 3466 1
980 3422 1000 3464 ‘a
1017 3421 1056 3464 'r.
1068 3432 1106 3465 m.
1126 3421 1230 3469 rectae.

76 3483 151 3535 uon.
172 3488 195 3537 1.
222 3484 334 3536 omittit
361 3482 430 3536 etat.
458 3482 547 3536 neue.
571 3481 658 3534 nasot
684 3487 714 3535 n
738 3481 917 3548 effugiam.
947 3450 1004 3551 ris
1025 3522 1031 3535 .
1052 3486 1078 3539 a.
1103 3484 1231 3540 sanatae

76 3567 180 3607 nomen.
218 3553 330 3607 Habent
353 3553 489 3607 dictum
506 3559 549 3622 est
576 3553 687 3622 aliquot
705 3552 775 3604 Oxx.
794 3553 881 3605 Marb.
904 3550 988 3641 (ἔμ’,
1013 3572 1087 3606 unus
1106 3555 1156 3608 Ox.
1175 3556 1230 3610 itt·

77 3620 209 3677 dictum
231 3631 279 3677 est.
317 3626 377 3678 Mr.

132 3712 166 3756 ,α
188 3693 296 3748 nimis
319 3694 468 3760 intuendo]
504 3693 689 3760 „Bentleius
722 3614 1087 3764 quamquamebitanter5
1107 3696 1185 3748 corri
1207 3697 1232 3749 it

78 3762 165 3817 limis.
202 3764 292 3830 Quam
311 3782 363 3839 ego
383 3763 778 3839 coniecturamxingeniosam
796 3758 903 3816 tamen'
909 3774 969 3814 non
987 3766 1157 3835 receperim.
1186 3795 1187 3799 =
1216 3785 1231 3822 e

76 3835 210 3908 vulgatae
235 3835 370 3888 lectionis
397 3836 521 3888 veritate
547 3851 633 3888 nemo
657 3833 806 3899 dubitabit,
834 3822 886 3902 qui
912 3836 1092 3905 reputaverit
1119 3846 1231 3891 veteres

77 3905 263 3971 existimasse,
290 3922 325 3958 ex
350 3906 501 3957 oculorum
519 3906 621 3958 obtutu
640 3903 719 3968 exire
739 3902 872 3974 quasdam
889 3904 972 3974 quasi
990 3906 1039 3957 vel
1061 3908 1166 3959 amoris
1183 3907 1232 3962 iel

77 3975 137 4028 odii
164 3975 290 4050 sagittas,
321 3992 443 4044 quarum
469 3976 581 4028 viribus
606 3975 702 4028 resisti
728 3980 861 4044 nequeat.
918 3975 1086 4028 Posterioris
1116 3978 1231 4051 generis
1308 4015 1311 4021 -
1378 3976 1383 3985 '

78 4046 193 4098 obtutus
211 4045 392 4166 appellabant
406 4045 624 4110 ⁴fttscs‘natioaes.
644 4044 707 4096 Vid.
727 4040 912 4097 Plutarch.’S
943 4061 1025 4114 npos.
1045 4048 1078 4097 V.
1090 4049 1114 4099 7.
1129 4066 1157 4117 p.
1168 4051 1229 4106 681.

76 4116 164 4168 Mich.
183 4117 246 4168 Psel
261 4132 291 4168 us
310 4114 344 4168 de
364 4116 503 4176 Omnifar.
517 4116 656 4169 Doctrina
673 4132 698 4168 o.
718 4117 764 4173 82.
785 4131 872 4184 quem
890 4129 904 4167 e
925 4114 980 4166 idit
998 4116 1025 4167 J.
1037 4117 1071 4168 A.
1083 4116 1231 4170 Fabricius

78 4185 112 4237 ad
131 4186 201 4238 calc.
220 4187 293 4240 Bibl.
314 4186 364 4241 Gr.
385 4185 419 4237 T.
439 4187 472 4238 V.
502 4185 562 4250 [ubi
580 4204 607 4237 v.
627 4203 690 4261 pag.
709 4186 781 4252 ne]
806 4183 927 4236 Bisciola
953 4185 1055 4237 Horar.
1085 4186 1229 4239 Subseciv.

78 4254 110 4306 T.
130 4258 168 4309 11.
188 4257 251 4310 Lib.
271 4259 297 4312 3.
317 4274 342 4309 c.
363 4259 388 4311 6.
419 4254 462 4325 [p.
483 4258 536 4311 224
547 4257 668 4322 432]
687 4255 808 4308 Maillet.
828 4254 860 4305 in
877 4252 1020 4325 Descript.
1041 4256 1076 4308 do
1094 4256 1230 4330 l¹Egypte

78 4327 107 4377 P.
127 4326 166 4382 ll.
209 4365 215 4377 .
238 4330 296 4383 113.
316 4327 366 4379 ubi
385 4327 468 4379 docet
485 4327 533 4378 vir
551 4326 658 4392 doctus,
682 4326 768 4381 hodie
795 4341 909 4394 quoque
936 4325 1021 4384 istam
1047 4325 1079 4376 in
1096 4326 1230 4407 Aegypto

79 4396 174 4450 locum
188 4344 295 4451 babere
313 4396 554 4466 superstitionem.
586 4397 704 4453 Graecis
722 4397 781 4450 fuit
800 4394 950 4448 admodum
968 4394 1130 4459 familiaris,
1150 4395 1229 4463 isque
