2842 5070
130 310 172 378 ao
337 305 568 374 clonnoms
591 307 837 376 rusorum.
852 311 1080 376 msrumr.

87 441 90 445 .
131 473 272 540 eundem
287 473 395 566 tondit,
416 483 455 537 ut
475 477 611 548 sarriet,
632 482 672 537 ut
692 477 830 554 victum,
860 477 889 538 si
911 475 1053 558 quando,
1081 495 1116 538 so
1144 495 1214 539 esse
1239 479 1286 538 fa-

128 667 227 733 llcare,
260 663 431 718 vocabulum
457 662 654 731 infractionem
675 672 748 716 ¹tum
775 665 893 735 quidem
924 681 982 717 non
1009 665 1103 717 videri
1135 664 1286 719 admodum

130 738 220 796 luisse
236 735 383 789 usitatum.
424 734 514 801 Quium
540 736 627 788 facile
654 743 749 787 autem
768 735 907 788 eiusmodi
925 752 1008 789 voces
1027 751 1090 788 com
1112 735 1195 788 endio
1213 739 1287 791 scri·

130 817 197 933 Hae
213 815 426 878 pennutentur,
458 822 516 859 non
540 814 583 861 est
607 807 683 876 quod
710 806 834 863 doceam.
852 806 952 872 ·Quod
974 808 1014 858 ait
1031 753 1118 859 Veri.
1142 807 1175 858 in
1192 825 1284 883 ruarg.

160 878 188 936 S.
208 879 278 953 Reg.
304 877 440 929 exhibere
463 882 490 929 et
512 885 577 947 post
602 876 702 945 animi,
732 877 765 930 ab
790 877 855 930 aliis
878 879 1024 942 omissum,
1051 877 1082 929 id
1105 877 1203 930 nescio
1229 896 1286 949 quo

131 965 231 1004 errore
250 948 374 1017 scripsit.
412 948 524 1007 Habent
543 949 620 1000 enim
639 965 701 1000 eam
718 948 851 1001 voculam
869 964 975 1002 omnes.
1013 949 1074 1002 Mr.
1202 951 1217 973 Χ

201 1019 236 1072 1η
255 1034 333 1087 quem
351 1019 434 1071 cadat
453 1049 487 1062 -
506 1018 607 1086 animi]
626 1018 734 1071 Laudat
751 1019 823 1071 haec
840 1019 950 1072 Nonius
969 1020 1000 1070 in
1019 1018 1227 1085 infractionem.
1244 1021 1283 1073 D.

203 1105 275 1159 quae
296 1087 326 1142 io
353 1106 431 1157 queem
452 1090 572 1156 cadunt]
601 1089 746 1143 Gebhardi
772 1108 836 1142 ann.
859 1089 929 1145 vid·
944 1108 1037 1160 supra.
1075 1090 1180 1142 Brutus
1210 1091 1286 1143 hano

132 1158 289 1213 lectionem
307 1178 342 1212 ex
361 1160 428 1214 cdd.
448 1161 562 1231 Gryph.
583 1167 612 1213 et
629 1161 704 1214 Vict.
724 1159 820 1214 laudat
838 1158 1023 1231 [quamquam
1041 1160 1101 1231 ipse
1125 1179 1192 1214 cum
1208 1161 1286 1214 haud

132 1233 229 1300 paucis
249 1231 338 1284 edidit
356 1231 387 1285 in
404 1247 534 1301 quemque
553 1231 597 1298 ea]
617 1231 766 1300 additque:
790 1231 940 1303 persimile
958 1240 1001 1286 est
1018 1231 1104 1284 huius
1123 1232 1200 1302 quod
1218 1249 1286 1286 mox

133 1303 279 1371 sequitur:
308 1303 384 1358 Quae
402 1301 450 1371 qui
467 1302 580 1370 recipit,
605 1301 728 1370 recipiat
746 1301 820 1356 idem
838 1319 947 1356 necesse
965 1302 1038 1355 eet.“
1073 1302 1219 1356 scribitur
1237 1321 1286 1357 ou-

133 1379 189 1426 tem
206 1375 237 1427 iio
256 1389 383 1443 quemque
401 1388 434 1424 eu
461 1374 491 1424 in
516 1373 622 1427 duobus
649 1372 735 1426 Codd.
763 1375 833 1428 Oxx.
857 1373 928 1430 Edd.
953 1374 1017 1427 Ald.
1043 1373 1106 1431 Car.
1127 1374 1227 1445 steph.
1246 1378 1284 1428 M.

133 1445 168 1501 L:
185 1444 265 1496 Brut.
290 1444 339 1496 Fr.
358 1444 440 1497 Fabr.
465 1444 546 1497 Boul.
573 1444 652 1515 Sylb.
682 1443 768 1498 Goth.
805 1444 921 1514 Reliqui
947 1461 1044 1498 omnes
1071 1445 1219 1498 nobiscum
1243 1447 1286 1498 fa·

133 1515 224 1568 ciunt.
254 1514 392 1584 Sequitur
410 1514 441 1565 in
459 1514 512 1568 Ed.
531 1516 581 1568 Fr.
600 1515 683 1568 Febr.
702 1515 735 1569 in
753 1516 867 1568 eundem
886 1517 1023 1569 cadere.
1044 1515 1154 1572 Gudo.
1175 1517 1286 1569 omittit

134 1585 221 1642 audit.
240 1587 306 1638 Mox
323 1588 399 1638 Mon.
419 1591 444 1641 1.
462 1587 489 1644 2.
515 1592 550 1640 et
574 1585 686 1653 victum,
716 1605 783 1640 curn
807 1595 930 1656 quatmr
953 1587 1022 1640 Oxx.
1048 1595 1076 1639 et
1099 1587 1154 1641 Ed.
1174 1589 1205 1639 P.
1241 1587 1286 1639 Ad

128 1657 305 1711 sententiam
322 1659 437 1709 confert
451 1654 607 1710 Beroaldus
624 1657 703 1710 hunc
721 1658 836 1710 Horatii
856 1675 971 1710 versum
998 1655 1101 1727 [Epist.
1120 1659 1143 1711 1.
1165 1661 1206 1712 16.
1227 1657 1283 1724 Mi]

129 1727 185 1785 Qui
201 1734 328 1782 metuens
345 1726 424 1793 uiuit,
442 1727 515 1780 liber
532 1725 607 1780 mibi
623 1745 677 1781 non
696 1727 752 1781 erit
775 1742 902 1797 amquam.
940 1728 1001 1781 Mr.

197 1821 231 1870 'ut
249 1816 356 1870 victum
374 1815 526 1884 aliquando
548 1833 608 1870 eece
627 1833 656 1871 oe
678 1817 813 1884 fateatur]
848 1816 918 1882 „Sic
943 1817 1027 1882 edidi,
1059 1824 1172 1870 nostros
1195 1818 1285 1872 libros

128 1895 241 1941 veteres
259 1886 337 1942 MSS.
357 1894 486 1941 secutus:
508 1905 632 1958 quorum
647 1886 767 1958 'quidam
785 1889 826 1940 sic
843 1889 929 1958 plane
948 1887 1055 1942 habent
1070 1895 1107 1941 ut
1131 1891 1236 1943 uictum
1257 1890 1286 1943 oi

128 1959 236 2027 mando
254 1975 314 2012 ease
332 1958 518 2024 refutentur.
553 1959 621 2027 Quis
639 1975 698 2012 non
716 1959 804 2024 videt,
824 1957 880 2012 hoc
898 1957 931 2027 ei·
944 1960 1052 2027 quando
1072 1977 1131 2013 esse
1149 1961 1286 2031 deprava-

128 2038 192 2084 tum
219 2037 249 2086 et
273 2030 307 2082 ab
332 2037 448 2083 errante
472 2029 592 2083 librario
616 2031 758 2104 scriptore
785 2045 839 2100 pro
864 2030 1015 2096 aliquando
1040 2048 1098 2084 esse
1125 2033 1286 2103 scriptum?

15 2145 18 2149 ,
129 2101 294 2172 quandoque
311 2116 399 2170 porro
418 2100 512 2152 multo
531 2101 562 2151 in
579 2100 638 2154 MS.
659 2101 770 2171 reperi.
796 2101 872 2169 quod
896 2100 988 2153 cuivis
1012 2110 1092 2156 certo
1111 2110 1285 2178 argumento

128 2190 187 2226 esse
205 2180 300 2242 potest
319 2187 378 2223 non
397 2187 455 2224 esse
475 2170 651 2224 Ciceronis.“
673 2171 834 2224 Lambinus.

197 2249 228 2296 ut
246 2242 349 2295 vicium
367 2257 398 2294 ee
417 2242 578 2316 quandoque
596 2258 656 2296 eree
673 2241 809 2309 fateatur]
829 2241 961 2308 „Stemus
979 2259 1033 2312 pro
1048 2244 1178 2318 vulgata:
1199 2263 1286 2314 quam

127 2321 248 2366 tuentm
269 2331 326 2364 una
353 2312 499 2364 nobiscum
523 2315 677 2378 Victorius,
710 2313 781 2365 Pall.
806 2330 851 2383 pr.
878 2330 932 2365 sec.
954 2314 1052 2383 'quart
1088 2316 1181 2384 quint·
1213 2315 1285 2369 licet

127 2383 224 2436 lamb.
252 2383 355 2436 uictum
383 2382 535 2452 aliquando
562 2400 624 2437 eeee
646 2401 677 2437 ee
694 2384 820 2450 fateatur
836 2394 1010 2459 propugnet,
1035 2385 1112 2455 quod
1129 2388 1223 2439 fenne
1242 2394 1286 2439 est

128 2455 161 2506 in
178 2455 268 2511 Vatia.
288 2453 438 2514 diversitas
456 2454 487 2506 in
504 2455 560 2508 hoc
579 2471 610 2510 ee
627 2471 695 2508 esee.
732 2454 819 2506 Palat.
846 2462 913 2509 tert.
933 2456 1045 2507 victum
1071 2457 1098 2509 ei
1120 2458 1285 2527 quandoque

128 2523 281 2595 [voluitci
299 2522 419 2596 quaetio]
444 2541 473 2578 te
492 2526 585 2579 eeee.“
609 2524 692 2579 Geth.
730 2524 874 2591 „Palatini
898 2527 981 2578 tertii
1006 2526 1149 2597 scriptura
1179 2529 1285 2581 confir·

128 2605 223 2649 matur
242 2596 340 2649 codice
358 2615 390 2662 re
412 2597 440 2648 io
458 2597 647 2667 Luparensi.“
671 2597 753 2651 Vero.
792 2595 921 2660 „Placet,
947 2598 1023 2665 quod
1041 2606 1084 2650 est
1106 2598 1138 2649 in
1156 2616 1221 2652 mea
1240 2598 1282 2652 ed.

127 2676 185 2723 vet.
205 2671 235 2718 ut
252 2666 354 2720 virttem
372 2614 520 2734 circumdo
538 2683 569 2720 se
587 2683 656 2732 esse,
685 2676 720 2719 ut
743 2666 850 2719 habent
875 2667 1012 2720 nonnulli
1037 2669 1124 2722 Godd.
1152 2669 1284 2741 quamvis

126 2738 293 2791 Perizonius
311 2739 343 2791 in
362 2738 472 2792 Sanctii
490 2737 611 2792 Minerv.
625 2739 734 2793 111.1u.
755 2755 784 2789 n·
796 2739 840 2793 12.
860 2738 970 2790 servari
992 2739 1065 2793 velit
1089 2740 1284 2810 quandoque.“

127 2807 260 2869 Bouhier.
278 2808 350 2878 [vid.
371 2809 423 2863 Bd.
442 2809 547 2861 Baueri
563 2827 591 2880 p.
612 2810 688 2876 711]
715 2810 787 2861 Ern.
816 2809 942 2861 servavit
960 2810 1164 2863 Gruterianam
1181 2813 1284 2865 lectio-

126 2895 204 2944 nem,
215 2880 272 2933 'sed
290 2881 417 2933 deletum
434 2880 529 2933 voluit
547 2895 614 2934 esse.
653 2881 713 2933 Mr.

198 2950 358 3019 Siquando
382 2967 413 3013 ee
437 2949 511 3016 esee]
549 2951 654 3034 Vulgo,
681 2968 710 3004 ee
737 2952 897 3020 quandoque
920 2967 989 3005 esee.
1028 2951 1083 3006 Sed
1101 2953 1169 3027 Reg.
1190 2960 1220 3005 et
1238 2953 1284 3005 Pi·

125 3019 241 3078 thoean.
260 3023 301 3075 ita
318 3023 403 3094 plane
421 3022 489 3074 dant
506 3028 540 3071 ut
559 3021 749 3078 exhibuimus.
786 3023 822 3075 D.

195 3099 230 3146 nt
247 3093 361 3160 nictum,
381 3092 411 3145 ti
426 3091 549 3162 quando,
569 3108 678 3156 aeetae
695 3091 835 3159 fateatur]
862 3091 973 3158 „Quam
989 3092 1051 3145 vim
1068 3091 1097 3148 b.
1118 3093 1139 3145 l.
1160 3095 1284 3163 quando·

126 3178 179 3234 que
195 3164 306 3229 habeat,
340 3181 398 3217 non
424 3163 515 3234 capio,
549 3171 580 3215 et
603 3162 681 3217 MSS.
706 3165 879 3216 dissentiunt
903 3165 934 3214 in
962 3181 993 3216 ea
1017 3179 1096 3219 voce.
1134 3165 1284 3218 Nimirum
1338 3167 1341 3176 ⁴

20 3247 24 3249 ’
126 3235 282 3312 legendum
299 3236 430 3289 videtur:
456 3239 489 3286 ut
511 3231 612 3287 uictum
631 3251 662 3288 se
687 3241 949 3304 superatumque
968 3250 1028 3287 ease
1044 3236 1182 3301 fateatur.
1221 3238 1283 3289 Nec

125 3306 157 3360 id
179 3308 334 3361 litera-um
365 3307 485 3358 demtum
512 3304 670 3380 diligenter
701 3305 864 3358 attendenti
898 3306 1027 3359 alienum
1057 3306 1201 3363 rideatur.
1243 3307 1283 3358 Bt

126 3378 257 3430 annuunt
273 3377 391 3447 quidam
409 3374 487 3428 MSS.
513 3375 646 3428 sistentes
664 3391 695 3429 aa
713 3375 741 3429 ei
759 3375 898 3444 petunda.“
921 3374 1033 3430 Nissen.
1071 3376 1132 3429 Hoc
1150 3391 1221 3430 vero
1240 3386 1283 3430 est

55 3508 57 3518 Ι
125 3450 269 3503 annuere!
344 3445 529 3517 opostDav.
550 3454 579 3498 et
597 3447 644 3499 Or.
665 3447 763 3517 recepi
782 3447 972 3517 scriptionem
994 3447 1080 3501 Codd.
1108 3449 1179 3522 Reg.
1205 3447 1281 3500 Gud.

127 3525 152 3576 1.
172 3524 199 3577 2.
217 3519 306 3573 Marb..
347 3516 395 3568 ud.
408 3515 504 3567 Duisb.
524 3517 611 3568 unius
624 3518 674 3570 Ox.
695 3518 779 3583 (alius
797 3518 936 3572 similiter
952 3517 1037 3572 habet
1054 3534 1086 3572 te
1102 3516 1131 3571 si
1148 3519 1282 3588 quando).

126 3593 207 3645 ldem
224 3589 347 3653 volebat,
366 3587 478 3657 opinor,
496 3586 546 3637 vir
563 3587 732 3658 doctuquui
750 3588 803 3641 Ed.
823 3589 895 3644 Tbn.
915 3589 1038 3654 curarit,
1055 3589 1107 3642 sed
1124 3589 1222 3640 omisit
1241 3604 1281 3644 se.

125 3663 228 3716 Probat
246 3668 374 3713 nostram
392 3657 548 3710 lectionem
566 3659 661 3712 Kiihn.
681 3668 761 3712 recte
779 3676 906 3724 monens,
939 3660 1016 3729 quod
1038 3668 1081 3712 est
1104 3659 1135 3712 in
1152 3659 1228 3730 Bpp.
1248 3661 1284 3713 ad

126 3734 237 3786 Famm.
256 3732 304 3783 VI.
327 3730 377 3784 19:
397 3744 450 3796 ego
467 3743 511 3780 me
528 3728 652 3796 Asturae
669 3729 780 3784 diutine
799 3731 927 3784 arbitror
945 3735 1190 3796 commoraturum,
1211 3730 1283 3800 quod

126 3803 177 3857 tue
194 3801 406 3873 quaudoque
424 3799 528 3866 veniat,
547 3817 606 3854 non
624 3810 733 3856 certam
752 3819 809 3854 esse
828 3801 984 3854 lectionem
997 3802 1173 3874 [quandoque.
1203 3801 1283 3854 Alibi

124 3890 196 3926 vero
215 3887 273 3925 non
291 3871 418 3940 reperiri
443 3870 526 3922 illam
549 3888 652 3926 vocem
673 3873 751 3943 ‚apud
770 3872 939 3925 Ciceronem
962 3882 1062 3925 monet
1080 3873 1137 3937 Or,
1164 3873 1282 3925 laudans

126 3952 277 4016 praeterea
294 3941 376 3994 Parei
393 3942 462 3996 Lex.
483 3941 556 3995 crit.
576 3961 604 4014 p.
627 3948 686 3999 117.
708 3942 856 4010 [videlieet
874 3944 1037 3998 Mentissam
1056 3943 1158 3997 Lexici
1176 3944 1282 3998 Critici

126 4033 155 4085 p
176 4019 234 4070 117.
254 4014 286 4065 in
304 4012 408 4065 Lexico
427 4013 489 4082 ipso
514 4029 572 4065 non
599 4023 641 4067 est
668 4016 693 4066 is
715 4015 804 4078 locus.
841 4013 965 4085 Scripsit
990 4023 1086 4066 autern
1104 4014 1145 4066 ibi
1164 4018 1280 4068 Pareus:

126 4092 160 4138 ut
182 4086 284 4139 uictum
310 4099 340 4137 ae
364 4082 393 4136 ei
417 4084 528 4152 quando
556 4093 651 4138 eeeet
674 4087 816 4151 fateatur,
843 4093 873 4139 et
894 4086 934 4138 ita
957 4085 1061 4139 habere
1080 4086 1121 4137 ait
1138 4096 1197 4140 vet.
1219 4085 1280 4139 cod.

10 4162 38 4188 ·'
127 4157 192 4209 Nisi
210 4159 288 4209 forte
307 4163 349 4208 est
366 4154 415 4207 vel
433 4172 587 4225 operarum
604 4157 652 4209 vel
671 4157 773 4208 calami
791 4157 886 4226 lapsus
903 4172 957 4227 pro
976 4154 1047 4220 ease)
1074 4157 1229 4210 Burmann.
1248 4155 1283 4208 ad

126 4228 221 4280 Yaler.
245 4227 340 4280 Flacc.
361 4228 387 4291 5,
406 4229 467 4280 474.
497 4226 632 4279 Gar-aton.
661 4227 696 4279 ad
720 4227 818 4280 Milon.
841 4245 870 4298 p.
889 4230 950 4283 242.
976 4228 1083 4284 Bonon.
1108 4227 1178 4284 eod.
1206 4227 1280 4300 Aug.

126 4298 213 4352 habet
239 4305 272 4351 et
301 4298 406 4351 uictum
428 4313 459 4351 ee
486 4297 737 4365 quodammodo
762 4313 831 4362 eoae,
864 4298 907 4351 ed.
934 4299 1015 4351 Rom
1043 4302 1111 4355 1469
1136 4308 1166 4351 et
1192 4298 1281 4352 Rehd.

127 4370 278 4440 aliquando
301 4387 331 4423 se
354 4383 421 4421 esse.
448 4367 532 4422 uiuo.
555 4371 577 4420 l.
604 4372 630 4424 2.
660 4371 823 4438 quandoque
844 4386 875 4421 ee
901 4368 1014 4438 uictum,
1039 4372 1100 4422 Mar
1122 4406 1129 4422 .
1150 4370 1208 4423 MS.
1227 4370 1279 4422 Ed.

128 4443 191 4497 Asc.
211 4451 299 4499 nostr.
317 4444 393 4496 net
410 4440 480 4493 Ven.
500 4445 587 4494 nostr.
616 4443 841 4509 quandocunque.
863 4388 1152 4496 GumGodeian.
1171 4441 1282 4494 faciunt
