2842 5070
128 297 170 376 aa·
337 305 569 372 uonnoms
590 303 836 372 ruscumn.
859 304 1089 371 nuruum.
1185 389 1186 395 q

127 472 249 536 videri.
292 472 332 535 A.
353 473 396 535 Et
416 492 500 536 vero
520 475 571 535 ita
591 473 755 537 existimo.
797 469 848 533 M.
870 472 1061 534 Humanum
1081 469 1117 531 id
1137 468 1282 553 quidem,

128 554 217 638 quod
237 555 284 617 ita
312 557 490 618 existimas.
534 555 613 618 Non
642 557 730 618 enim
756 555 850 616 silice
881 557 952 617 nati
984 569 1116 616 sumus:
1145 551 1202 616 sed
1232 561 1284 615 est

127 646 249 700 natura
271 641 343 700 fore
369 640 406 699 in
436 639 555 701 animis
576 646 730 701 tenerum
753 635 909 719 quiddam
934 645 1035 719 atque
1055 636 1168 714 molle,
1195 633 1284 718 quod

127 825 204 896 quod
222 833 284 878 erat
302 833 385 878 antea
403 826 466 893 Ego
484 813 575 879 uero.⁸
598 825 676 892 Quod
694 826 797 896 ipsum,
817 833 851 877 ut
869 825 926 877 alia
943 824 1044 891 multa,
1069 830 1219 894 acceptum
1237 840 1285 877 re·

126 899 190 950 fero
209 896 324 971 Sigonii
342 898 433 949 nostri
452 898 572 966 antiquo
590 897 674 961 libro,
703 913 768 948 cum
797 912 853 965 quo
878 895 967 947 alium
985 895 1148 948 consentire
1174 894 1285 948 librum

126 967 245 1039 scripsit
263 967 361 1019 adme
380 968 528 1036 eliquanto
546 975 610 1038 post
665 985 780 1019 manus
798 966 891 1035 aliqui
912 966 1077 1020 monachus.
1114 966 1168 1018 Est
1185 973 1284 1018 autem

127 1054 193 1090 uero
211 1053 266 1107 pro
285 1053 361 1101 sane,
381 1046 413 1089 ut
432 1039 464 1088 in
482 1038 556 1091 libro
576 1038 610 1091 de
651 1040 672 1090 1.
693 1038 739 1091 Or.
761 1036 797 1103 [c.
817 1040 861 1094 88.
881 1034 904 1100 §-
924 1036 998 1103 coo]
1037 1037 1093 1090 Sed
1116 1042 1146 1089 tu
1175 1034 1284 1090 oratio-

127 1125 176 1161 nea
199 1106 280 1161 nobis
304 1115 411 1161 ueteres
436 1108 613 1176 explicabis?
644 1126 741 1174 vero,
773 1107 898 1177 inquam,
925 1109 1024 1160 Brute.
1061 1108 1101 1159 Et
1126 1106 1176 1158 lib.
1197 1107 1221 1160 1.
1247 1106 1283 1160 de

128 1179 224 1231 Divin.
247 1177 282 1243 [c.
302 1182 345 1234 47.
365 1177 387 1243 d.
410 1179 481 1246 101]
504 1180 607 1245 Vero,
626 1195 687 1233 meu
703 1179 807 1247 puella,
826 1177 880 1231 tibi
897 1179 1014 1232 concedo
1032 1193 1110 1231 meua
1128 1178 1216 1231 aedes.
1242 1177 1284 1230 Ed
1328 1197 1330 1202 ’

128 1250 178 1302 lib.
204 1251 256 1302 111.
280 1249 315 1302 de
340 1251 381 1301 Le
402 1267 430 1324 g.
463 1249 560 1315 [locus
583 1259 626 1304 est
648 1252 685 1304 11.
714 1249 755 1316 18,
774 1252 817 1306 46.
856 1245 899 1303 Μ.
923 1250 1014 1304 Vero:
1043 1255 1069 1301 et
1097 1245 1284 1318 apertissima

26 1377 43 1398 .
129 1327 192 1374 eunt
210 1319 280 1372 istie
299 1321 334 1373 de
350 1267 430 1373 reduc
449 1337 584 1389 responsa
604 1349 637 1359 -
655 1321 767 1386 multu]
783 1320 870 1386 ,‚Vid.
890 1336 941 1374 nos
959 1319 995 1372 ad
1011 1320 1110 1372 locum
1128 1319 1163 1373 de
1180 1319 1281 1371 Divin.

128 1409 156 1460 p.
177 1393 237 1446 226.
259 1394 287 1442 et
306 1392 339 1443 ad
358 1392 395 1443 ll.
421 1393 446 1446 8.
470 1410 498 1463 p.
518 1391 579 1448 822
604 1393 639 1444 ad
662 1391 721 1446 Cic.
750 1392 784 1444 de
803 1392 893 1465 Legg.
919 1392 940 1443 l.
961 1408 986 1444 c.
1004 1408 1033 1460 p.
1052 1393 1113 1445 301.
1140 1390 1216 1444 adl.
1235 1386 1281 1446 24.

129 1471 202 1514 extr.
222 1462 349 1514 Ellendt.
370 1462 404 1514 ad
421 1464 501 1515 Brut.
522 1481 542 1514 s.
563 1463 597 1516 de
613 1462 691 1516 Clar.
712 1461 803 1514 Oratt.
823 1462 843 1513 1.
864 1479 888 1514 c.
915 1480 943 1533 p.
963 1462 1024 1518 218.
1049 1469 1078 1514 et
1098 1477 1168 1530 quos
1185 1460 1284 1513 lauda-

127 1533 223 1585 vimus
240 1551 326 1606 qupra
343 1533 377 1584 ad
395 1535 432 1586 11.
456 1537 560 1589 1126.
588 1533 693 1586 Brutus
721 1551 756 1586 ex
779 1532 847 1585 ond.
867 1531 1039 1603 Gryphiano
1066 1540 1096 1584 et
1113 1531 1226 1585 Fabric.
1247 1548 1284 1584 ex

128 1603 196 1657 cod.
217 1604 315 1656 colon.
344 1604 415 1656 item
442 1612 568 1656 nostram
591 1605 748 1657 lectionem
772 1608 969 1657 enataverunt.
1006 1603 1069 1668 Ego
1087 1617 1152 1656 vero
1176 1600 1284 1656 habent

127 1675 199 1727 Edd.
228 1675 292 1727 fere
319 1690 414 1727 omnes
439 1684 504 1727 ante
529 1676 612 1728 Grut.
650 1675 695 1727 Ad
721 1692 748 1726 v.
768 1673 926 1727 Humanum
948 1672 982 1726 id
1000 1673 1109 1742 quidem
1127 1673 1282 1727 Ernestus:

128 1746 238 1870 aide.2
258 1753 323 1868 Ἣ
339 1745 475 1798 abhorret
503 1764 519 1797 a
548 1753 650 1799 natura
678 1745 837 1798 bumana.“
880 1746 988 1797 Vocem
1014 1743 1048 1797 e'd
1075 1744 1186 1798 omittit
1214 1744 1282 1798 eod.

155 1826 202 1871 ll.
241 1854 247 1866 .
321 1833 345 1867 r.

197 1886 261 1938 Noa
289 1878 362 1938 enim
388 1885 466 1940 silice
488 1885 550 1939 noli
577 1884 710 1952 aurnum}-
738 1885 806 1951 „De
832 1883 957 1937 humana
982 1886 1097 1959 origine
1116 1885 1167 1952 ait,
1195 1886 1285 1939 etlam

112 1963 242 2010 'sensum
259 1955 448 2009 humanitatis
467 1970 526 2011 non
544 1957 762 2027 improbandum
782 1973 854 2009 esse.
876 1964 918 2009 est
936 1964 1031 2009 autem
1050 1955 1082 2008 ln
1100 1957 1205 2009 fabulis
1223 1952 1286 2027 prl-

128 2027 555 2166 3⁰⁵attt⁵ttt0h⁰¹tittat
578 2024 1102 2172 {gihtlttttl⁰tt⁵1t¹⁵n⁰th
1124 2029 1285 2175 “vidit

130 2167 194 2234 [314
212 2169 267 2238 sq.]
286 2170 361 2238 apud
380 2187 466 2238 quem
484 2170 526 2222 sio
544 2170 691 2222 Evander:

295 2241 374 2293 Haec
391 2256 505 2293 nemora
524 2239 676 2306 indigenae
694 2240 786 2294 Fauni
803 2238 989 2310 nymphaeque
1008 2240 1149 2306 tenebant,

296 2310 421 2378 (iensque
439 2311 529 2363 virum
548 2309 655 2363 truncis
674 2318 700 2363 et
723 2312 795 2380 dare
814 2311 915 2363 robore
939 2316 1015 2363 nala.

130 2383 272 2434 Homerus
291 2381 388 2451 Odyss.
408 2402 432 2446 τ,
461 2380 549 2448 [163]
577 2381 716 2435 similiter
741 2382 894 2434 humanam
913 2381 1059 2456 originem
1077 2380 1196 2433 notavit.
1235 2377 1286 2436 Sic

132 2452 210 2506 enitn
236 2453 277 2504 ait
295 2452 450 2522 Penelope:

296 2520 938 2649 qapgeepdgqchuenrggoegqngeeg
954 2520 1146 2647 fftttdt't:
1173 2585 1275 2647 cama

203 2667 254 2719 aed
271 2667 313 2719 etl
331 2609 470 2730 naturale]
507 2612 561 2731 »ΡΝ
565 2604 668 2718 11111311
692 2608 854 2732 tn'un'imuq,
880 2612 992 2733 haialon
1021 2631 1181 2717 naturabile
1198 2633 1286 2718 hebel

132 2736 245 2808 Grypb.
265 2737 444 2794 hauddubie
463 2746 610 2806 corrupte,
629 2755 684 2789 una
702 2737 810 2806 syllaba
828 2738 944 2810 nomine
963 2730 1173 2790 redundante.“
1198 2736 1283 2788 Brut.

133 2836 166 2847 -
185 2806 362 2873 Naturabile]
381 2808 521 2872 „Secutus
537 2825 603 2869 <,sum
621 2809 744 2878 optimos
758 2807 835 2862 MSS.
847 2803 933 2860 Codd.
946 2807 1016 2860 Pall.
1036 2824 1080 2892 pr.
1099 2813 1167 2859 tert.
1186 2815 1283 2876 quart.

131 2878 207 2932 Pith.
228 2879 310 2931 Fabr.
347 2877 396 2931 Sic
414 2879 445 2928 in
463 2876 561 2930 Laelio
580 2878 641 2948 ipse
659 2879 770 2933 Cicero.
801 2879 939 2932 Videatur
953 2878 1105 2930 Lambinus
1123 2877 1284 2930 adLueret.

132 2950 220 3023 vulgo
240 2948 399 3003 naturale.“
423 2946 558 3001 Gebhard.
597 2950 727 3002 Davisius
747 2951 778 3000 in
795 2949 849 3002 Ed.
869 2952 899 3004 2:
928 2948 1103 3015 „Lambinus
1125 2947 1215 3007 edidit
1233 2960 1285 3001 nu-

133 3027 212 3083 tura3
248 3029 306 3072 iton
331 3019 509 3072 incommode
533 3021 659 3088 quidem.
697 3020 879 3074 Commodius
905 3028 1010 3085 autem,
1039 3027 1071 3070 ut
1099 3018 1211 3088 opinor,
1239 3019 1283 3072 cl.

130 3091 289 3157 Bentleins,
309 3091 357 3143 cui
374 3090 470 3161 placet
488 3094 591 3143 natura
610 3093 678 3157 fere.
715 3090 754 3143 At
773 3091 877 3162 optimi
895 3091 989 3145 ussa
1014 3089 1152 3142 exhibent
1169 3097 1287 3143 neuturu-r

17 3211 22 3219 ,
132 3163 196 3217 tite.
233 3163 358 3214 Fortean
376 3162 437 3238 legi
456 3153 557 3231 possit:
577 3165 627 3217 sed
644 3170 685 3216 est
702 3168 803 3217 natura
822 3161 951 3215 humile
975 3159 1130 3214 inanimis
1155 3166 1186 3214 et
1211 3167 1287 3214 tene·

67 3268 77 3277 -
107 3242 110 3247 ’
133 3252 195 3288 rum
212 3235 345 3302 quiddam
364 3240 447 3302 atqttc
464 3226 553 3286 molle.
573 3224 637 3286 Vid.
657 3234 707 3285 lib.
727 3236 766 3287 11.
786 3244 810 3285 c.
830 3234 865 3288 to
890 3241 919 3286 et
936 3232 988 3284 lib.
1007 3233 1055 3284 lV.
1076 3244 1101 3286 c.
1120 3230 1188 3286 3⁰ss
1223 3233 1284 3288 Me.

201 3306 257 3359 Sed
275 3313 315 3358 eu
334 3307 436 3357 natura
454 3303 528 3369 fere]
548 3297 597 3357 Sic
616 3313 695 3358 recte
710 3305 753 3361 01,
768 3297 931 3370 Bentleius3
950 3319 1017 3354 nam
1035 3302 1152 3356 Codices
1170 3310 1286 3356 amura-

120 3377 196 3442 ⁴bile,
216 3377 290 3444 quod
310 3375 512 3450 incongruum.
550 3375 585 3426 D.

204 3445 389 3510 Naturabile]
425 3445 585 3510 „Quamvis
610 3445 666 3498 hoc
693 3446 861 3503 vocabulum
880 3447 918 3498 sit
936 3446 982 3498 sin
1022 3445 1093 3511 lare,
1122 3450 1164 3498 est
1188 3453 1287 3500 tamen

33 3531 37 3556 ¹
134 3516 165 3566 in
191 3515 292 3568 multis
315 3516 411 3579 Codd.‚
443 3515 530 3568 etiam
554 3517 644 3590 Regio
669 3525 697 3568 et
720 3532 777 3570 uno
804 3517 944 3570 Leidensl.
1005 3513 1084 3570 uodsl
1110 3517 1161 3568 alil
1179 3515 1286 3570 habent

132 3590 275 3653 naturale,
293 3595 326 3639 ut
344 3602 440 3639 omnes
458 3585 529 3637 Edd.
549 3595 614 3640 ante
627 3588 824 3653 Gruterianas‚
843 3583 930 3641 facile
946 3589 1006 3640 eius
1024 3581 1191 3658 scriptionis
1209 3588 1286 3642 ratio

133 3667 259 3729 apparet.
295 3657 471 3709 Vocabulum
488 3658 550 3708 fere
570 3657 753 3733 incognitum
772 3668 915 3711 mutatum
934 3667 976 3712 est
995 3659 1027 3711 in
1045 3659 1149 3711 notius.
1184 3657 1287 3723 Quasn-

134 3739 220 3797 quam
239 3729 372 3797 equidem
386 3728 497 3779 hancce
515 3729 714 3794 mutationem,
734 3747 820 3800 quam
837 3730 1043 3793 Bentleianam,
1068 3747 1155 3799 quam
1172 3729 1287 3799 adopta-

132 3799 178 3851 vit
195 3800 264 3852 Dav'.
303 3798 358 3851 Sed
375 3800 507 3869 praefero
527 3798 649 3853 Gruteri
668 3800 841 3853 rationem.“
858 3800 947 3855 Boub.
977 3800 1067 3867 Quam
1084 3800 1181 3853 laudat
1191 3800 1284 3854 Gebh.

134 3869 267 3921 Lambini
285 3877 382 3922 annot.
407 3868 441 3921 ad
465 3869 635 3922 Lucretium
660 3889 693 3924 ea
712 3880 754 3924 est
778 3871 812 3923 ad
830 3874 853 3924 1.
875 3874 917 3927 11.
936 3891 965 3943 p.
984 3874 1010 3926 ὅ.
1032 3871 1074 3924 ed.
1094 3864 1230 3927 Wechel.
1252 3870 1287 3923 ad

133 3954 161 3992 v.
181 3934 344 4008 genitabilis
362 3956 434 3993 auro
452 3941 567 4007 Fauoni,
586 3942 635 3994 ubi
654 3959 723 3995 vero
742 3953 818 3993 nunc
836 3943 949 4018 legitur
970 3943 1116 4009 genitalis,
1142 3950 1175 3994 ut
1194 3941 1288 3994 estin

134 4002 187 4064 ol.
206 4009 333 4080 Fayiad
349 4012 399 4064 Us.
426 4004 529 4082 Delph.
556 4015 582 4067 4.
606 4013 692 4065 Paris.
722 4014 798 4068 16811.
836 4014 924 4079 Quem
948 4026 1018 4067 vero
1042 4030 1101 4066 esse
1126 4013 1168 4064 ait
1194 4011 1297 4080 Gebb.x

134 4082 210 4152 apud
227 4084 321 4153 ipsum
332 4082 391 4135 Cic.
412 4083 442 4133 in
460 4083 558 4136 Laelio
576 4085 683 4150 locum,
702 4083 751 4135 ubi
769 4083 797 4136 le
819 4093 884 4137 atur
901 4084 1082 4146 naturabilia,
1101 4084 1126 4136 is
1145 4094 1187 4138 est
1204 4101 1229 4136 c.
1240 4085 1285 4149 tl,

120 4154 184 4225 ,8⁰2
204 4153 245 4205 ibi
262 4165 331 4205 vero
350 4152 532 4205 iamdudum
551 4154 674 4229 legitur:
695 4154 740 4207 lta
757 4100 947 4221 pulcherrima
964 4156 1016 4209 itta
1035 4161 1061 4208 et
1077 4156 1201 4209 ,macine
1224 4169 1287 4208 aa·

136 4225 249 4279 turali
266 4231 357 4277 carent
375 4223 510 4279 amicitia.
527 4246 559 4263 w·
597 4223 783 4290 ‚,Naturabile
801 4243 859 4279 non
878 4237 919 4280 est
937 4227 1047 4279 Latinis
1065 4227 1204 4279 usitatum
1221 4239 1287 4278 ver-

135 4295 215 4347 bum·
248 4295 354 4366 Recepi
379 4303 481 4348 nutura
498 4297 559 4362 fere
581 4313 648 4347 cum
665 4296 733 4349 Dav.
754 4306 788 4349 ut
807 4307 849 4351 est
867 4299 904 4352 11.
924 4296 991 4353 21.“
1017 4298 1088 4350 Era.
1125 4297 1306 4369 Lullemang'¹

136 4381 189 4419 nus
207 4366 481 4434 refertLambinum
498 4365 653 4437 praeivisse
670 4368 818 4422 Bentleio:
838 4384 892 4421 nec
905 4380 974 4422 vero
994 4368 1046 4422 ille
1064 4368 1121 4420 nisi
1140 4368 1288 4421 dimidiam

135 4438 197 4492 eius
224 4438 428 4492 ernendatlonis
454 4447 567 4509 partem
593 4438 776 4513 excogitavit.
824 4439 949 4512 Scripsit
976 4440 1057 4494 enim
1082 4445 1196 4506 natura,
1225 4439 1288 4492 tine
