2842 5070
313 311 316 315 ⁴
399 330 402 336 ’
513 318 642 382 LIBER
663 313 777 397 lissi.
1179 316 1240 384 281

90 486 208 557 traria.
230 480 336 550 Quem
348 483 391 547 ob
402 478 485 562 rem,
498 484 600 564 simul
610 483 741 546 obiecta
751 482 879 564 species
889 478 1142 564 estouinspiem,
1152 481 1241 563 qnod

90 569 213 630 bonnm
244 566 412 644 uideatur,
445 566 487 628 etl
517 564 552 626 id
583 564 832 647 adipiscendum
853 565 996 646 impellit
1016 565 1088 646 ipsa
1109 566 1241 626 nature.

90 648 130 711 Id
150 671 251 732 quum
272 654 467 710 constanter
486 646 733 730 prudenterque
742 647 796 719 fit.
818 645 986 712 eiusmodi·
1003 649 1243 728 appetitionem

89 730 197 794 Stoici
228 724 387 815 βούλησιν
407 731 584 812 appellant,
613 750 684 813 nos
700 730 901 812 appellamus
932 729 1138 792 voluntatem.-
1169 748 1243 791 eam
1298 734 1314 761 “·

90 907 146 961 see
165 926 181 960 a
198 907 280 960 nulla
303 922 335 960 re
359 907 450 982 meg-ie
473 907 528 959 sibi
552 906 669 959 cavebat
685 907 756 958 Ern.
786 923 873 976 quam
891 905 925 958 ab
939 904 1129 975 ¹inspiciendis
1147 906 1241 973 libris,

39 1039 42 1045 .
90 995 216 1047 quorum
241 979 269 1031 ei
296 979 419 1030 maxima
443 986 505 1031 erat
533 974 637 1048 copim]
666 977 701 1030 de
722 977 867 1029 veteribus
889 975 996 1030 habent
1023 977 1194 1047 placuitque
1212 987 1242 1032 et

89 1048 228 1102 Buherio:
248 1057 277 1102 et
296 1057 339 1101 eet
357 1048 388 1101 id
405 1049 520 1101 facilius
537 1049 657 1122 vulgato
675 1047 792 1102 iniecta.
830 1046 886 1100 Sed
904 1055 1001 1100 umen
1025 1056 1054 1101 et
1072 1048 1175 1102 iniecta
1193 1048 1243 1103 de·

89 1119 170 1173 feudi
188 1127 282 1188 potest
300 1137 336 1185 ex
352 1119 419 1171 Nat.
438 1118 472 1170 D.
492 1120 515 1172 1.
535 1121 579 1174 ab.
605 1116 638 1171 in
656 1133 739 1188 wem
750 1134 785 1171 ee
803 1116 916 1171 animur
938 1116 1069 1172 inliciens
1095 1127 1178 1188 atque
1196 1119 1243 1174 in·

90 1190 219 1243 tendene.
249 1189 351 1259 itaque
366 1205 439 1242 non:
452 1207 535 1242 ansus
564 1206 627 1240 suin
650 1189 680 1241 id
699 1188 835 1243 tollere.“
853 1189 923 1241 Ern.
961 1188 1087 1254 „lllalim
1109 1189 1241 1245 incitata.

88 1260 163 1313 Nam
180 1259 298 1313 iniicere
315 1276 374 1313 non
393 1260 460 1312 satis
478 1268 543 1330 apte
565 1276 630 1312 cum
649 1260 688 1312 od
706 1258 870 1334 iungiturf‘
892 1258 1005 1313 Niaeen.
1042 1261 1157 1315 Miceris
1176 1278 1263 1315 sane.

88 1329 166 1384 viros
184 1329 270 1383 hosce
289 1331 386 1383 doctos
404 1347 462 1395 non
483 1330 598 1396 vidisse,
625 1327 771 1384 libidinem
789 1329 962 1384 iniectam
988 1336 1015 1384 et
1039 1329 1242 1394 inflammatam

89 1401 156 1469 rapi
173 1401 212 1453 ad
230 1396 342 1481 aliquid
360 1400 618 1472 ne.satis<quidem
637 1399 727 1452 latine
745 1399 815 1467 dici,
834 1401 964 1470 quamvis
981 1399 1103 1466 dicatur,
1130 1401 1242 1456 animae

89 1487 118 1522 se
134 1469 270 1526 iniiciene
288 1486 321 1523 anv
338 1470 462 1539 aliquam
479 1487 539 1525 rem
556 1471 615 1524 late
630 1473 848 1539 peregrinatura
875 1479 910 1523 ut
928 1478 971 1524 est
989 1470 1024 1523 de
1041 1472 1077 1525 N.
1097 1472 1132 1524 D.
1152 1475 1173 1527 1.
1194 1475 1241 1538 it),
1352 1506 1375 1552 ‘.

90 1558 177 1610 quem
200 1542 300 1594 locum
322 1541 451 1594 laudavit
476 1543 547 1594 Ern.
584 1542 693 1594 Errant
719 1550 816 1592 autem
834 1539 925 1611 Gebh.
950 1549 980 1592 et
998 1541 1073 1594 Nise.
1100 1543 1152 1611 qui
1176 1543 1241 1595 iun-

88 1612 216 1686 gendum
234 1611 433 1664 existimabant
456 1612 495 1665 ad
516 1612 549 1665 id
571 1611 686 1677 iniecta,
713 1610 790 1681 quod
808 1611 860 1663 ille
883 1609 1058 1681 (perperam)
1084 1613 1142 1664 dici
1160 1629 1241 1684 posse

89 1681 300 1806 tibitibi
327 1686 425 1804 itti
443 1679 1138 1807 tt.lt.{t¹'{·..t.tt”³⁰t⁰.tlt‘tta‘ltlitt
1154 1698 1244 1807 oli?-

89 1830 140 1892 pat
156 1822 255 1874 libros.
293 1821 349 1874 Sed
365 1821 471 1874 habent
488 1821 594 1887 illecta,
612 1789 729 1892 praete}
746 1770 817 1874 Edi.
836 1830 908 1879 vett.
929 1771 1036 1890 omnis,
1057 1824 1142 1877 codd.
1162 1827 1240 1883 Mon.

92 1898 116 1947 1.
136 1895 162 1946 2.
182 1892 264 1946 Vinci
285 1897 309 1948 1.
330 1893 374 1957 (in
391 1892 496 1967 marg.)
516 1901 545 1946 et
563 1892 724 1962 complures
743 1891 829 1956 Oxx.;
858 1909 981 1962 quorum
1004 1912 1076 1945 unus
1104 1894 1240 1949 hebetia

59 2016 65 2024 ,
90 1969 184 2027 racta;
208 1963 287 2027 idem
309 1962 460 2031 rapiantur
472 1979 530 2044 pro
549 1961 691 2031 rapiatur.
717 1962 791 2016 Gud.
811 1965 835 2019 2
855 1965 1000 2031 capiatur:
1027 1964 1104 2034 idem
1128 1965 1240 2019 omittit

89 2039 122 2086 ut
140 2036 249 2102 adepta.
269 2034 343 2109 Aug.
361 2033 448 2088 habet
465 2046 524 2086 eam
539 2033 678 2102 'dionei
695 2049 761 2085 cmn
778 2032 864 2090 vind.
885 2037 917 2100 13
943 2051 1017 2086 unus
1036 2035 1086 2104 Ox.
1105 2034 1191 2088 habet
1209 2044 1245 2090 eo·

90 2105 234 2170 efferatur,
255 2105 329 2158 Gud.
349 2107 375 2159 2.
396 2110 423 2157 et
441 2108 562 2171 feratur,
582 2104 658 2172 quod
676 2112 773 2156 ortum
791 2112 835 2173 est
853 2120 888 2157 ex
912 2105 1069 2176 scriptione
1089 2109 1246 2174 ecferatur-,⁹

90 2193 162 2244 quae
182 2184 224 2229 est
242 2175 274 2241 in
290 2176 359 2249 Reg.
380 2175 454 2228 Gud.
476 2178 500 2228 l.
526 2182 555 2226 et
580 2175 655 2226 odite
672 2191 689 2226 a
705 2173 793 2226 Dan*
810 2175 909 2249 Pergit
933 2174 1006 2228 Gud.
1027 2178 1060 2232 2·
1085 2183 1112 2230 et
1134 2176 1242 2245 genior

90 2245 224 2299 letitia
242 2263 321 2300 nero
340 2247 443 2314 adepta
460 2252 610 2312 naturae
628 2245 711 2298 enim.
748 2245 801 2297 Est
820 2244 906 2298 etiam
924 2251 1046 2301 naturae
1058 2265 1116 2319 pro
1133 2254 1241 2315 natura

89 2315 122 2367 in
147 2316 231 2369 codd.
255 2318 324 2390 lieg.
353 2317 440 2368 lllarb.
468 2315 704 2369 Accommcdabat
725 2314 866 2388 videlicet
891 2316 966 2369 hanc
988 2333 1091 2371 vocem
1110 2319 1242 2388 sequenti

88 2402 193 2509 ppanee.
212 2390 433 2510 ProMeequuntur
450 2386 746 2456 antiquascript'ione
762 2393 894 2440 eecuntur
911 2396 954 2440 est
972 2388 1005 2440 in
1023 2387 1109 2443 Godd.
1129 2390 1204 2444 Gud.
1216 2394 1240 2446 l.

121 2473 167 2510 on.
188 2463 213 2512 I.
287 2474 311 2509 r.
335 2459 361 2476 ¹·
484 2479 486 2483 ’
584 2470 587 2475 ·
783 2468 788 2482 ”
929 2473 943 2492 -’

162 2530 249 2585 Quam
266 2527 299 2580 ob
317 2543 376 2580 rena
393 2524 480 2580 eimnl
496 2527 604 2583 obiecto
621 2522 727 2595 speciae
744 2531 784 2579 eet
799 2520 967 2596 cuiuspiam]
991 2531 1046 2583 Pro
1064 2527 1152 2584 amul
1167 2549 1242 2585 unns

90 2597 140 2651 Ox.
166 2599 201 2652 ei
224 2598 311 2651 simul
336 2616 403 2651 cum
426 2601 507 2654 Mon.
522 2603 546 2654 1.
574 2596 647 2651 (iud.
666 2596 737 2651 Ede.
761 2599 833 2651 Ven.
858 2599 918 2652 Alt.
946 2601 975 2653 P.
994 2601 1028 2652 A.
1047 2600 1079 2653 B.
1098 2601 1127 2656 S.
1152 2602 1188 2655 E.
1207 2602 1245 2660 0.·
1276 2626 1281 2631 ·

88 2670 160 2721 Ven.
180 2678 268 2722 nostr.
288 2668 353 2721 Asc.
376 2673 399 2724 1.
419 2672 445 2724 2.
465 2671 546 2722 Junt.
584 2669 619 2721 ln
642 2684 700 2721 uno
719 2669 769 2722 Ox.
795 2677 837 2721 est
862 2671 923 2723 eius
946 2669 1010 2723 loco
1025 2678 1182 2742 postquam,
1208 2673 1242 2724 in

89 2739 175 2796 Vind.
195 2745 219 2796 1.
240 2738 326 2793 simul
343 2756 396 2806 ac,
417 2741 448 2791 in
466 2738 765 2795 Rauennatem
791 2739 824 2793 in
843 2740 944 2824 quibus
963 2741 1094 2794 omnibns
1112 2760 1128 2794 a
1149 2743 1242 2796 noscis
1342 2802 1345 2807 ,

89 2827 206 2863 manum
224 2810 398 2884 glossatoris.
417 2809 482 2862 vid.
501 2809 644 2886 Paedag.
663 2804 809 2883 Philel.
824 2811 894 2864 Lat.
913 2810 1023 2864 Blatt.
1052 2811 1098 2878 (ad
1118 2760 1245 2884 Ephrem:

89 2879 187 2941 Schol.
206 2880 342 2945 Damnst.)
362 2882 498 2949 letan.
518 2883 562 2936 66.
581 2898 610 2949 p-
629 2882 683 2936 494
702 2897 744 2950 sq.
767 2877 909 2934 Verbex
932 2881 990 2936 MS.
1020 2884 1115 2937 nescio
1135 2885 1246 2953 quoin·

89 2967 180 3026 marg.
206 2950 318 3004 semel
340 2951 447 3003 obiecta
471 2950 602 3018 specie.
628 2951 713 3004 Vini.
734 2955 759 3006 1.
786 2950 874 3004 habet
897 2967 960 3020 epae
982 2969 1037 3024 pro
1061 2954 1179 3023 apirian
1207 2958 1246 3008 ex'

88 3039 242 3092 perperam
260 3022 340 3074 'lecto
364 3021 553 3104 compendio.
580 3020 690 3091 Scripsi
714 3029 810 3074 autem
837 3039 904 3074 cum
920 3022 991 3076 Dav.
1020 3029 1062 3077 eet
1084 3024 1244 3094 cuiuspiam

89 3092 179 3160 (qnod
203 3091 256 3144 ille
280 3091 342 3142 sine
369 3090 454 3142 dubio
479 3108 514 3143 ex
532 3091 599 3144 God.
622 3091 663 3144 Re
685 3128 692 3142 .
712 3091 851 3163 recepit),
876 3108 930 3163 pro
949 3095 1013 3147 cuin
1053 3095 1106 3147 ‘am
1125 3101 1244 3161 eet->ex
1290 3121 1294 3130 ·

11 3176 18 3182 ·
90 3162 165 3216 Gud.
187 3166 210 3217 1.
230 3160 320 3215 Rehd.
340 3161 428 3213 ltlarb.
447 3161 532 3216 Vini.
553 3166 578 3215 1.
614 3108 743 3214 Verbum
760 3168 802 3215 eet
819 3163 958 3214 omittunt
978 3163 1025 3216 Gn
1073 3167 1195 3219 etslllcn.
1214 3167 1241 3220 Ἰ.

89 3251 157 3286 cnm
174 3248 231 3285 uno
251 3234 312 3296 Ox.‚
333 3231 409 3300 quod
425 3239 491 3302 post
508 3225 679 3301 syllabam·
697 3246 736 3296 ee,
755 3231 841 3284 facile
860 3233 957 3302 potuit
982 3234 1123 3287 excidere.
1160 3236 1242 3288 Unus
1282 3280 1288 3287 ,
1349 3259 1365 3291 ,·

90 3302 448 3373 unbauranamma
465 3302 612 3355 uidemur:
639 3300 717 3356 idem
740 3302 850 3354 omittit
873 3303 913 3356 id.
937 3303 1132 3358 enuntiabat
1158 3306 1192 3359 in
1209 3294 1244 3359 ti

89 3375 103 3427 i
107 3373 433 3451 peumvadipieeendum
450 3371 634 3442 impellitur.
654 3372 673 3426 S
694 3372 767 3426 ecies
785 3372 840 3425 hec
857 3375 1001 3427 sententia
1019 3374 1154 3429 Ciceroni
1172 3374 1243 3429 alibi

89 3446 199 3499 dicitur
215 3445 308 3498 nisum
326 3445 346 3496 i.
367 3462 391 3498 e.
412 3447 560 3516 mvrena.
581 3443 648 3497 eod.
693 3461 741 3518 ug.
760 3443 847 3498 habet
865 3459 920 3515 qua
936 3461 991 3516 pro
1009 3446 1088 3514 quod.
1125 3448 1188 3501 Mr.

159 3517 197 3569 la
224 3532 307 3584 mum
331 3514 506 3582 constanter]
542 3516 623 3570 Unus
647 3516 697 3568 Ox.
726 3514 831 3584 idque
856 3530 938 3585 quum
954 3532 978 3571 c.
1007 3546 1041 3560 -
1064 3549 1066 3553 ,
1078 3511 1244 3585 ,βούλησιν

90 3586 263 3640 scholastici
280 3586 443 3641 colitianam
454 3587 593 3640 dicebant.
614 3585 695 3657 quasi
712 3601 764 3638 noa
782 3585 943 3640 diceremus
953 3587 1121 3654 Wollung.“
1139 3586 1247 3644 FAW.'

10 3710 14 3725 ‚
90 3658 124 3709 in
141 3656 255 3710 scholis.
290 3658 371 3710 Unus
390 3658 440 3711 Ox.
461 3667 490 3711 et
507 3657 575 3711 Ood.
595 3659 669 3710 Mon.
689 3656 800 3714 bieco
816 3657 897 3711 vocis
916 3674 1034 3733 graecae
1051 3675 1175 3732 vacuum
1192 3656 1243 3711 ha-

89 3729 159 3780 bent
177 3727 316 3797 spatium3
336 3727 367 3778 in
384 3727 438 3780 Ed.
452 3729 539 3781 'June
559 3737 602 3782 eet
618 3728 705 3794 buliu,
724 3728 756 3779 in
774 3730 846 3781 Ven.
864 3736 954 3780 nostr.
973 3728 1096 3794 nuliein3
1122 3728 1155 3781 in
1172 3728 1247 3783 cat.-

32 3861 34 3865 .
89 3797 191 3862 Maru,
202 3796 322 3849 *utalixi
340 3798 468 3868 boyacin3
487 3807 612 3868 quatuor
628 3807 778 3870 praeterea
797 3799 866 3853 θη.
887 3805 922 3866 et
934 3799 1010 3875 ring.
1030 3802 1171 3854 omittunt
1179 3816 1247 3855 eun*

89 3883 201 3930 vocem,
221 3883 257 3920 ne
275 3869 365 3936 spatio
384 3869 500 3938 quidem
515 3870 630 3923 relicto.
668 3873 723 3923 Pro
741 3871 906 3924 uoluntatem
923 3888 997 3925 unus
1016 3872 1066 3926 Ox.
1092 3871 1179 3926 habet
1194 3887 1243 3926 co·

91 3940 232 4009 luptatenn.
269 3937 397 3991 Eandem
415 3938 849 4004 confusionemlbcumbabere
867 3940 1016 3995 docuimus
1035 3942 1069 3995 de
1087 3944 1157 4013 Rep.
1171 3943 1194 3995 1.
1213 3945 1247 3999 2.·

89 4028 118 4081 p.
141 4012 186 4064 13:
213 4025 385 4078 quamquam
403 4017 479 4074 sunt,
503 4011 555 4081 mni
573 4011 614 4063 ibi
631 4011 799 4079 uoluptatem
823 4011 987 4080 defendant,
1013 4013 1063 4066 aed
1085 4014 1247 4067 rationibus

90 4097 192 4152 parom
215 4079 333 4133 idoneis.
360 4080 405 4133 cf.
428 4079 521 4132 Beier.
548 4081 660 4141 edilia.
689 4082 779 4135 lueb-
796 4085 838 4149 16,
857 4086 905 4138 61.
924 4101 954 4153 p.
973 4087 1018 4140 97.
1044 4092 1074 4137 et
1091 4084 1124 4136 in
1142 4083 1249 4138 Jahrb

91 4152 207 4205 Annall.
233 4146 351 4204 Philell.
376 4160 408 4216 et
430 4151 501 4204 Paeti
559 4170 579 4204 .·
593 4153 670 4208 182⁷.
695 4153 719 4204 1:
740 4155 771 4208 ³.
795 4169 824 4222 p.
844 4154 888 4208 31.
924 4156 990 4207 Mox
1013 4153 1093 4209 idem
1110 4155 1164 4209 Ox:
1189 4171 1244 4226 pro
1342 4186 1352 4198 -

54 4230 61 4240 '
90 4223 219 4277 noluntas
242 4221 328 4276 habet
346 4223 482 4288 voluptas.
502 4168 580 4275 Ἦν.
700 4230 711 4247 ··
730 4231 735 4236 ’
755 4238 759 4244 ·
924 4234 928 4243 “
1028 4236 1031 4241 “
1244 4258 1249 4265 ·

161 4296 233 4348 Eam
257 4295 306 4347 illi
328 4299 430 4361 putant
455 4293 486 4346 in
510 4295 571 4346 eolo
596 4306 657 4346 ecee
678 4290 818 4362 cupiente]
854 4293 922 4348 cod.
951 4293 1035 4349 vind.
1056 4301 1083 4352 1.
1110 4309 1187 4349 aare
1212 4292 1248 4348 in

70 4360 161 4418 'eolo
180 4364 269 4420 Rehd.
290 4366 400 4418 omittit
418 4380 494 4418 eece.-
513 4363 589 4417 unde
607 4361 670 4416 noli
689 4363 717 4416 ei
733 4363 923 4420 rerbo²litam
939 4382 1065 4426 movere.
1102 4365 1146 4418 Aa
1163 4381 1242 4434 seqq.
1355 4385 1361 4392 ’

92 4436 141 4489 Fr.
155 4436 318 4492 Fabricius:
337 4436 465 4506 βούλησις
482 4433 716 4507 apudhaiirtium
733 4433 872 4492 definitur
889 4435 998 4506 εὔλογος
1008 4430 1096 4510 ὄρεξις
1113 4433 1245 4506 ἐπιθυμία
