2842 5070
564 308 696 372 mssa
713 309 778 404 sv,
803 312 849 376 13.
1230 312 1299 379 sss

143 478 244 541 babet
265 476 527 540 dissentientes:
557 483 759 558 uteorum,
792 476 849 557 qui
880 494 948 536 non
974 472 1073 562 longe
1095 496 1115 541 a
1135 478 1298 560 sapientia

144 564 273 633 absunt,
295 561 424 622 effectio
448 567 497 618 est
516 558 574 618 ille
596 558 728 639 quidem
750 557 944 640 discrepans
960 558 1025 619 sibi
1047 560 1135 640 ipsa,
1153 559 1299 625 domest

142 643 314 728 insipiens,
344 641 401 704 sed
423 646 489 701 non'
511 640 652 720 distorta
673 660 734 702 nec
755 661 877 722 preve..
920 639 1036 702 Morbi
1058 652 1169 704 sutem
1191 652 1224 704 et
1245 664 1297 706 ae-

139 731 348 814 grotationes
371 733 483 806 partes
499 731 578 796 sunt
589 725 795 786 vitiositatis.
817 722 884 787 Sed
897 725 1169 805 perturbationes
1188 727 1297 789 sintne

106 809 108 815 ’
142 809 290 887 eiusdem
312 818 435 892 partes,
469 808 700 891 quaestinest.
754 807 851 868 Vitia
882 808 971 870 enirn
1003 809 1195 870 affectiones
1217 817 1296 870 sunt
1314 811 1357 865 bb.

121 889 331 972 *manentem
362 889 634 972 perturbationes
656 898 778 966 autem,
812 896 1000 951 mouentes:
1022 897 1148 967 utnon
1170 893 1298 972 possint

141 977 355 1036 effectionum
376 973 580 1033 manentium
602 981 715 1053 partes
748 991 830 1033 esse.
883 971 993 1054 Atque
1013 980 1052 1032 ut
1074 974 1109 1032 in
1132 976 1226 1034 malis
1248 983 1296 1035 at·
1379 1009 1381 1012 ν

143 1060 243 1143 tingit
265 1057 369 1118 enimi
393 1063 547 1115 naturam
563 1057 717 1135 corporis
736 1053 933 1130 similitudo,
956 1056 1003 1118 sio
1024 1056 1061 1114 in
1083 1056 1190 1119 bonis.
1212 1055 1297 1118 Sunt
1331 1059 1335 1067 '

86 1144 88 1149 ’
141 1142 230 1201 enim
263 1141 299 1199 in
332 1157 474 1216 corpore
508 1139 698 1218 praecipua,
728 1135 958 1219 pulchritudo,
991 1139 1093 1213 vires,
1127 1139 1317 1218 valetudo,
1362 1184 1364 1187 -

139 1221 292 1294 firmitas,
319 1222 495 1284 velocitast
528 1226 607 1282 sunt
628 1221 708 1280 item
730 1222 767 1281 in
789 1220 910 1282 animo.
963 1220 1026 1281 Est¹
1054 1221 1142 1281 enim
1172 1241 1294 1303 corpo·
1315 1227 1342 1280 b.

937 1328 940 1338 t

775 1346 853 1352 —
1190 1350 1296 1360 ———-—

138 1393 284 1449 Schwarz.
310 1390 471 1445 semellia:
496 1387 550 1441 ua.
581 1387 680 1442 Germ.
703 1407 732 1458 p.
752 1392 813 1444 sss.
840 1408 864 1442 ο.
891 1386 1118 1446 s.11.v.uu.
1157 1380 1200 1445 Aa
1227 1409 1295 1445 con-

138 1466 329 1519 structionem
354 1462 519 1533 discrepaus
547 1458 604 1512 sibi
630 1459 692 1527 ipsa
716 1462 754 1512 cf.
769 1458 842 1512 ‘Cia
870 1461 904 1515 de
924 1460 970 1519 Or.
991 1462 1043 1514 ΙΙΙ.
1068 1465 1111 1518 50.
1139 1464 1205 1519 lut:
1243 1465 1295 1517 sed

138 1537 222 1603 etiam
240 1536 299 1603 ipsi
316 1534 370 1587 sibi
387 1531 498 1598 singuli
516 1531 716 1596 discrepantes.
754 1531 815 1583 Mr.

208 1606 305 1660 Morbi
324 1611 414 1672 antem
433 1609 460 1654 et
478 1603 701 1671 aegrotationes]
737 1602 799 1653 Duo
819 1601 906 1655 Codd.
926 1603 976 1654 Ox.
1003 1612 1032 1655 et
1050 1603 1137 1657 Marb.
1162 1611 1294 1673 aegrota-

138 1679 248 1740 tionis,
282 1677 386 1746 quibus
411 1673 552 1725 accedunt
576 1672 649 1726 Gud.
672 1678 694 1728 1.
719 1681 748 1726 et
767 1676 792 1728 2.
813 1673 866 1725 Ed.
887 1676 915 1728 P.
945 1674 986 1726 Et
1003 1673 1075 1728 haec
1102 1676 1218 1744 quidem
1237 1677 1291 1730 Ed.

136 1750 224 1803 habet
242 1750 272 1799 in
292 1764 368 1815 seqq.
392 1743 588 1810 vitiositates,
607 1761 683 1796 unus
701 1750 796 1796 autem
816 1761 851 1796 ex
871 1745 934 1797 iilis
954 1746 1024 1797 Oxx.
1044 1745 1197 1803 uitiositas.
1226 1751 1293 1801 Mox

139 1819 208 1874 cna.
229 1818 301 1892 Aug.
324 1817 444 1869 eiusdem
461 1815 589 1882 partis.
610 1814 684 1866 Gud.
706 1822 772 1882 post
791 1818 913 1883 quaestio
932 1817 1045 1868 omittit
1064 1824 1112 1869 est.
1142 1821 1221 1871 Unus
1241 1818 1291 1872 Ox.

137 1891 225 1944 habet
244 1889 373 1952 sintin,
398 1885 472 1938 alius
500 1892 639 1938 suntne.
679 1885 770 1938 Verba
787 1893 927 1938 manentes
947 1894 976 1939 et
993 1896 1129 1941 mouentes
1156 1889 1292 1956 Kernius,

138 1962 190 2034 qui
209 1960 323 2013 deitato
342 1959 407 2011 loco
426 1963 503 2009 recte
523 1956 674 2020 iudicavit,
694 1957 843 2008 commode
862 1957 954 2009 vertit
979 1955 1215 2028 beharrlicbe
1234 1961 1293 2014 und

136 2029 371 2088 wecbselnde
396 2027 571 2091 (Zust'ande).
608 2027 652 2079 Ad
677 2029 857 2082 sententiam
875 2027 934 2094 loci
959 2030 996 2082 cf.
1025 2029 1114 2082 etiem
1132 2030 1293 2083 Facciolati

137 2102 340 2158 institutiones
368 2099 492 2172 Logicae
517 2099 672 2171 Peripatet.
698 2116 726 2168 p.
747 2101 790 2153 65.
820 2100 870 2167 qui
895 2098 971 2152 liber
997 2099 1231 2173 elegantissimus
1260 2103 1293 2153 in

136 2175 243 2227 nostris
265 2171 355 2226 terris
381 2169 480 2239 paullo
505 2170 602 2220 rarior
631 2178 682 2221 est.
727 2169 839 2222 Prodiit
863 2171 992 2223 Venetiis
1018 2173 1100 2234 lium
1137 2188 1203 2225 cum
1234 2188 1292 2241 quo

136 2247 244 2299 coniun
268 2243 339 2297 enda
365 2248 432 2294 sunt
457 2238 584 2292 eiusdem
611 2240 670 2292 viri
688 2241 812 2316 Legisse
838 2238 1018 2310 Disciplinae
1035 2240 1223 2309 Rudimenta3
1251 2243 1313 2295 ib.-

137 2320 214 2372 1728.
260 2315 304 2367 od.
323 2311 413 2365 Rehd.
436 2310 553 2364 exhibet
572 2313 688 2365 inverso
708 2313 808 2367 ordine
827 2318 890 2363 sunt
909 2313 1074 2378 affectiones.
1093 2344 1123 2354 -
1143 2314 1291 2368 Menentes

136 2387 273 2459 intellige
297 2403 324 2436 v.
346 2401 370 2435 c.
397 2381 559 2446 avaritiam,
587 2381 780 2434 iracundiam:
818 2390 972 2450 mouentes;
1004 2384 1152 2449 laetitiam,
1181 2392 1291 2448 metum,

136 2458 294 2525 cupidinem
318 2454 354 2506 al.
382 2455 447 2505 Post
474 2459 612 2505 manentes
639 2453 670 2504 in
690 2453 758 2506 cod.
784 2454 859 2506 Mon.
882 2459 904 2508 1.
926 2455 1060 2523 sequitur
1078 2472 1151 2507 aero.
1190 2457 1292 2530 Pergit

88 2566 92 2578 .
136 2529 205 2583 Cod.
234 2525 330 2578 Duisb.
361 2523 583 2592 perturbationes
606 2539 704 2590 ¹atera,
733 2543 806 2576 unus
832 2524 883 2576 Ox.
916 2532 945 2577 et
969 2524 1043 2598 Aug.
1070 2527 1292 2594 perturbationes

135 2605 218 2653 sunt
233 2602 335 2662 autem,
357 2596 431 2647 Gud.
451 2595 563 2646 omittit
582 2601 759 2648 autemeam
777 2594 851 2648 Gud.
872 2597 897 2650 Ἄ.
922 2595 1003 2648 Unus
1024 2595 1074 2649 Ox.
1095 2598 1209 2650 omittit
1224 2614 1291 2665 per-

135 2669 304 2725 turbationes
322 2675 420 2728 aretem,
439 2672 584 2720 mouentes.
621 2665 665 2719 Ad
682 2684 710 2725 a.
730 2670 871 2735 mouentes
890 2668 927 2718 ai.
948 2666 1012 2719 Liv.
1033 2668 1069 2718 v>
1087 2670 1137 2723 25:
1160 2685 1228 2736 quae
1246 2684 1292 2720 re·

135 2759 198 2796 rum
221 2739 391 2793 mouentium
416 2737 463 2801 sit,
492 2736 542 2790 ubi
565 2736 624 2792 vid.
645 2737 786 2808 interprr.
812 2736 914 2790 Fuisse
936 2735 1016 2789 bunc
1038 2755 1122 2790 usum
1150 2739 1239 2790 etiam
1258 2740 1291 2791 in

135 2815 209 2878 iure,
229 2819 260 2864 ut
280 2811 340 2863 sint
358 2825 404 2861 res
422 2815 560 2861 mouentes
579 2809 602 2862 i.
618 2826 645 2878 q.
666 2826 713 2862 res
732 2808 854 2862 mobiles
874 2806 974 2870 (sicuti
992 2806 1022 2864 h.
1042 2808 1062 2859 l.
1083 2810 1242 2875 affectiones
1259 2810 1291 2864 ia

133 2884 234 2949 motu),
266 2882 324 2932 vid.
349 2878 468 2935 Barnab.
492 2878 617 2943 brisson.
646 2879 682 2933 de
700 2879 784 2933 Verb.
804 2879 909 2954 Signis.
931 2897 959 2931 v.
979 2893 1027 2931 res
1045 2881 1196 2934 Manantes.
1234 2882 1290 2934 Pro

130 2958 242 3024 possint
261 2969 334 3016 tanus
354 2950 404 3002 Os.
422 2957 553 3017 passum,-
572 2966 638 3002 mox
657 2952 713 3003 duo
732 2956 917 3003 manentes
932 2958 1039 3019 partes.
1061 2951 1136 3005 Gud.
1156 2954 1181 3008 2.
1202 2953 1291 3005 omit-

135 3028 173 3078 tit
191 3022 367 3085 mauentium,
386 3036 461 3072 unus
480 3020 531 3072 Ox.
550 3037 652 3092 vocem
671 3021 804 3088 corporis.
845 3032 848 3037 '
1098 3078 1103 3085 ,

138 3104 157 3123 ²
205 3093 304 3155 sicin
330 3088 424 3155 bonis]
465 3091 574 3143 Contra
597 3090 749 3144 Ciceronis
775 3109 887 3145 morem
911 3092 1019 3145 hebent
1042 3094 1084 3146 sic
1108 3099 1136 3145 et
1162 3093 1193 3145 in
1211 3094 1291 3148 bonis
1350 3144 1352 3149 ,

134 3164 212 3217 Edu·
235 3171 300 3215 ante
326 3164 410 3215 Grut.
437 3163 500 3212 iere
528 3177 637 3224 omnes,
664 3170 783 3232 excepta
801 3167 831 3224 P.
858 3163 913 3215 Sed
932 3164 1045 3217 codices
1063 3179 1122 3216 nou
1140 3163 1295 3228 addicunt,

136 3243 257 3306 excepto
275 3250 334 3286 uno
352 3231 437 3284 Vind.
461 3237 483 3286 l.
520 3231 639 3299 Reliqui
657 3249 757 3284 omnes
776 3231 923 3286 nobiscum
947 3235 1069 3289 iaciunt.
1107 3234 1245 3286 Voculam
1262 3241 1290 3286 et

135 3298 288 3360 servarant
306 3313 413 3366 tamen,
432 3311 497 3374 post
516 3303 637 3355 Gruteri
658 3304 878 3369 correctionem,
898 3302 1017 3360 lnllem.
1037 3312 1066 3356 et
1080 3302 1184 3357 Olivet.
1205 3304 1291 3358 item·

136 3397 202 3450 que,
222 3378 271 3447 qui
292 3393 340 3428 eos
360 3375 528 3443 saepissime,
545 3381 715 3443 sequuntur,
736 3375 818 3445 Bipp.
839 3382 869 3426 et
887 3373 1002 3428 Mannh.
1040 3376 1101 3428 Me.

181 3449 273 3503 .‘Sunt
297 3449 371 3499 enim
394 3449 424 3500 iu
448 3445 581 3513 corpore]
619 3445 706 3498 Abest
729 3448 760 3500 in
786 3464 802 3498 a
827 3446 955 3515 quinque
981 3444 1067 3500 Codd.
1090 3445 1159 3499 Oxx.
1188 3444 1288 3498 Duisb.

135 3521 248 3574 omittit
271 3520 434 3586 praecipua.
456 3517 554 3572 -Rebd,
580 3517 681 3590 pergit
699 3516 835 3581 ualitudo,
851 3517 1029 3584 'pulcrituda
1055 3517 1290 3584 formositas,

133 3593 217 3656 eires,
243 3590 382 3642 selemias.
419 3588 464 3641 Ad
489 3588 664 3641 sententiam
690 3588 726 3640 ef.
754 3585 939 3641 Stallbaumii
957 3588 1090 3664 Prolegg.
1119 3589 1151 3640 in
1178 3588 1288 3641 Platon.
1327 3588 1331 3593 ’

133 3662 244 3715 Phtleb.
263 3679 292 3729 p.
312 3659 440 3722 XXVIII,
464 3662 507 3714 37.
546 3662 606 3713 Mr.
1054 3714 1057 3719 .

205 3732 273 3785 Sunt
293 3731 358 3783 item
384 3730 416 3781 in
434 3731 535 3783 auimo.
577 3730 613 3792 Ut
632 3730 707 3784 enim
730 3731 857 3798 corporis
884 3729 1055 3797 temperatio]
1092 3729 1232 3805 „vulgos
1261 3731 1291 3784 ia
1332 3769 1339 3774 -

136 3803 229 3856 animo
249 3801 374 3869 eorporis
392 3801 555 3868 temperatio
574 3819 634 3854 eum
653 3819 686 3856 ea
704 3806 874 3869 congruant:
892 3803 980 3856 Liber
998 3801 1054 3857 MS.
1074 3799 1174 3865 babets
1200 3804 1291 3858 sicat
1353 3856 1355 3864 ,

135 3874 211 3927 enim
230 3888 309 3938 carp.
324 3872 485 3937 temperatio
505 3880 654 3942 ete'quae
672 3873 790 3926 videtur
808 3873 914 3927 melior
933 3873 1032 3926 lectio.
1070 3871 1127 3926 Sed
1150 3890 1216 3924 cum
1242 3873 1291 3927 ed·
1342 3885 1368 3913 -'

136 3947 243 3999 dantur
265 3942 321 3994 duo
344 3941 441 4005 verba,
470 3944 625 4011 minusque
655 3944 703 4009 sit,
732 3952 923 4013 transponere
942 3943 1036 4009 verba,
1065 3961 1151 4014 quam
1176 3943 1289 4009 addere,

134 4019 178 4072 ita
196 4013 335 4088 legerim:
362 4011 433 4092 Sunt
450 4015 522 4070 enim
540 4011 572 4081 in
590 4029 705 4082 corpere
723 4016 861 4081 ualetudo,
888 4013 1077 4084 pulchritudo,
1104 4017 1190 4080 uires,
1216 4014 1290 4069 uelo·

134 4091 221 4143 citas:
249 4091 313 4137 sant
331 4082 398 4135 item
420 4098 451 4134 en
469 4085 570 4136 anima.
593 4085 793 4151 praecipua
817 4089 946 4154 corperis
974 4085 1147 4154 temperatio,
1176 4103 1237 4138 eum
1256 4102 1291 4138 ea

135 4163 290 4226 congruunt
312 4156 386 4208 inter
410 4170 448 4218 se,
474 4170 489 4205 e
514 4154 610 4222 quibus
637 4160 809 4221 constamus,
836 4157 956 4208 sanitas·
973 4159 1016 4208 sic
1042 4156 1132 4209 aninn'
1151 4154 1291 4210 dicitur.“

137 4231 266 4285 Ursinus.
304 4225 464 4279 camerarii
482 4225 640 4277 lectionem
658 4224 748 4278 habes.
763 4225 795 4276 in
812 4226 947 4278 Excursu
965 4226 1000 4279 ad
1017 4225 1115 4296 paullo
1130 4229 1288 4297 superiora.
1365 4277 1367 4281 ,

134 4303 205 4367 „Et
228 4307 265 4352 ut
289 4297 415 4366 eorporis
439 4301 494 4349 est
520 4298 692 4362 temperatio,
722 4311 802 4362 quaen
820 4313 858 4349 ea
872 4303 1029 4364 congruant
1056 4298 1132 4350 inter
1149 4314 1178 4349 se
1196 4313 1211 4350 e
1230 4298 1290 4365 qui·

135 4374 184 4426 bus
201 4376 372 4437 constamus,
385 4368 427 4420 sic
447 4367 537 4420 animi
553 4367 662 4419 sanitas
680 4366 797 4433 dieitur,
822 4383 905 4438 quum
930 4376 983 4423 ete.
1020 4368 1119 4421 Etiam
1141 4366 1191 4418 hic
1219 4383 1289 4419 con·

134 4443 232 4514 spiret.
243 4451 273 4498 et
291 4441 428 4519 mugruit
446 4439 521 4512 ratio
540 4455 608 4499 eum
624 4438 799 4494 auctoritate
817 4447 949 4496 veterum
961 4440 1116 4506 librorum,
1136 4438 1167 4492 in
1183 4432 1288 4507 quibui
