<?xml version="1.0" encoding="UTF-8"?>
<!DOCTYPE html PUBLIC "-//W3C//DTD XHTML 1.0 Transitional//EN"
    "http://www.w3.org/TR/xhtml1/DTD/xhtml1-transitional.dtd">
<html xmlns="http://www.w3.org/1999/xhtml" xml:lang="en" lang="en">
 <head>
  <title>
</title>
<meta http-equiv="Content-Type" content="text/html;charset=utf-8" />
  <meta name='ocr-system' content='tesseract 3.04.00' />
  <meta name='ocr-capabilities' content='ocr_page ocr_carea ocr_par ocr_line ocrx_word'/>
</head>
<body>
  <div class='ocr_page' id='page_1' title='image "./mtulliiciceroni00davigoog_0270.png"; bbox 0 0 2842 5070; ppageno 0'>
   <div class='ocr_carea' id='block_1_1' title="bbox 477 271 1219 415">
    <p class='ocr_par' dir='ltr' id='par_1_1' title="bbox 477 271 1219 415">
     <span class='ocr_line' id='line_1_1' title="bbox 477 271 1219 415; baseline 0.005 -28"><span class='ocrx_word' id='word_1_1' title='bbox 477 325 625 388; x_wconf 79' lang='lat' dir='ltr'><strong>-msm</strong></span> <span class='ocrx_word' id='word_1_2' title='bbox 653 271 715 407; x_wconf 73' lang='lat' dir='ltr'><strong>iv,</strong></span> <span class='ocrx_word' id='word_1_3' title='bbox 744 331 774 392; x_wconf 82' lang='lat'><strong>2.</strong></span> <span class='ocrx_word' id='word_1_4' title='bbox 807 349 815 415; x_wconf 51' lang='lat'><strong>·,</strong></span> <span class='ocrx_word' id='word_1_5' title='bbox 851 386 853 390; x_wconf 85' lang='lat'><strong>.</strong></span> <span class='ocrx_word' id='word_1_6' title='bbox 1085 362 1089 374; x_wconf 82' lang='lat'><strong>·</strong></span> <span class='ocrx_word' id='word_1_7' title='bbox 1156 329 1219 394; x_wconf 83' lang='lat' dir='ltr'><strong>uu</strong></span> 
     </span>
    </p>
   </div>
   <div class='ocr_carea' id='block_1_2' title="bbox 62 473 1302 819">
    <p class='ocr_par' dir='ltr' id='par_1_2' title="bbox 62 473 1302 798">
     <span class='ocr_line' id='line_1_2' title="bbox 63 473 1220 573; baseline 0 -21"><span class='ocrx_word' id='word_1_8' title='bbox 63 493 132 553; x_wconf 87' lang='lat' dir='ltr'><strong>tius</strong></span> <span class='ocrx_word' id='word_1_9' title='bbox 163 473 277 573; x_wconf 81' lang='lat' dir='ltr'><strong>laudat</strong></span> <span class='ocrx_word' id='word_1_10' title='bbox 309 490 452 571; x_wconf 86' lang='lat' dir='ltr'><strong>epistola</strong></span> <span class='ocrx_word' id='word_1_11' title='bbox 484 490 637 569; x_wconf 83' lang='lat' dir='ltr'><strong>quadam,</strong></span> <span class='ocrx_word' id='word_1_12' title='bbox 664 511 750 572; x_wconf 89' lang='lat' dir='ltr'><strong>quae</strong></span> <span class='ocrx_word' id='word_1_13' title='bbox 779 501 831 555; x_wconf 85' lang='lat' dir='ltr'><strong>est</strong></span> <span class='ocrx_word' id='word_1_14' title='bbox 861 488 903 554; x_wconf 83' lang='lat' dir='ltr'><strong>ad</strong></span> <span class='ocrx_word' id='word_1_15' title='bbox 931 490 970 554; x_wconf 77' lang='lat' dir='ltr'><strong>Q.</strong></span> <span class='ocrx_word' id='word_1_16' title='bbox 996 487 1220 573; x_wconf 75' lang='lat' dir='ltr'><strong>Tuberonem,</strong></span> 
     </span>
     <span class='ocr_line' id='line_1_3' title="bbox 63 571 1302 660; baseline -0.002 -25"><span class='ocrx_word' id='word_1_17' title='bbox 63 573 353 660; x_wconf 79' lang='lat' dir='ltr'><strong>Pythagoreorum</strong></span> <span class='ocrx_word' id='word_1_18' title='bbox 381 571 539 645; x_wconf 66' lang='lat' dir='ltr'><strong>videtur.</strong></span> <span class='ocrx_word' id='word_1_19' title='bbox 578 572 688 635; x_wconf 86' lang='lat' dir='ltr'><strong>Multa</strong></span> <span class='ocrx_word' id='word_1_20' title='bbox 716 575 818 636; x_wconf 89' lang='lat' dir='ltr'><strong>etiam</strong></span> <span class='ocrx_word' id='word_1_21' title='bbox 845 581 924 636; x_wconf 88' lang='lat' dir='ltr'><strong>sunt</strong></span> <span class='ocrx_word' id='word_1_22' title='bbox 955 575 992 633; x_wconf 90' lang='lat' dir='ltr'><strong>in</strong></span> <span class='ocrx_word' id='word_1_23' title='bbox 1018 573 1142 632; x_wconf 88' lang='lat' dir='ltr'><strong>nostris</strong></span> <span class='ocrx_word' id='word_1_24' title='bbox 1170 576 1222 633; x_wconf 91' lang='lat' dir='ltr'><strong>in·</strong></span> <span class='ocrx_word' id='word_1_25' title='bbox 1299 608 1302 613; x_wconf 77' lang='lat'><strong>,</strong></span> 
     </span>
     <span class='ocr_line' id='line_1_4' title="bbox 62 654 1223 798; baseline 0 -83"><span class='ocrx_word' id='word_1_26' title='bbox 62 657 189 716; x_wconf 85' lang='lat' dir='ltr'><strong>stitutis</strong></span> <span class='ocrx_word' id='word_1_27' title='bbox 211 655 310 715; x_wconf 89' lang='lat' dir='ltr'><strong>ducta</strong></span> <span class='ocrx_word' id='word_1_28' title='bbox 332 654 371 714; x_wconf 87' lang='lat' dir='ltr'><strong>ab</strong></span> <span class='ocrx_word' id='word_1_29' title='bbox 393 655 478 718; x_wconf 81' lang='lat' dir='ltr'><strong>illis:</strong></span> <span class='ocrx_word' id='word_1_30' title='bbox 502 667 588 735; x_wconf 86' lang='lat' dir='ltr'><strong>quae</strong></span> <span class='ocrx_word' id='word_1_31' title='bbox 609 664 797 737; x_wconf 86' lang='lat' dir='ltr'><strong>praetereo,</strong></span> <span class='ocrx_word' id='word_1_32' title='bbox 812 676 860 738; x_wconf 16' lang='lat' dir='ltr'><strong>‘no</strong></span> <span class='ocrx_word' id='word_1_33' title='bbox 882 675 932 732; x_wconf 88' lang='lat' dir='ltr'><strong>ea,</strong></span> <span class='ocrx_word' id='word_1_34' title='bbox 954 673 1037 798; x_wconf 73' lang='lat' dir='ltr'><strong>quae</strong></span> <span class='ocrx_word' id='word_1_35' title='bbox 1054 656 1223 733; x_wconf 81' lang='lat' dir='ltr'><strong>peperisse</strong></span> 
     </span>
    </p>

    <p class='ocr_par' dir='ltr' id='par_1_3' title="bbox 63 735 1258 819">
     <span class='ocr_line' id='line_1_5' title="bbox 63 735 1258 819; baseline -0.003 -22"><span class='ocrx_word' id='word_1_36' title='bbox 63 739 128 819; x_wconf 90' lang='lat' dir='ltr'><strong>ipsi</strong></span> <span class='ocrx_word' id='word_1_37' title='bbox 150 745 320 818; x_wconf 88' lang='lat' dir='ltr'><strong>putamur,</strong></span> <span class='ocrx_word' id='word_1_38' title='bbox 343 735 480 813; x_wconf 83' lang='lat' dir='ltr'><strong>aliunde</strong></span> <span class='ocrx_word' id='word_1_39' title='bbox 501 736 657 802; x_wconf 85' lang='lat' dir='ltr'><strong>didicisse</strong></span> <span class='ocrx_word' id='word_1_40' title='bbox 683 739 868 802; x_wconf 85' lang='lat' dir='ltr'><strong>videamur.</strong></span> <span class='ocrx_word' id='word_1_41' title='bbox 910 737 952 798; x_wconf 90' lang='lat' dir='ltr'><strong>Se</strong></span> <span class='ocrx_word' id='word_1_42' title='bbox 977 780 987 811; x_wconf 92' lang='lat'><strong>,</strong></span> <span class='ocrx_word' id='word_1_43' title='bbox 1009 745 1048 797; x_wconf 90' lang='lat' dir='ltr'><strong>ut</strong></span> <span class='ocrx_word' id='word_1_44' title='bbox 1076 735 1119 796; x_wconf 92' lang='lat' dir='ltr'><strong>ad</strong></span> <span class='ocrx_word' id='word_1_45' title='bbox 1139 755 1217 817; x_wconf 91' lang='lat' dir='ltr'><strong>pro·</strong></span> <span class='ocrx_word' id='word_1_46' title='bbox 1233 738 1258 793; x_wconf 82' lang='lat'><strong>5.</strong></span> 
     </span>
    </p>
   </div>
   <div class='ocr_carea' id='block_1_3' title="bbox 64 861 1223 1098">
    <p class='ocr_par' dir='ltr' id='par_1_4' title="bbox 64 861 1223 1098">
     <span class='ocr_line' id='line_1_6' title="bbox 64 861 1223 980; baseline -0.001 -25"><span class='ocrx_word' id='word_1_47' title='bbox 64 895 121 956; x_wconf 84' lang='lat' dir='ltr'><strong>uno</strong></span> <span class='ocrx_word' id='word_1_48' title='bbox 141 871 238 973; x_wconf 68' lang='lat' dir='ltr'><strong>estet)</strong></span> <span class='ocrx_word' id='word_1_49' title='bbox 255 904 339 957; x_wconf 90' lang='lat' dir='ltr'><strong>Bern.</strong></span> <span class='ocrx_word' id='word_1_50' title='bbox 359 869 433 958; x_wconf 79' lang='lat' dir='ltr'><strong>Gud.</strong></span> <span class='ocrx_word' id='word_1_51' title='bbox 455 908 479 962; x_wconf 94' lang='lat'><strong>1.</strong></span> <span class='ocrx_word' id='word_1_52' title='bbox 498 907 524 959; x_wconf 74' lang='lat'><strong>2.</strong></span> <span class='ocrx_word' id='word_1_53' title='bbox 553 905 627 980; x_wconf 74' lang='lat' dir='ltr'><strong>Aug.</strong></span> <span class='ocrx_word' id='word_1_54' title='bbox 651 867 736 960; x_wconf 81' lang='lat' dir='ltr'><strong>Vind.</strong></span> <span class='ocrx_word' id='word_1_55' title='bbox 758 911 782 961; x_wconf 92' lang='lat'><strong>1.</strong></span> <span class='ocrx_word' id='word_1_56' title='bbox 811 906 898 958; x_wconf 86' lang='lat' dir='ltr'><strong>Marb.</strong></span> <span class='ocrx_word' id='word_1_57' title='bbox 928 908 1049 964; x_wconf 65' lang='lat' dir='ltr'><strong>Mon.‚l.</strong></span> <span class='ocrx_word' id='word_1_58' title='bbox 1068 906 1094 960; x_wconf 79' lang='lat'><strong>2.</strong></span> <span class='ocrx_word' id='word_1_59' title='bbox 1120 861 1223 958; x_wconf 73' lang='lat' dir='ltr'><strong>Duiib.</strong></span> 
     </span>
     <span class='ocr_line' id='line_1_7' title="bbox 64 973 1223 1098; baseline -0.001 -72"><span class='ocrx_word' id='word_1_60' title='bbox 64 974 171 1027; x_wconf 62' lang='lat' dir='ltr'><strong>Rehd.</strong></span> <span class='ocrx_word' id='word_1_61' title='bbox 191 973 376 1036; x_wconf 88' lang='lat' dir='ltr'><strong>Abiecerunt,</strong></span> <span class='ocrx_word' id='word_1_62' title='bbox 404 993 470 1027; x_wconf 90' lang='lat' dir='ltr'><strong>cum</strong></span> <span class='ocrx_word' id='word_1_63' title='bbox 497 976 632 1042; x_wconf 81' lang='lat' dir='ltr'><strong>Ernesto,</strong></span> <span class='ocrx_word' id='word_1_64' title='bbox 660 976 720 1030; x_wconf 82' lang='lat' dir='ltr'><strong>Alt.</strong></span> <span class='ocrx_word' id='word_1_65' title='bbox 739 979 803 1098; x_wconf 88' lang='lat' dir='ltr'><strong>Bip.</strong></span> <span class='ocrx_word' id='word_1_66' title='bbox 822 976 913 1030; x_wconf 88' lang='lat' dir='ltr'><strong>Nohb.</strong></span> <span class='ocrx_word' id='word_1_67' title='bbox 952 976 987 1028; x_wconf 92' lang='lat' dir='ltr'><strong>ln</strong></span> <span class='ocrx_word' id='word_1_68' title='bbox 1005 975 1070 1027; x_wconf 88' lang='lat' dir='ltr'><strong>Cod.</strong></span> <span class='ocrx_word' id='word_1_69' title='bbox 1090 975 1174 1026; x_wconf 88' lang='lat' dir='ltr'><strong>Vind.</strong></span> <span class='ocrx_word' id='word_1_70' title='bbox 1195 978 1223 1030; x_wconf 74' lang='lat'><strong>2.</strong></span> 
     </span>
    </p>
   </div>
   <div class='ocr_carea' id='block_1_4' title="bbox 64 1030 1348 1114">
    <p class='ocr_par' dir='ltr' id='par_1_5' title="bbox 64 1030 1348 1114">
     <span class='ocr_line' id='line_1_8' title="bbox 64 1030 1348 1114; baseline 0.002 -18"><span class='ocrx_word' id='word_1_71' title='bbox 64 1045 205 1114; x_wconf 77' lang='lat' dir='ltr'><strong>scriptum</strong></span> <span class='ocrx_word' id='word_1_72' title='bbox 224 1053 266 1097; x_wconf 90' lang='lat' dir='ltr'><strong>est</strong></span> <span class='ocrx_word' id='word_1_73' title='bbox 284 1044 354 1098; x_wconf 79' lang='lat' dir='ltr'><strong>mibi</strong></span> <span class='ocrx_word' id='word_1_74' title='bbox 372 1046 550 1113; x_wconf 61' lang='lat' dir='ltr'><strong>equidema</strong></span> <span class='ocrx_word' id='word_1_75' title='bbox 577 1048 622 1099; x_wconf 87' lang='lat' dir='ltr'><strong>Ad</strong></span> <span class='ocrx_word' id='word_1_76' title='bbox 638 1048 691 1101; x_wconf 89' lang='lat' dir='ltr'><strong>W.</strong></span> <span class='ocrx_word' id='word_1_77' title='bbox 712 1048 779 1100; x_wconf 70' lang='lat' dir='ltr'><strong>&#39;scho</strong></span> <span class='ocrx_word' id='word_1_78' title='bbox 794 1065 821 1099; x_wconf 88' lang='lat' dir='ltr'><strong>as</strong></span> <span class='ocrx_word' id='word_1_79' title='bbox 841 1047 975 1111; x_wconf 79' lang='lat' dir='ltr'><strong>Orethus,</strong></span> <span class='ocrx_word' id='word_1_80' title='bbox 998 1045 1034 1103; x_wconf 87' lang='lat' dir='ltr'><strong>ad</strong></span> <span class='ocrx_word' id='word_1_81' title='bbox 1051 1064 1078 1096; x_wconf 99' lang='lat' dir='ltr'><strong>v.</strong></span> <span class='ocrx_word' id='word_1_82' title='bbox 1099 1061 1223 1110; x_wconf 81' lang='lat' dir='ltr'><strong>carmen,</strong></span> <span class='ocrx_word' id='word_1_83' title='bbox 1306 1097 1310 1103; x_wconf 82' lang='grc'><strong>,</strong></span> <span class='ocrx_word' id='word_1_84' title='bbox 1343 1030 1348 1040; x_wconf 62' lang='grc'><strong>’</strong></span> 
     </span>
    </p>
   </div>
   <div class='ocr_carea' id='block_1_5' title="bbox 12 1105 1333 3161">
    <p class='ocr_par' dir='ltr' id='par_1_6' title="bbox 12 1105 1333 3161">
     <span class='ocr_line' id='line_1_9' title="bbox 64 1105 1222 1193; baseline 0.001 -27"><span class='ocrx_word' id='word_1_85' title='bbox 64 1115 144 1167; x_wconf 84' lang='lat' dir='ltr'><strong>addit</strong></span> <span class='ocrx_word' id='word_1_86' title='bbox 168 1116 330 1185; x_wconf 84' lang='lat' dir='ltr'><strong>explicandi</strong></span> <span class='ocrx_word' id='word_1_87' title='bbox 356 1133 438 1168; x_wconf 90' lang='lat' dir='ltr'><strong>causa</strong></span> <span class='ocrx_word' id='word_1_88' title='bbox 469 1105 586 1183; x_wconf 77' lang='lat' dir='ltr'><strong>morale,</strong></span> <span class='ocrx_word' id='word_1_89' title='bbox 620 1134 743 1172; x_wconf 87' lang='lat' dir='ltr'><strong>monens</strong></span> <span class='ocrx_word' id='word_1_90' title='bbox 768 1119 834 1180; x_wconf 88' lang='lat' dir='ltr'><strong>tria,</strong></span> <span class='ocrx_word' id='word_1_91' title='bbox 868 1125 985 1186; x_wconf 84' lang='lat' dir='ltr'><strong>praeter</strong></span> <span class='ocrx_word' id='word_1_92' title='bbox 1009 1115 1097 1168; x_wconf 68' lang='lat' dir='ltr'><strong>hunc‘</strong></span> <span class='ocrx_word' id='word_1_93' title='bbox 1116 1116 1222 1193; x_wconf 74' lang='lat' dir='ltr'><strong>locum,</strong></span> 
     </span>
     <span class='ocr_line' id='line_1_10' title="bbox 20 1186 1325 1262; baseline -0.002 -23"><span class='ocrx_word' id='word_1_94' title='bbox 20 1198 24 1209; x_wconf 87' lang='lat'><strong><em>¹</em></strong></span> <span class='ocrx_word' id='word_1_95' title='bbox 65 1194 176 1239; x_wconf 80' lang='lat' dir='ltr'><strong>exstare</strong></span> <span class='ocrx_word' id='word_1_96' title='bbox 204 1188 263 1238; x_wconf 90' lang='lat' dir='ltr'><strong>eius</strong></span> <span class='ocrx_word' id='word_1_97' title='bbox 289 1196 401 1239; x_wconf 88' lang='lat' dir='ltr'><strong>tantum</strong></span> <span class='ocrx_word' id='word_1_98' title='bbox 428 1190 560 1262; x_wconf 81' lang='lat' dir='ltr'><strong>vestigia,</strong></span> <span class='ocrx_word' id='word_1_99' title='bbox 595 1188 669 1258; x_wconf 87' lang='lat' dir='ltr'><strong>apud</strong></span> <span class='ocrx_word' id='word_1_100' title='bbox 692 1187 995 1253; x_wconf 83' lang='lat' dir='ltr'><strong>Pseudo-Sallustium</strong></span> <span class='ocrx_word' id='word_1_101' title='bbox 1018 1186 1053 1238; x_wconf 88' lang='lat' dir='ltr'><strong>de</strong></span> <span class='ocrx_word' id='word_1_102' title='bbox 1077 1199 1139 1256; x_wconf 85' lang='lat' dir='ltr'><strong>rep.</strong></span> <span class='ocrx_word' id='word_1_103' title='bbox 1160 1187 1221 1238; x_wconf 92' lang='lat' dir='ltr'><strong>ord.</strong></span> <span class='ocrx_word' id='word_1_104' title='bbox 1322 1218 1325 1225; x_wconf 89' lang='lat'><em>-</em></span> 
     </span>
     <span class='ocr_line' id='line_1_11' title="bbox 66 1256 1251 1330; baseline -0.001 -20"><span class='ocrx_word' id='word_1_105' title='bbox 66 1260 91 1320; x_wconf 90' lang='lat'><strong>1,</strong></span> <span class='ocrx_word' id='word_1_106' title='bbox 112 1259 136 1309; x_wconf 92' lang='lat'><strong>1.</strong></span> <span class='ocrx_word' id='word_1_107' title='bbox 153 1293 155 1297; x_wconf 30' lang='grc' dir='ltr'><strong><em>ι</em></strong></span> <span class='ocrx_word' id='word_1_108' title='bbox 175 1257 291 1320; x_wconf 79' lang='lat' dir='ltr'><strong>Festum</strong></span> <span class='ocrx_word' id='word_1_109' title='bbox 308 1276 337 1309; x_wconf 81' lang='lat' dir='ltr'><strong>v.</strong></span> <span class='ocrx_word' id='word_1_110' title='bbox 355 1257 501 1327; x_wconf 78' lang='lat' dir='ltr'><strong>stuprum,</strong></span> <span class='ocrx_word' id='word_1_111' title='bbox 529 1259 668 1322; x_wconf 74' lang='lat' dir='ltr'><strong>Priscian:</strong></span> <span class='ocrx_word' id='word_1_112' title='bbox 685 1261 723 1317; x_wconf 69' lang='grc' dir='ltr'><strong>Β.</strong></span> <span class='ocrx_word' id='word_1_113' title='bbox 739 1277 768 1329; x_wconf 92' lang='grc' dir='ltr'><strong>Ρ.</strong></span> <span class='ocrx_word' id='word_1_114' title='bbox 789 1261 848 1314; x_wconf 80' lang='lat'><strong>792.</strong></span> <span class='ocrx_word' id='word_1_115' title='bbox 877 1257 993 1312; x_wconf 54' lang='lat' dir='ltr'><strong>Prcoll.</strong></span> <span class='ocrx_word' id='word_1_116' title='bbox 1018 1256 1167 1330; x_wconf 72' lang='lat' dir='ltr'><strong>Spalding}</strong></span> <span class='ocrx_word' id='word_1_117' title='bbox 1189 1256 1223 1309; x_wconf 88' lang='lat' dir='ltr'><strong>ad</strong></span> <span class='ocrx_word' id='word_1_118' title='bbox 1246 1257 1251 1262; x_wconf 85' lang='grc'>’</span> 
     </span>
     <span class='ocr_line' id='line_1_12' title="bbox 66 1325 1223 1451; baseline -0.004 -66"><span class='ocrx_word' id='word_1_119' title='bbox 66 1325 244 1451; x_wconf 42' lang='lat' dir='ltr'><strong>Quill-&#39;Ill&#39;q</strong></span> <span class='ocrx_word' id='word_1_120' title='bbox 261 1333 287 1385; x_wconf 97' lang='grc'><strong>4.</strong></span> <span class='ocrx_word' id='word_1_121' title='bbox 299 1331 425 1399; x_wconf 61' lang='lat' dir='ltr'><strong>pilii.</strong></span> <span class='ocrx_word' id='word_1_122' title='bbox 435 1329 675 1405; x_wconf 73' lang='lat' dir='ltr'><strong>,Pythagoricum</strong></span> <span class='ocrx_word' id='word_1_123' title='bbox 696 1339 794 1383; x_wconf 88' lang='lat' dir='ltr'><strong>autem</strong></span> <span class='ocrx_word' id='word_1_124' title='bbox 806 1329 891 1380; x_wconf 81' lang='lat' dir='ltr'><strong>&#39;illud</strong></span> <span class='ocrx_word' id='word_1_125' title='bbox 915 1344 1032 1380; x_wconf 88' lang='lat' dir='ltr'><strong>carmen</strong></span> <span class='ocrx_word' id='word_1_126' title='bbox 1055 1343 1113 1379; x_wconf 91' lang='lat' dir='ltr'><strong>non</strong></span> <span class='ocrx_word' id='word_1_127' title='bbox 1135 1328 1223 1380; x_wconf 83' lang='lat' dir='ltr'><strong>fuisse</strong></span> 
     </span>
     <span class='ocr_line' id='line_1_13' title="bbox 64 1415 1297 1458; baseline 0.003 -11"><span class='ocrx_word' id='word_1_128' title='bbox 64 1415 95 1447; x_wconf 80' lang='lat' dir='ltr'><strong>vr</strong></span> <span class='ocrx_word' id='word_1_129' title='bbox 116 1415 168 1450; x_wconf 80' lang='lat' dir='ltr'><strong>err.</strong></span> <span class='ocrx_word' id='word_1_130' title='bbox 242 1416 267 1451; x_wconf 79' lang='lat' dir='ltr'><strong>r.</strong></span> <span class='ocrx_word' id='word_1_131' title='bbox 642 1433 645 1440; x_wconf 75' lang='lat'>=</span> <span class='ocrx_word' id='word_1_132' title='bbox 1292 1451 1297 1458; x_wconf 85' lang='grc'>,</span> 
     </span>
     <span class='ocr_line' id='line_1_14' title="bbox 137 1468 1225 1542; baseline 0 -22"><span class='ocrx_word' id='word_1_133' title='bbox 137 1468 208 1536; x_wconf 82' lang='lat' dir='ltr'><strong>quod</strong></span> <span class='ocrx_word' id='word_1_134' title='bbox 225 1502 258 1513; x_wconf 88' lang='lat'><em>-</em></span> <span class='ocrx_word' id='word_1_135' title='bbox 277 1469 431 1524; x_wconf 76' lang='lat' dir='ltr'><strong>Panaetius</strong></span> <span class='ocrx_word' id='word_1_136' title='bbox 449 1471 550 1523; x_wconf 86' lang='lat' dir='ltr'><strong>iaudat</strong></span> <span class='ocrx_word' id='word_1_137' title='bbox 569 1498 602 1509; x_wconf 93' lang='lat'>-</span> <span class='ocrx_word' id='word_1_138' title='bbox 621 1470 742 1539; x_wconf 83' lang='lat' dir='ltr'><strong>epistola</strong></span> <span class='ocrx_word' id='word_1_139' title='bbox 760 1469 889 1542; x_wconf 81' lang='lat' dir='ltr'><strong>quadam]</strong></span> <span class='ocrx_word' id='word_1_140' title='bbox 924 1470 996 1523; x_wconf 85' lang='lat' dir='ltr'><strong>Erat</strong></span> <span class='ocrx_word' id='word_1_141' title='bbox 1012 1469 1084 1522; x_wconf 84' lang='lat' dir='ltr'><strong>haec</strong></span> <span class='ocrx_word' id='word_1_142' title='bbox 1103 1468 1225 1538; x_wconf 81' lang='lat' dir='ltr'><strong>epistola</strong></span> 
     </span>
     <span class='ocr_line' id='line_1_15' title="bbox 66 1538 1224 1610; baseline 0 -19"><span class='ocrx_word' id='word_1_143' title='bbox 66 1538 102 1592; x_wconf 85' lang='lat' dir='ltr'><strong>ad</strong></span> <span class='ocrx_word' id='word_1_144' title='bbox 119 1539 170 1604; x_wconf 84' lang='lat' dir='ltr'><strong>Qu.</strong></span> <span class='ocrx_word' id='word_1_145' title='bbox 190 1539 372 1595; x_wconf 87' lang='lat' dir='ltr'><strong>Tuberonem</strong></span> <span class='ocrx_word' id='word_1_146' title='bbox 397 1541 431 1596; x_wconf 86' lang='lat' dir='ltr'><strong>de</strong></span> <span class='ocrx_word' id='word_1_147' title='bbox 454 1542 555 1595; x_wconf 83' lang='lat' dir='ltr'><strong>dolore</strong></span> <span class='ocrx_word' id='word_1_148' title='bbox 566 1542 711 1608; x_wconf 86' lang='lat' dir='ltr'><strong>patiendo,</strong></span> <span class='ocrx_word' id='word_1_149' title='bbox 737 1552 772 1595; x_wconf 90' lang='lat' dir='ltr'><strong>ut</strong></span> <span class='ocrx_word' id='word_1_150' title='bbox 797 1542 932 1595; x_wconf 86' lang='lat' dir='ltr'><strong>discimus</strong></span> <span class='ocrx_word' id='word_1_151' title='bbox 951 1559 986 1594; x_wconf 82' lang='lat' dir='ltr'><strong>ex</strong></span> <span class='ocrx_word' id='word_1_152' title='bbox 1004 1541 1066 1610; x_wconf 90' lang='lat' dir='ltr'><strong>ipso</strong></span> <span class='ocrx_word' id='word_1_153' title='bbox 1085 1539 1224 1591; x_wconf 82' lang='lat' dir='ltr'><strong>Cicerone</strong></span> 
     </span>
     <span class='ocr_line' id='line_1_16' title="bbox 66 1609 1224 1682; baseline -0.001 -21"><span class='ocrx_word' id='word_1_154' title='bbox 66 1610 381 1668; x_wconf 65' lang='lat' dir='ltr'><strong>detinuimus.</strong></span> <span class='ocrx_word' id='word_1_155' title='bbox 410 1611 460 1664; x_wconf 91' lang='lat' dir='ltr'><strong>ubi</strong></span> <span class='ocrx_word' id='word_1_156' title='bbox 483 1613 541 1665; x_wconf 88' lang='lat' dir='ltr'><strong>vid&#39;.</strong></span> <span class='ocrx_word' id='word_1_157' title='bbox 562 1613 703 1666; x_wconf 82' lang='lat' dir='ltr'><strong>Goerenz.</strong></span> <span class='ocrx_word' id='word_1_158' title='bbox 732 1632 763 1682; x_wconf 87' lang='grc' dir='ltr'><strong>Ρ.</strong></span> <span class='ocrx_word' id='word_1_159' title='bbox 782 1616 843 1669; x_wconf 81' lang='lat'><strong>450.</strong></span> <span class='ocrx_word' id='word_1_160' title='bbox 872 1611 943 1664; x_wconf 90' lang='lat' dir='ltr'><strong>Add.</strong></span> <span class='ocrx_word' id='word_1_161' title='bbox 968 1628 1024 1663; x_wconf 88' lang='lat' dir='ltr'><strong>van</strong></span> <span class='ocrx_word' id='word_1_162' title='bbox 1042 1609 1172 1679; x_wconf 86' lang='lat' dir='ltr'><strong>Lynden.</strong></span> <span class='ocrx_word' id='word_1_163' title='bbox 1193 1610 1224 1660; x_wconf 89' lang='lat' dir='ltr'><strong>in</strong></span> 
     </span>
     <span class='ocr_line' id='line_1_17' title="bbox 12 1680 1225 1754; baseline -0.005 -18"><span class='ocrx_word' id='word_1_164' title='bbox 12 1731 17 1736; x_wconf 88' lang='lat'><strong>.</strong></span> <span class='ocrx_word' id='word_1_165' title='bbox 65 1680 145 1750; x_wconf 92' lang='lat' dir='ltr'><strong>Disp.</strong></span> <span class='ocrx_word' id='word_1_166' title='bbox 170 1681 204 1733; x_wconf 93' lang='lat' dir='ltr'><strong>de</strong></span> <span class='ocrx_word' id='word_1_167' title='bbox 228 1683 361 1743; x_wconf 79' lang='lat' dir='ltr'><strong>Panaetio</strong></span> <span class='ocrx_word' id='word_1_168' title='bbox 384 1686 499 1751; x_wconf 86' lang='lat' dir='ltr'><strong>p.-116.</strong></span> <span class='ocrx_word' id='word_1_169' title='bbox 526 1686 582 1752; x_wconf 60' lang='grc' dir='ltr'><strong>5ᾲῇ</strong></span> <span class='ocrx_word' id='word_1_170' title='bbox 599 1685 650 1753; x_wconf 90' lang='lat' dir='ltr'><strong>qui</strong></span> <span class='ocrx_word' id='word_1_171' title='bbox 677 1685 843 1737; x_wconf 78' lang='lat' dir='ltr'><strong>Fabricium</strong></span> <span class='ocrx_word' id='word_1_172' title='bbox 873 1682 980 1735; x_wconf 87' lang='lat' dir='ltr'><strong>erroris</strong></span> <span class='ocrx_word' id='word_1_173' title='bbox 1008 1698 1131 1754; x_wconf 79' lang='lat' dir='ltr'><strong>arguens</strong></span> <span class='ocrx_word' id='word_1_174' title='bbox 1164 1682 1225 1748; x_wconf 90' lang='lat' dir='ltr'><strong>ipse</strong></span> 
     </span>
     <span class='ocr_line' id='line_1_18' title="bbox 68 1751 1225 1823; baseline -0.001 -19"><span class='ocrx_word' id='word_1_175' title='bbox 68 1759 177 1804; x_wconf 79' lang='lat' dir='ltr'><strong>errasse</strong></span> <span class='ocrx_word' id='word_1_176' title='bbox 208 1752 332 1805; x_wconf 88' lang='lat' dir='ltr'><strong>videtur.</strong></span> <span class='ocrx_word' id='word_1_177' title='bbox 376 1754 512 1806; x_wconf 86' lang='lat' dir='ltr'><strong>Ceterum</strong></span> <span class='ocrx_word' id='word_1_178' title='bbox 540 1752 599 1804; x_wconf 88' lang='lat' dir='ltr'><strong>vid.</strong></span> <span class='ocrx_word' id='word_1_179' title='bbox 630 1754 676 1807; x_wconf 89' lang='lat' dir='ltr'><strong>de·</strong></span> <span class='ocrx_word' id='word_1_180' title='bbox 690 1755 783 1823; x_wconf 83' lang='lat' dir='ltr'><strong>Appio</strong></span> <span class='ocrx_word' id='word_1_181' title='bbox 797 1791 799 1795; x_wconf 44' lang='grc'><strong>.</strong></span> <span class='ocrx_word' id='word_1_182' title='bbox 812 1753 931 1808; x_wconf 82' lang='lat' dir='ltr'><strong>Claudio</strong></span> <span class='ocrx_word' id='word_1_183' title='bbox 959 1751 1060 1814; x_wconf 83' lang='lat' dir='ltr'><strong>Caeco,</strong></span> <span class='ocrx_word' id='word_1_184' title='bbox 1093 1751 1140 1801; x_wconf 85' lang='lat' dir='ltr'><strong>cui</strong></span> <span class='ocrx_word' id='word_1_185' title='bbox 1159 1759 1225 1803; x_wconf 90' lang='lat' dir='ltr'><strong>ante</strong></span> 
     </span>
     <span class='ocr_line' id='line_1_19' title="bbox 46 1814 1230 1889; baseline 0 -16"><span class='ocrx_word' id='word_1_186' title='bbox 46 1821 242 1874; x_wconf 19' lang='lat' dir='ltr'><strong>‘Caecitatem</strong></span> <span class='ocrx_word' id='word_1_187' title='bbox 260 1839 367 1875; x_wconf 87' lang='lat' dir='ltr'><strong>nomen</strong></span> <span class='ocrx_word' id='word_1_188' title='bbox 384 1824 442 1874; x_wconf 84' lang='lat' dir='ltr'><strong>fuit</strong></span> <span class='ocrx_word' id='word_1_189' title='bbox 461 1822 568 1889; x_wconf 79' lang='lat' dir='ltr'><strong>Crasso,</strong></span> <span class='ocrx_word' id='word_1_190' title='bbox 588 1825 616 1875; x_wconf 90' lang='lat' dir='ltr'><strong>P.</strong></span> <span class='ocrx_word' id='word_1_191' title='bbox 637 1825 730 1877; x_wconf 85' lang='lat' dir='ltr'><strong>Clodii</strong></span> <span class='ocrx_word' id='word_1_192' title='bbox 756 1826 852 1888; x_wconf 85' lang='lat' dir='ltr'><strong>abavo,</strong></span> <span class='ocrx_word' id='word_1_193' title='bbox 875 1823 934 1882; x_wconf 72' lang='lat' dir='ltr'><strong>rid.</strong></span> <span class='ocrx_word' id='word_1_194' title='bbox 961 1824 1032 1874; x_wconf 86' lang='lat' dir='ltr'><strong>Ern.</strong></span> <span class='ocrx_word' id='word_1_195' title='bbox 1053 1814 1131 1875; x_wconf 83' lang='lat' dir='ltr'><strong>Clav.</strong></span> <span class='ocrx_word' id='word_1_196' title='bbox 1152 1821 1230 1887; x_wconf 78' lang='lat' dir='ltr'><strong>Cic,</strong></span> 
     </span>
     <span class='ocr_line' id='line_1_20' title="bbox 67 1881 1262 1969; baseline 0.001 -26"><span class='ocrx_word' id='word_1_197' title='bbox 67 1892 196 1960; x_wconf 88' lang='lat' dir='ltr'><strong>itemque</strong></span> <span class='ocrx_word' id='word_1_198' title='bbox 216 1893 249 1945; x_wconf 91' lang='lat' dir='ltr'><strong>de</strong></span> <span class='ocrx_word' id='word_1_199' title='bbox 269 1895 299 1960; x_wconf 86' lang='lat' dir='ltr'><strong>Q.</strong></span> <span class='ocrx_word' id='word_1_200' title='bbox 312 1881 395 1947; x_wconf 86' lang='lat' dir='ltr'><strong>Aelio</strong></span> <span class='ocrx_word' id='word_1_201' title='bbox 409 1894 572 1969; x_wconf 66' lang='lat' dir='ltr'><strong>Tuberone,</strong></span> <span class='ocrx_word' id='word_1_202' title='bbox 591 1882 698 1959; x_wconf 67' lang='lat' dir='ltr'><strong>S&#39;toico,</strong></span> <span class='ocrx_word' id='word_1_203' title='bbox 711 1894 850 1946; x_wconf 70' lang='lat' dir='ltr'><strong>‘Africani</strong></span> <span class='ocrx_word' id='word_1_204' title='bbox 869 1894 938 1945; x_wconf 89' lang='lat' dir='ltr'><strong>min.</strong></span> <span class='ocrx_word' id='word_1_205' title='bbox 960 1892 1064 1944; x_wconf 88' lang='lat' dir='ltr'><strong>sororis</strong></span> <span class='ocrx_word' id='word_1_206' title='bbox 1082 1892 1159 1944; x_wconf 82' lang='lat' dir='ltr'><strong>filio:</strong></span> <span class='ocrx_word' id='word_1_207' title='bbox 1183 1891 1225 1944; x_wconf 91' lang='lat' dir='ltr'><strong>De</strong></span> <span class='ocrx_word' id='word_1_208' title='bbox 1260 1899 1262 1902; x_wconf 79' lang='grc'>’</span> 
     </span>
     <span class='ocr_line' id='line_1_21' title="bbox 66 1956 1225 2034; baseline 0 -20"><span class='ocrx_word' id='word_1_209' title='bbox 66 1960 190 2032; x_wconf 86' lang='lat' dir='ltr'><strong>utroque</strong></span> <span class='ocrx_word' id='word_1_210' title='bbox 209 1963 310 2016; x_wconf 88' lang='lat' dir='ltr'><strong>Cicero</strong></span> <span class='ocrx_word' id='word_1_211' title='bbox 334 1981 393 2016; x_wconf 94' lang='lat' dir='ltr'><strong>non</strong></span> <span class='ocrx_word' id='word_1_212' title='bbox 419 1964 508 2016; x_wconf 85' lang='lat' dir='ltr'><strong>semel</strong></span> <span class='ocrx_word' id='word_1_213' title='bbox 525 1956 678 2033; x_wconf 49' lang='lat' dir='ltr'><strong>loquitur}</strong></span> <span class='ocrx_word' id='word_1_214' title='bbox 704 1965 746 2016; x_wconf 90' lang='lat' dir='ltr'><strong>De</strong></span> <span class='ocrx_word' id='word_1_215' title='bbox 763 1966 923 2034; x_wconf 86' lang='lat' dir='ltr'><strong>posteriore</strong></span> <span class='ocrx_word' id='word_1_216' title='bbox 950 1982 980 2014; x_wconf 87' lang='lat' dir='ltr'><strong>v.</strong></span> <span class='ocrx_word' id='word_1_217' title='bbox 1007 1963 1094 2015; x_wconf 87' lang='lat' dir='ltr'><strong>etiam</strong></span> <span class='ocrx_word' id='word_1_218' title='bbox 1111 1962 1225 2031; x_wconf 76' lang='lat' dir='ltr'><strong>hyade-</strong></span> 
     </span>
     <span class='ocr_line' id='line_1_22' title="bbox 67 2031 1223 2109; baseline 0.003 -25"><span class='ocrx_word' id='word_1_219' title='bbox 67 2033 150 2084; x_wconf 91' lang='lat' dir='ltr'><strong>nium</strong></span> <span class='ocrx_word' id='word_1_220' title='bbox 174 2032 194 2085; x_wconf 94' lang='lat' dir='ltr'><strong>l.</strong></span> <span class='ocrx_word' id='word_1_221' title='bbox 223 2050 248 2084; x_wconf 90' lang='lat' dir='ltr'><strong>c.</strong></span> <span class='ocrx_word' id='word_1_222' title='bbox 273 2053 302 2105; x_wconf 92' lang='grc' dir='ltr'><strong>Ρ.</strong></span> <span class='ocrx_word' id='word_1_223' title='bbox 328 2038 371 2090; x_wconf 82' lang='grc'><strong>51.</strong></span> <span class='ocrx_word' id='word_1_224' title='bbox 400 2066 434 2076; x_wconf 94' lang='grc'><strong>-</strong></span> <span class='ocrx_word' id='word_1_225' title='bbox 476 2035 600 2109; x_wconf 83' lang='lat' dir='ltr'><strong>Legitur</strong></span> <span class='ocrx_word' id='word_1_226' title='bbox 623 2034 659 2088; x_wconf 85' lang='lat' dir='ltr'><strong>iu</strong></span> <span class='ocrx_word' id='word_1_227' title='bbox 682 2036 801 2105; x_wconf 82' lang='lat' dir='ltr'><strong>epistola</strong></span> <span class='ocrx_word' id='word_1_228' title='bbox 829 2031 976 2088; x_wconf 52' lang='lat' dir='ltr'><strong>intcoda.</strong></span> <span class='ocrx_word' id='word_1_229' title='bbox 1003 2032 1092 2087; x_wconf 88' lang='lat' dir='ltr'><strong>Rehd.</strong></span> <span class='ocrx_word' id='word_1_230' title='bbox 1127 2031 1223 2088; x_wconf 88' lang='lat' dir='ltr'><strong>Duisb.</strong></span> 
     </span>
     <span class='ocr_line' id='line_1_23' title="bbox 28 2101 1225 2174; baseline -0.001 -18"><span class='ocrx_word' id='word_1_231' title='bbox 28 2159 30 2162; x_wconf 73' lang='grc'><strong>,</strong></span> <span class='ocrx_word' id='word_1_232' title='bbox 67 2105 142 2156; x_wconf 82' lang='lat' dir='ltr'><strong>Mon.</strong></span> <span class='ocrx_word' id='word_1_233' title='bbox 162 2107 189 2160; x_wconf 78' lang='lat'><strong>2.</strong></span> <span class='ocrx_word' id='word_1_234' title='bbox 225 2104 267 2156; x_wconf 84' lang='lat' dir='ltr'><strong>Ile</strong></span> <span class='ocrx_word' id='word_1_235' title='bbox 284 2105 452 2174; x_wconf 50' lang='lat' dir='ltr'><strong>*scriptionis</strong></span> <span class='ocrx_word' id='word_1_236' title='bbox 478 2105 532 2157; x_wconf 89' lang='lat' dir='ltr'><strong>hac</strong></span> <span class='ocrx_word' id='word_1_237' title='bbox 558 2103 724 2158; x_wconf 80' lang='lat' dir='ltr'><strong>differentia</strong></span> <span class='ocrx_word' id='word_1_238' title='bbox 747 2106 805 2157; x_wconf 89' lang='lat' dir='ltr'><strong>vid.</strong></span> <span class='ocrx_word' id='word_1_239' title='bbox 831 2107 863 2159; x_wconf 75' lang='lat' dir='ltr'><strong>R:</strong></span> <span class='ocrx_word' id='word_1_240' title='bbox 884 2105 979 2157; x_wconf 82' lang='lat' dir='ltr'><strong>Klotz.</strong></span> <span class='ocrx_word' id='word_1_241' title='bbox 999 2105 1030 2163; x_wconf 87' lang='lat' dir='ltr'><strong>in</strong></span> <span class='ocrx_word' id='word_1_242' title='bbox 1048 2102 1147 2157; x_wconf 89' lang='lat' dir='ltr'><strong>Jahnii</strong></span> <span class='ocrx_word' id='word_1_243' title='bbox 1166 2101 1225 2155; x_wconf 86' lang='lat' dir='ltr'><strong>An-</strong></span> 
     </span>
     <span class='ocr_line' id='line_1_24' title="bbox 39 2174 1223 2251; baseline 0 -25"><span class='ocrx_word' id='word_1_244' title='bbox 39 2181 43 2186; x_wconf 84' lang='lat'>&#39;</span> <span class='ocrx_word' id='word_1_245' title='bbox 67 2175 137 2226; x_wconf 92' lang='lat' dir='ltr'><strong>nall.</strong></span> <span class='ocrx_word' id='word_1_246' title='bbox 156 2174 271 2227; x_wconf 88' lang='lat' dir='ltr'><strong>Philoll.</strong></span> <span class='ocrx_word' id='word_1_247' title='bbox 293 2185 322 2229; x_wconf 85' lang='lat' dir='ltr'><strong>et</strong></span> <span class='ocrx_word' id='word_1_248' title='bbox 340 2177 428 2228; x_wconf 89' lang='lat' dir='ltr'><strong>Paeda</strong></span> <span class='ocrx_word' id='word_1_249' title='bbox 451 2194 478 2251; x_wconf 78' lang='lat' dir='ltr'><strong>g.</strong></span> <span class='ocrx_word' id='word_1_250' title='bbox 501 2177 578 2231; x_wconf 88' lang='grc'><strong>1834.</strong></span> <span class='ocrx_word' id='word_1_251' title='bbox 592 2177 618 2230; x_wconf 89' lang='grc'><strong>4.</strong></span> <span class='ocrx_word' id='word_1_252' title='bbox 630 2193 659 2245; x_wconf 90' lang='lat' dir='ltr'><strong>p.</strong></span> <span class='ocrx_word' id='word_1_253' title='bbox 671 2178 733 2230; x_wconf 89' lang='grc'><strong>418.</strong></span> <span class='ocrx_word' id='word_1_254' title='bbox 761 2177 795 2227; x_wconf 88' lang='lat' dir='ltr'><strong>ln</strong></span> <span class='ocrx_word' id='word_1_255' title='bbox 804 2175 892 2228; x_wconf 83' lang='lat' dir='ltr'><strong>Marb.</strong></span> <span class='ocrx_word' id='word_1_256' title='bbox 913 2174 1097 2246; x_wconf 61' lang='lat' dir='ltr'><strong>estjepld,in</strong></span> <span class='ocrx_word' id='word_1_257' title='bbox 1111 2175 1223 2229; x_wconf 65' lang='lat' dir='ltr'><strong>Mon22&#39;.</strong></span> 
     </span>
     <span class='ocr_line' id='line_1_25' title="bbox 67 2194 1333 2320; baseline 0.001 -23"><span class='ocrx_word' id='word_1_258' title='bbox 67 2245 146 2297; x_wconf 87' lang='lat' dir='ltr'><strong>deest</strong></span> <span class='ocrx_word' id='word_1_259' title='bbox 170 2247 298 2314; x_wconf 83' lang='lat' dir='ltr'><strong>quadam.</strong></span> <span class='ocrx_word' id='word_1_260' title='bbox 331 2247 406 2300; x_wconf 73' lang='lat' dir='ltr'><strong>Cod.</strong></span> <span class='ocrx_word' id='word_1_261' title='bbox 424 2194 493 2320; x_wconf 61' lang='lat' dir='ltr'><strong>lieg.</strong></span> <span class='ocrx_word' id='word_1_262' title='bbox 524 2246 615 2301; x_wconf 71' lang='lat' dir='ltr'><strong>habet,</strong></span> <span class='ocrx_word' id='word_1_263' title='bbox 639 2251 688 2306; x_wconf 79' lang='lat' dir='ltr'><strong>est</strong></span> <span class='ocrx_word' id='word_1_264' title='bbox 702 2243 821 2315; x_wconf 51' lang='lat' dir='ltr'><strong>,atque</strong></span> <span class='ocrx_word' id='word_1_265' title='bbox 850 2245 1020 2306; x_wconf 77' lang='lat' dir='ltr'><strong>Tuberonem</strong></span> <span class='ocrx_word' id='word_1_266' title='bbox 1043 2253 1073 2296; x_wconf 90' lang='lat' dir='ltr'><strong>et</strong></span> <span class='ocrx_word' id='word_1_267' title='bbox 1096 2260 1165 2295; x_wconf 89' lang='lat' dir='ltr'><strong>cum</strong></span> <span class='ocrx_word' id='word_1_268' title='bbox 1193 2261 1225 2298; x_wconf 90' lang='lat' dir='ltr'><strong>eo</strong></span> <span class='ocrx_word' id='word_1_269' title='bbox 1330 2251 1333 2255; x_wconf 77' lang='grc'>’</span> 
     </span>
     <span class='ocr_line' id='line_1_26' title="bbox 69 2315 1224 2385; baseline -0.001 -17"><span class='ocrx_word' id='word_1_270' title='bbox 69 2316 143 2368; x_wconf 89' lang='lat' dir='ltr'><strong>Gud.</strong></span> <span class='ocrx_word' id='word_1_271' title='bbox 156 2320 179 2368; x_wconf 96' lang='grc'><strong>1.</strong></span> <span class='ocrx_word' id='word_1_272' title='bbox 208 2317 243 2367; x_wconf 90' lang='lat' dir='ltr'><strong>In</strong></span> <span class='ocrx_word' id='word_1_273' title='bbox 259 2318 366 2370; x_wconf 87' lang='lat' dir='ltr'><strong>duobus</strong></span> <span class='ocrx_word' id='word_1_274' title='bbox 386 2318 455 2370; x_wconf 87' lang='lat' dir='ltr'><strong>Oxx.</strong></span> <span class='ocrx_word' id='word_1_275' title='bbox 475 2317 600 2374; x_wconf 83' lang='lat' dir='ltr'><strong>Marb.et</strong></span> <span class='ocrx_word' id='word_1_276' title='bbox 615 2315 896 2385; x_wconf 42' lang='lat' dir='ltr'><strong>Gud.,2..ornittitur</strong></span> <span class='ocrx_word' id='word_1_277' title='bbox 914 2316 1090 2384; x_wconf 82' lang='lat' dir='ltr'><strong>praenomen</strong></span> <span class='ocrx_word' id='word_1_278' title='bbox 1104 2315 1135 2368; x_wconf 84' lang='grc' dir='ltr'><strong>Ο.</strong></span> <span class='ocrx_word' id='word_1_279' title='bbox 1163 2315 1224 2368; x_wconf 84' lang='lat' dir='ltr'><strong>Mr.</strong></span> 
     </span>
     <span class='ocr_line' id='line_1_27' title="bbox 138 2382 1227 2453; baseline 0.001 -16"><span class='ocrx_word' id='word_1_280' title='bbox 138 2382 382 2453; x_wconf 72' lang='lat' dir='ltr'><strong>Pythagoreorum</strong></span> <span class='ocrx_word' id='word_1_281' title='bbox 400 2386 523 2452; x_wconf 83' lang='lat' dir='ltr'><strong>videtur]</strong></span> <span class='ocrx_word' id='word_1_282' title='bbox 549 2388 660 2450; x_wconf 65' lang='lat' dir='ltr'><strong>„Unus</strong></span> <span class='ocrx_word' id='word_1_283' title='bbox 680 2386 765 2447; x_wconf 78' lang='lat' dir='ltr'><strong>Laid.</strong></span> <span class='ocrx_word' id='word_1_284' title='bbox 781 2395 823 2445; x_wconf 23' lang='lat' dir='ltr'><strong>,et</strong></span> <span class='ocrx_word' id='word_1_285' title='bbox 849 2384 922 2436; x_wconf 87' lang='lat' dir='ltr'><strong>unus</strong></span> <span class='ocrx_word' id='word_1_286' title='bbox 949 2385 1058 2438; x_wconf 88' lang='lat' dir='ltr'><strong>Davisii</strong></span> <span class='ocrx_word' id='word_1_287' title='bbox 1087 2385 1173 2450; x_wconf 89' lang='lat' dir='ltr'><strong>[Bal.‚</strong></span> <span class='ocrx_word' id='word_1_288' title='bbox 1192 2395 1227 2438; x_wconf 86' lang='lat' dir='ltr'><strong>ut</strong></span> 
     </span>
     <span class='ocr_line' id='line_1_28' title="bbox 62 2454 1301 2526; baseline 0.002 -20"><span class='ocrx_word' id='word_1_289' title='bbox 62 2454 204 2521; x_wconf 85' lang='lat' dir='ltr'><strong>vidimus]</strong></span> <span class='ocrx_word' id='word_1_290' title='bbox 226 2458 354 2526; x_wconf 90' lang='lat' dir='ltr'><strong>itemque</strong></span> <span class='ocrx_word' id='word_1_291' title='bbox 373 2455 704 2516; x_wconf 57' lang='lat' dir='ltr'><strong>meaEdrvetuhahent</strong></span> <span class='ocrx_word' id='word_1_292' title='bbox 715 2455 941 2524; x_wconf 78' lang='lat' dir='ltr'><strong>Pythagoreum,</strong></span> <span class='ocrx_word' id='word_1_293' title='bbox 962 2464 991 2507; x_wconf 90' lang='lat' dir='ltr'><strong>et</strong></span> <span class='ocrx_word' id='word_1_294' title='bbox 1010 2456 1051 2506; x_wconf 91' lang='lat' dir='ltr'><strong>ita</strong></span> <span class='ocrx_word' id='word_1_295' title='bbox 1069 2456 1130 2507; x_wconf 88' lang='lat' dir='ltr'><strong>sine</strong></span> <span class='ocrx_word' id='word_1_296' title='bbox 1141 2456 1226 2509; x_wconf 90' lang='lat' dir='ltr'><strong>dubio</strong></span> <span class='ocrx_word' id='word_1_297' title='bbox 1289 2480 1301 2494; x_wconf 46' lang='lat' dir='ltr'><strong>s</strong></span> 
     </span>
     <span class='ocr_line' id='line_1_29' title="bbox 71 2524 1227 2596; baseline 0.001 -19"><span class='ocrx_word' id='word_1_298' title='bbox 71 2531 115 2579; x_wconf 82' lang='lat' dir='ltr'><strong>est</strong></span> <span class='ocrx_word' id='word_1_299' title='bbox 132 2526 161 2577; x_wconf 88' lang='lat' dir='ltr'><strong>le</strong></span> <span class='ocrx_word' id='word_1_300' title='bbox 183 2526 319 2589; x_wconf 57' lang='lat' dir='ltr'><strong>endumJ‘</strong></span> <span class='ocrx_word' id='word_1_301' title='bbox 332 2526 425 2587; x_wconf 60' lang='lat' dir='ltr'><strong>‚Boua</strong></span> <span class='ocrx_word' id='word_1_302' title='bbox 462 2526 607 2596; x_wconf 80' lang='lat' dir='ltr'><strong>;,Semper</strong></span> <span class='ocrx_word' id='word_1_303' title='bbox 624 2525 698 2588; x_wconf 84' lang='lat' dir='ltr'><strong>mihi</strong></span> <span class='ocrx_word' id='word_1_304' title='bbox 718 2525 867 2596; x_wconf 86' lang='lat' dir='ltr'><strong>displicuit</strong></span> <span class='ocrx_word' id='word_1_305' title='bbox 884 2524 1135 2594; x_wconf 69' lang='lat' dir='ltr'><strong>Pythagoreorum.</strong></span> <span class='ocrx_word' id='word_1_306' title='bbox 1156 2526 1227 2591; x_wconf 81' lang='lat' dir='ltr'><strong>Quia</strong></span> 
     </span>
     <span class='ocr_line' id='line_1_30' title="bbox 70 2543 1227 2668; baseline 0.001 -21"><span class='ocrx_word' id='word_1_307' title='bbox 70 2596 103 2647; x_wconf 90' lang='lat' dir='ltr'><strong>in</strong></span> <span class='ocrx_word' id='word_1_308' title='bbox 120 2543 198 2650; x_wconf 55' lang='lat' dir='ltr'><strong>MSh.</strong></span> <span class='ocrx_word' id='word_1_309' title='bbox 217 2599 354 2660; x_wconf 40' lang='lat' dir='ltr'><strong>Parisset</strong></span> <span class='ocrx_word' id='word_1_310' title='bbox 373 2600 416 2662; x_wconf 87' lang='lat' dir='ltr'><strong>ed.</strong></span> <span class='ocrx_word' id='word_1_311' title='bbox 436 2607 505 2659; x_wconf 61' lang='lat' dir='ltr'><strong>vet:</strong></span> <span class='ocrx_word' id='word_1_312' title='bbox 520 2591 801 2668; x_wconf 79' lang='lat' dir='ltr'><strong>esththagoreum,</strong></span> <span class='ocrx_word' id='word_1_313' title='bbox 829 2596 859 2648; x_wconf 86' lang='lat' dir='ltr'><strong>id</strong></span> <span class='ocrx_word' id='word_1_314' title='bbox 881 2597 1012 2666; x_wconf 85' lang='lat' dir='ltr'><strong>recepi.“</strong></span> <span class='ocrx_word' id='word_1_315' title='bbox 1030 2597 1100 2649; x_wconf 83' lang='lat' dir='ltr'><strong>Era.</strong></span> <span class='ocrx_word' id='word_1_316' title='bbox 1138 2596 1227 2652; x_wconf 86' lang='lat' dir='ltr'><strong>Errat</strong></span> 
     </span>
     <span class='ocr_line' id='line_1_31' title="bbox 53 2666 1228 2739; baseline 0 -20"><span class='ocrx_word' id='word_1_317' title='bbox 53 2666 140 2739; x_wconf 61' lang='lat' dir='ltr'><strong>Era.</strong></span> <span class='ocrx_word' id='word_1_318' title='bbox 166 2667 211 2721; x_wconf 87' lang='lat' dir='ltr'><strong>de·</strong></span> <span class='ocrx_word' id='word_1_319' title='bbox 228 2667 314 2731; x_wconf 73' lang='lat' dir='ltr'><strong>void.</strong></span> <span class='ocrx_word' id='word_1_320' title='bbox 340 2670 438 2725; x_wconf 75' lang='lat' dir='ltr'><strong>Paris·</strong></span> <span class='ocrx_word' id='word_1_321' title='bbox 453 2668 658 2723; x_wconf 73' lang='lat' dir='ltr'><strong>ballemannus&#39;</strong></span> <span class='ocrx_word' id='word_1_322' title='bbox 682 2669 769 2734; x_wconf 89' lang='lat' dir='ltr'><strong>enim,</strong></span> <span class='ocrx_word' id='word_1_323' title='bbox 798 2668 849 2736; x_wconf 91' lang='lat' dir='ltr'><strong>qui</strong></span> <span class='ocrx_word' id='word_1_324' title='bbox 873 2666 1024 2721; x_wconf 87' lang='lat' dir='ltr'><strong>Bouhierii</strong></span> <span class='ocrx_word' id='word_1_325' title='bbox 1054 2667 1228 2719; x_wconf 81' lang='lat' dir='ltr'><strong>sententiam</strong></span> 
     </span>
     <span class='ocr_line' id='line_1_32' title="bbox 70 2736 1252 2813; baseline 0.001 -25"><span class='ocrx_word' id='word_1_326' title='bbox 70 2739 171 2802; x_wconf 87' lang='lat' dir='ltr'><strong>refert,</strong></span> <span class='ocrx_word' id='word_1_327' title='bbox 192 2739 307 2799; x_wconf 84' lang='lat' dir='ltr'><strong>disertis</strong></span> <span class='ocrx_word' id='word_1_328' title='bbox 334 2741 429 2799; x_wconf 89' lang='lat' dir='ltr'><strong>verbis</strong></span> <span class='ocrx_word' id='word_1_329' title='bbox 448 2741 489 2792; x_wconf 87' lang='lat' dir='ltr'><strong>ait</strong></span> <span class='ocrx_word' id='word_1_330' title='bbox 506 2739 610 2813; x_wconf 79' lang='lat' dir='ltr'><strong>Regios</strong></span> <span class='ocrx_word' id='word_1_331' title='bbox 629 2754 696 2791; x_wconf 52' lang='lat' dir='ltr'><strong>non*</strong></span> <span class='ocrx_word' id='word_1_332' title='bbox 714 2738 793 2792; x_wconf 91' lang='lat' dir='ltr'><strong>abire</strong></span> <span class='ocrx_word' id='word_1_333' title='bbox 812 2756 828 2789; x_wconf 89' lang='lat' dir='ltr'><strong>a</strong></span> <span class='ocrx_word' id='word_1_334' title='bbox 845 2739 897 2789; x_wconf 89' lang='lat' dir='ltr'><strong>vul</strong></span> <span class='ocrx_word' id='word_1_335' title='bbox 919 2737 979 2789; x_wconf 88' lang='lat' dir='ltr'><strong>atis.</strong></span> <span class='ocrx_word' id='word_1_336' title='bbox 1017 2736 1153 2789; x_wconf 80' lang='lat' dir='ltr'><strong>Ceterum</strong></span> <span class='ocrx_word' id='word_1_337' title='bbox 1173 2752 1252 2789; x_wconf 88' lang='lat' dir='ltr'><strong>nec·</strong></span> 
     </span>
     <span class='ocr_line' id='line_1_33' title="bbox 46 2756 1248 2932; baseline -0.003 -70"><span class='ocrx_word' id='word_1_338' title='bbox 46 2824 122 2932; x_wconf 59' lang='lat' dir='ltr'><strong>ppo</strong></span> <span class='ocrx_word' id='word_1_339' title='bbox 141 2808 271 2872; x_wconf 77' lang='lat' dir='ltr'><strong>diffiteor</strong></span> <span class='ocrx_word' id='word_1_340' title='bbox 288 2811 378 2884; x_wconf 78' lang='lat' dir='ltr'><strong>magis</strong></span> <span class='ocrx_word' id='word_1_341' title='bbox 404 2809 480 2867; x_wconf 86' lang='lat' dir='ltr'><strong>mihi</strong></span> <span class='ocrx_word' id='word_1_342' title='bbox 504 2810 622 2880; x_wconf 88' lang='lat' dir='ltr'><strong>placere</strong></span> <span class='ocrx_word' id='word_1_343' title='bbox 646 2809 803 2862; x_wconf 88' lang='lat' dir='ltr'><strong>lectionem</strong></span> <span class='ocrx_word' id='word_1_344' title='bbox 830 2808 862 2860; x_wconf 89' lang='lat' dir='ltr'><strong>ab</strong></span> <span class='ocrx_word' id='word_1_345' title='bbox 881 2756 955 2877; x_wconf 64' lang='lat' dir='ltr'><strong>Egra.</strong></span> <span class='ocrx_word' id='word_1_346' title='bbox 974 2807 1058 2860; x_wconf 81' lang='lat' dir='ltr'><strong>Schz.</strong></span> <span class='ocrx_word' id='word_1_347' title='bbox 1079 2807 1224 2877; x_wconf 75' lang='lat' dir='ltr'><strong>FAWolf.</strong></span> <span class='ocrx_word' id='word_1_348' title='bbox 1245 2811 1248 2821; x_wconf 88' lang='lat'>&#39;</span> 
     </span>
     <span class='ocr_line' id='line_1_34' title="bbox 99 2875 1226 2949; baseline -0.001 -18"><span class='ocrx_word' id='word_1_349' title='bbox 99 2879 337 2949; x_wconf 67' lang='lat' dir='ltr'><strong>obh‘receptam.</strong></span> <span class='ocrx_word' id='word_1_350' title='bbox 381 2880 436 2933; x_wconf 89' lang='lat' dir='ltr'><strong>Sed</strong></span> <span class='ocrx_word' id='word_1_351' title='bbox 460 2881 631 2933; x_wconf 88' lang='lat' dir='ltr'><strong>auctoritate</strong></span> <span class='ocrx_word' id='word_1_352' title='bbox 659 2881 765 2932; x_wconf 90' lang='lat' dir='ltr'><strong>nititur</strong></span> <span class='ocrx_word' id='word_1_353' title='bbox 792 2881 855 2931; x_wconf 86' lang='lat' dir='ltr'><strong>fere</strong></span> <span class='ocrx_word' id='word_1_354' title='bbox 885 2877 976 2930; x_wconf 89' lang='lat' dir='ltr'><strong>nulla.</strong></span> <span class='ocrx_word' id='word_1_355' title='bbox 1019 2875 1226 2947; x_wconf 80' lang='lat' dir='ltr'><strong>Pythagoreum</strong></span> 
     </span>
     <span class='ocr_line' id='line_1_35' title="bbox 68 2948 1329 3020; baseline -0.002 -18"><span class='ocrx_word' id='word_1_356' title='bbox 68 2948 175 3002; x_wconf 87' lang='lat' dir='ltr'><strong>habent</strong></span> <span class='ocrx_word' id='word_1_357' title='bbox 189 2951 307 3013; x_wconf 21' lang='lat' dir='ltr'><strong>‘nonnisi</strong></span> <span class='ocrx_word' id='word_1_358' title='bbox 325 2959 384 3002; x_wconf 87' lang='lat' dir='ltr'><strong>tres</strong></span> <span class='ocrx_word' id='word_1_359' title='bbox 400 2948 472 3002; x_wconf 78' lang='lat' dir='ltr'><strong>Oxx.</strong></span> <span class='ocrx_word' id='word_1_360' title='bbox 491 2951 598 3019; x_wconf 89' lang='lat' dir='ltr'><strong>peioris</strong></span> <span class='ocrx_word' id='word_1_361' title='bbox 617 2959 700 3003; x_wconf 91' lang='lat' dir='ltr'><strong>notae</strong></span> <span class='ocrx_word' id='word_1_362' title='bbox 719 2959 749 3002; x_wconf 89' lang='lat' dir='ltr'><strong>et</strong></span> <span class='ocrx_word' id='word_1_363' title='bbox 767 2948 849 3001; x_wconf 85' lang='lat' dir='ltr'><strong>Vind.</strong></span> <span class='ocrx_word' id='word_1_364' title='bbox 862 2953 894 3016; x_wconf 74' lang='lat' dir='ltr'><strong>l,</strong></span> <span class='ocrx_word' id='word_1_365' title='bbox 912 2950 1056 3020; x_wconf 87' lang='lat' dir='ltr'><strong>posterior</strong></span> <span class='ocrx_word' id='word_1_366' title='bbox 1073 2949 1227 3020; x_wconf 86' lang='lat' dir='ltr'><strong>praeponit</strong></span> <span class='ocrx_word' id='word_1_367' title='bbox 1310 2955 1329 2974; x_wconf 89' lang='lat'><strong>&#39;·</strong></span> 
     </span>
     <span class='ocr_line' id='line_1_36' title="bbox 17 3019 1183 3088; baseline 0.001 -17"><span class='ocrx_word' id='word_1_368' title='bbox 17 3038 30 3048; x_wconf 88' lang='grc'><em>·</em></span> <span class='ocrx_word' id='word_1_369' title='bbox 70 3019 190 3073; x_wconf 84' lang='lat' dir='ltr'><strong>videtur.</strong></span> <span class='ocrx_word' id='word_1_370' title='bbox 210 3019 299 3071; x_wconf 88' lang='lat' dir='ltr'><strong>Rehd.</strong></span> <span class='ocrx_word' id='word_1_371' title='bbox 321 3019 438 3078; x_wconf 84' lang='lat' dir='ltr'><strong>exhibet</strong></span> <span class='ocrx_word' id='word_1_372' title='bbox 456 3019 715 3088; x_wconf 70' lang='lat' dir='ltr'><strong>Pythagoricorum.</strong></span> <span class='ocrx_word' id='word_1_373' title='bbox 752 3022 814 3074; x_wconf 88' lang='lat' dir='ltr'><strong>Mr.</strong></span> <span class='ocrx_word' id='word_1_374' title='bbox 838 3019 845 3034; x_wconf 87' lang='lat'><strong><em>‘</em></strong></span> <span class='ocrx_word' id='word_1_375' title='bbox 940 3071 941 3076; x_wconf 72' lang='grc'>,</span> <span class='ocrx_word' id='word_1_376' title='bbox 1060 3063 1063 3067; x_wconf 91' lang='grc'><strong>.</strong></span> <span class='ocrx_word' id='word_1_377' title='bbox 1089 3069 1092 3074; x_wconf 86' lang='grc'><strong>,</strong></span> <span class='ocrx_word' id='word_1_378' title='bbox 1135 3041 1137 3045; x_wconf 51' lang='lat'><em>⁴</em></span> <span class='ocrx_word' id='word_1_379' title='bbox 1180 3039 1183 3044; x_wconf 94' lang='lat'>·</span> 
     </span>
     <span class='ocr_line' id='line_1_37' title="bbox 47 3088 1225 3161; baseline 0 -21"><span class='ocrx_word' id='word_1_380' title='bbox 47 3089 53 3112; x_wconf 78' lang='lat'><em>’</em></span> <span class='ocrx_word' id='word_1_381' title='bbox 124 3088 239 3141; x_wconf 85' lang='lat' dir='ltr'><strong>-Multa</strong></span> <span class='ocrx_word' id='word_1_382' title='bbox 258 3088 342 3141; x_wconf 85' lang='lat' dir='ltr'><strong>etiam</strong></span> <span class='ocrx_word' id='word_1_383' title='bbox 363 3089 445 3155; x_wconf 80' lang='lat' dir='ltr'><strong>suni]</strong></span> <span class='ocrx_word' id='word_1_384' title='bbox 484 3092 573 3155; x_wconf 89' lang='lat' dir='ltr'><strong>„Hoc</strong></span> <span class='ocrx_word' id='word_1_385' title='bbox 591 3091 675 3143; x_wconf 91' lang='lat' dir='ltr'><strong>modo</strong></span> <span class='ocrx_word' id='word_1_386' title='bbox 692 3091 852 3161; x_wconf 89' lang='lat' dir='ltr'><strong>procedunt</strong></span> <span class='ocrx_word' id='word_1_387' title='bbox 869 3090 956 3142; x_wconf 90' lang='lat' dir='ltr'><strong>verba</strong></span> <span class='ocrx_word' id='word_1_388' title='bbox 974 3091 1070 3142; x_wconf 85' lang='lat' dir='ltr'><strong>exed.</strong></span> <span class='ocrx_word' id='word_1_389' title='bbox 1091 3090 1225 3154; x_wconf 89' lang='lat' dir='ltr'><strong>Victorii,</strong></span> 
     </span>
    </p>
   </div>
   <div class='ocr_carea' id='block_1_6' title="bbox 71 3157 1228 3298">
    <p class='ocr_par' dir='ltr' id='par_1_7' title="bbox 71 3157 1228 3298">
     <span class='ocr_line' id='line_1_38' title="bbox 72 3157 1228 3229; baseline 0 -19"><span class='ocrx_word' id='word_1_390' title='bbox 72 3160 200 3229; x_wconf 87' lang='lat' dir='ltr'><strong>quinque</strong></span> <span class='ocrx_word' id='word_1_391' title='bbox 218 3159 391 3225; x_wconf 65' lang='lat' dir='ltr'><strong>Pataram.</strong></span> <span class='ocrx_word' id='word_1_392' title='bbox 411 3159 487 3212; x_wconf 86' lang='lat' dir='ltr'><strong>Pith.</strong></span> <span class='ocrx_word' id='word_1_393' title='bbox 508 3161 578 3227; x_wconf 83' lang='lat' dir='ltr'><strong>alias</strong></span> <span class='ocrx_word' id='word_1_394' title='bbox 596 3163 686 3212; x_wconf 87' lang='lat' dir='ltr'><strong>multa</strong></span> <span class='ocrx_word' id='word_1_395' title='bbox 705 3167 771 3219; x_wconf 22' lang='lat' dir='ltr'><strong>auat,</strong></span> <span class='ocrx_word' id='word_1_396' title='bbox 787 3159 903 3216; x_wconf 80' lang='lat' dir='ltr'><strong>etiam.‘,‘</strong></span> <span class='ocrx_word' id='word_1_397' title='bbox 923 3157 1019 3212; x_wconf 58' lang='lat' dir='ltr'><strong>aaut.</strong></span> <span class='ocrx_word' id='word_1_398' title='bbox 1036 3160 1228 3219; x_wconf 83' lang='lat' dir='ltr'><strong>Posteriorem</strong></span> 
     </span>
     <span class='ocr_line' id='line_1_39' title="bbox 71 3228 1227 3298; baseline -0.003 -15"><span class='ocrx_word' id='word_1_399' title='bbox 71 3230 204 3290; x_wconf 85' lang='lat' dir='ltr'><strong>ordinem</strong></span> <span class='ocrx_word' id='word_1_400' title='bbox 228 3229 332 3283; x_wconf 81' lang='lat' dir='ltr'><strong>habent</strong></span> <span class='ocrx_word' id='word_1_401' title='bbox 356 3231 428 3283; x_wconf 90' lang='lat' dir='ltr'><strong>Edd.</strong></span> <span class='ocrx_word' id='word_1_402' title='bbox 452 3237 519 3284; x_wconf 88' lang='lat' dir='ltr'><strong>ante</strong></span> <span class='ocrx_word' id='word_1_403' title='bbox 539 3230 629 3283; x_wconf 87' lang='lat' dir='ltr'><strong>Gebh.</strong></span> <span class='ocrx_word' id='word_1_404' title='bbox 650 3231 804 3298; x_wconf 69' lang='lat' dir='ltr'><strong>(exceptis</strong></span> <span class='ocrx_word' id='word_1_405' title='bbox 819 3229 888 3283; x_wconf 89' lang='lat' dir='ltr'><strong>Rob.</strong></span> <span class='ocrx_word' id='word_1_406' title='bbox 909 3228 1010 3297; x_wconf 81' lang='lat' dir='ltr'><strong>steph.</strong></span> <span class='ocrx_word' id='word_1_407' title='bbox 1030 3229 1114 3285; x_wconf 76' lang='lat' dir='ltr'><strong>Cam‘</strong></span> <span class='ocrx_word' id='word_1_408' title='bbox 1129 3229 1227 3293; x_wconf 86' lang='lat' dir='ltr'><strong>Leod.)</strong></span> 
     </span>
    </p>
   </div>
   <div class='ocr_carea' id='block_1_7' title="bbox 71 3282 1353 3363">
    <p class='ocr_par' dir='ltr' id='par_1_8' title="bbox 71 3282 1353 3363">
     <span class='ocr_line' id='line_1_40' title="bbox 71 3282 1353 3363; baseline -0.002 -9"><span class='ocrx_word' id='word_1_409' title='bbox 71 3309 101 3354; x_wconf 88' lang='lat' dir='ltr'><strong>et</strong></span> <span class='ocrx_word' id='word_1_410' title='bbox 120 3300 186 3354; x_wconf 85' lang='lat' dir='ltr'><strong>God.</strong></span> <span class='ocrx_word' id='word_1_411' title='bbox 207 3301 291 3352; x_wconf 86' lang='lat' dir='ltr'><strong>Vind.</strong></span> <span class='ocrx_word' id='word_1_412' title='bbox 314 3305 337 3355; x_wconf 91' lang='lat'><strong>1.</strong></span> <span class='ocrx_word' id='word_1_413' title='bbox 375 3303 410 3353; x_wconf 93' lang='lat' dir='ltr'><strong>In</strong></span> <span class='ocrx_word' id='word_1_414' title='bbox 429 3301 502 3356; x_wconf 86' lang='lat' dir='ltr'><strong>Gud.</strong></span> <span class='ocrx_word' id='word_1_415' title='bbox 523 3305 548 3355; x_wconf 93' lang='lat'><strong>1.</strong></span> <span class='ocrx_word' id='word_1_416' title='bbox 569 3309 612 3354; x_wconf 91' lang='lat' dir='ltr'><strong>est</strong></span> <span class='ocrx_word' id='word_1_417' title='bbox 629 3301 749 3363; x_wconf 63' lang='lat' dir='ltr'><strong>multam</strong></span> <span class='ocrx_word' id='word_1_418' title='bbox 774 3299 892 3360; x_wconf 66' lang='lat' dir='ltr'><strong>cauo.</strong></span> <span class='ocrx_word' id='word_1_419' title='bbox 913 3299 1022 3351; x_wconf 91' lang='lat' dir='ltr'><strong>omittit</strong></span> <span class='ocrx_word' id='word_1_420' title='bbox 1040 3306 1111 3352; x_wconf 83' lang='lat' dir='ltr'><strong>eunt.</strong></span> <span class='ocrx_word' id='word_1_421' title='bbox 1147 3301 1228 3352; x_wconf 79' lang='lat' dir='ltr'><strong>Unus</strong></span> <span class='ocrx_word' id='word_1_422' title='bbox 1290 3323 1293 3327; x_wconf 54' lang='lat'>¹</span> <span class='ocrx_word' id='word_1_423' title='bbox 1351 3282 1353 3285; x_wconf 31' lang='lat'>¹</span> 
     </span>
    </p>
   </div>
   <div class='ocr_carea' id='block_1_8' title="bbox 69 3369 1386 4501">
    <p class='ocr_par' dir='ltr' id='par_1_9' title="bbox 69 3369 1386 4501">
     <span class='ocr_line' id='line_1_41' title="bbox 72 3369 1272 3429; baseline -0.006 -6"><span class='ocrx_word' id='word_1_424' title='bbox 72 3372 122 3426; x_wconf 88' lang='lat' dir='ltr'><strong>Ox.</strong></span> <span class='ocrx_word' id='word_1_425' title='bbox 141 3370 401 3424; x_wconf 70' lang='lat' dir='ltr'><strong>habotiumeie.</strong></span> <span class='ocrx_word' id='word_1_426' title='bbox 434 3374 505 3424; x_wconf 87' lang='lat' dir='ltr'><strong>Ern.</strong></span> <span class='ocrx_word' id='word_1_427' title='bbox 525 3371 556 3421; x_wconf 92' lang='lat' dir='ltr'><strong>in</strong></span> <span class='ocrx_word' id='word_1_428' title='bbox 574 3388 639 3423; x_wconf 88' lang='lat' dir='ltr'><strong>ann.</strong></span> <span class='ocrx_word' id='word_1_429' title='bbox 660 3389 688 3423; x_wconf 86' lang='lat' dir='ltr'><strong>se</strong></span> <span class='ocrx_word' id='word_1_430' title='bbox 707 3370 784 3428; x_wconf 83' lang='lat' dir='ltr'><strong>dicta</strong></span> <span class='ocrx_word' id='word_1_431' title='bbox 803 3371 983 3429; x_wconf 80' lang='lat' dir='ltr'><strong>aitmutasse</strong></span> <span class='ocrx_word' id='word_1_432' title='bbox 1001 3369 1032 3420; x_wconf 90' lang='lat' dir='ltr'><strong>in</strong></span> <span class='ocrx_word' id='word_1_433' title='bbox 1051 3370 1150 3426; x_wconf 78' lang='lat' dir='ltr'><strong>ducta:</strong></span> <span class='ocrx_word' id='word_1_434' title='bbox 1179 3371 1226 3425; x_wconf 87' lang='lat' dir='ltr'><strong>Or.</strong></span> <span class='ocrx_word' id='word_1_435' title='bbox 1268 3412 1272 3416; x_wconf 82' lang='lat'><strong>.</strong></span> 
     </span>
     <span class='ocr_line' id='line_1_42' title="bbox 69 3432 1226 3514; baseline -0.002 -20"><span class='ocrx_word' id='word_1_436' title='bbox 69 3459 140 3495; x_wconf 88' lang='lat' dir='ltr'><strong>vero</strong></span> <span class='ocrx_word' id='word_1_437' title='bbox 169 3441 244 3492; x_wconf 88' lang='lat' dir='ltr'><strong>illud</strong></span> <span class='ocrx_word' id='word_1_438' title='bbox 267 3460 361 3512; x_wconf 90' lang='lat' dir='ltr'><strong>neque</strong></span> <span class='ocrx_word' id='word_1_439' title='bbox 386 3442 498 3514; x_wconf 83' lang='lat' dir='ltr'><strong>priores</strong></span> <span class='ocrx_word' id='word_1_440' title='bbox 526 3432 599 3494; x_wconf 84' lang='lat' dir='ltr'><strong>Edd.</strong></span> <span class='ocrx_word' id='word_1_441' title='bbox 627 3441 734 3494; x_wconf 88' lang='lat' dir='ltr'><strong>hahere</strong></span> <span class='ocrx_word' id='word_1_442' title='bbox 751 3493 753 3497; x_wconf 80' lang='grc'>,</span> <span class='ocrx_word' id='word_1_443' title='bbox 768 3449 897 3506; x_wconf 60' lang='lat' dir='ltr'><strong>monet„</strong></span> <span class='ocrx_word' id='word_1_444' title='bbox 911 3433 1005 3509; x_wconf 79' lang='lat' dir='ltr'><strong>neque</strong></span> <span class='ocrx_word' id='word_1_445' title='bbox 1033 3440 1226 3509; x_wconf 80' lang='lat' dir='ltr'><strong>Gebhardum.</strong></span> 
     </span>
     <span class='ocr_line' id='line_1_43' title="bbox 73 3509 1228 3576; baseline -0.001 -11"><span class='ocrx_word' id='word_1_446' title='bbox 73 3512 166 3565; x_wconf 73' lang='lat' dir='ltr'><strong>Gerte&#39;</strong></span> <span class='ocrx_word' id='word_1_447' title='bbox 183 3512 289 3564; x_wconf 88' lang='lat' dir='ltr'><strong>habent</strong></span> <span class='ocrx_word' id='word_1_448' title='bbox 316 3515 399 3566; x_wconf 87' lang='lat' dir='ltr'><strong>ducto</strong></span> <span class='ocrx_word' id='word_1_449' title='bbox 423 3514 476 3567; x_wconf 88' lang='lat' dir='ltr'><strong>Ed.</strong></span> <span class='ocrx_word' id='word_1_450' title='bbox 504 3513 586 3566; x_wconf 89' lang='lat' dir='ltr'><strong>Grut.</strong></span> <span class='ocrx_word' id='word_1_451' title='bbox 614 3515 692 3576; x_wconf 84' lang='grc'><strong>1618,</strong></span> <span class='ocrx_word' id='word_1_452' title='bbox 720 3511 854 3571; x_wconf 86' lang='lat' dir='ltr'><strong>Gronov.-</strong></span> <span class='ocrx_word' id='word_1_453' title='bbox 875 3511 960 3564; x_wconf 88' lang='lat' dir='ltr'><strong>Verb.</strong></span> <span class='ocrx_word' id='word_1_454' title='bbox 980 3509 1039 3561; x_wconf 90' lang='lat' dir='ltr'><strong>Alt.</strong></span> <span class='ocrx_word' id='word_1_455' title='bbox 1077 3511 1133 3566; x_wconf 88' lang='lat' dir='ltr'><strong>Sed</strong></span> <span class='ocrx_word' id='word_1_456' title='bbox 1151 3511 1228 3564; x_wconf 83' lang='lat' dir='ltr'><strong>dicta</strong></span> 
     </span>
     <span class='ocr_line' id='line_1_44' title="bbox 73 3572 1338 3655; baseline 0.002 -19"><span class='ocrx_word' id='word_1_457' title='bbox 73 3582 187 3652; x_wconf 88' lang='lat' dir='ltr'><strong>reperio</strong></span> <span class='ocrx_word' id='word_1_458' title='bbox 208 3584 244 3633; x_wconf 66' lang='lat' dir='ltr'><strong>‘in</strong></span> <span class='ocrx_word' id='word_1_459' title='bbox 269 3572 432 3636; x_wconf 59' lang='lat' dir='ltr'><strong>Edsnmst.</strong></span> <span class='ocrx_word' id='word_1_460' title='bbox 452 3603 495 3655; x_wconf 85' lang='lat' dir='ltr'><strong>ap.</strong></span> <span class='ocrx_word' id='word_1_461' title='bbox 521 3582 620 3646; x_wconf 90' lang='lat' dir='ltr'><strong>Blaeu.</strong></span> <span class='ocrx_word' id='word_1_462' title='bbox 641 3576 787 3645; x_wconf 63' lang='lat' dir='ltr'><strong>rotula</strong></span> <span class='ocrx_word' id='word_1_463' title='bbox 808 3601 835 3651; x_wconf 90' lang='grc' dir='ltr'><strong>Ρ.</strong></span> <span class='ocrx_word' id='word_1_464' title='bbox 855 3584 933 3639; x_wconf 88' lang='grc'><strong>446..</strong></span> <span class='ocrx_word' id='word_1_465' title='bbox 954 3581 1138 3642; x_wconf 80' lang='lat' dir='ltr'><strong>ldemhabet</strong></span> <span class='ocrx_word' id='word_1_466' title='bbox 1155 3595 1229 3633; x_wconf 66' lang='lat' dir='ltr'><strong>unua</strong></span> <span class='ocrx_word' id='word_1_467' title='bbox 1333 3597 1338 3603; x_wconf 83' lang='grc'><strong>“</strong></span> 
     </span>
     <span class='ocr_line' id='line_1_45' title="bbox 73 3651 1230 3736; baseline -0.002 -29"><span class='ocrx_word' id='word_1_468' title='bbox 73 3653 123 3707; x_wconf 75' lang='lat'><strong>01.</strong></span> <span class='ocrx_word' id='word_1_469' title='bbox 143 3651 210 3704; x_wconf 80' lang='lat' dir='ltr'><strong>eod.</strong></span> <span class='ocrx_word' id='word_1_470' title='bbox 230 3653 337 3712; x_wconf 75' lang='lat' dir='ltr'><strong>Duisb.</strong></span> <span class='ocrx_word' id='word_1_471' title='bbox 348 3655 464 3708; x_wconf 82' lang='lat' dir='ltr'><strong>exhibet</strong></span> <span class='ocrx_word' id='word_1_472' title='bbox 483 3656 566 3707; x_wconf 84' lang='lat' dir='ltr'><strong>ducta</strong></span> <span class='ocrx_word' id='word_1_473' title='bbox 584 3655 619 3706; x_wconf 81' lang='lat' dir='ltr'><strong>ab</strong></span> <span class='ocrx_word' id='word_1_474' title='bbox 637 3651 718 3716; x_wconf 69' lang='lat' dir='ltr'><strong>hiis.</strong></span> <span class='ocrx_word' id='word_1_475' title='bbox 740 3652 896 3725; x_wconf 75' lang='lat' dir='ltr'><strong>&#39;intelligit</strong></span> <span class='ocrx_word' id='word_1_476' title='bbox 914 3651 1114 3736; x_wconf 76' lang='lat' dir='ltr'><strong>Pythagoreos.</strong></span> <span class='ocrx_word' id='word_1_477' title='bbox 1131 3652 1230 3724; x_wconf 63' lang='lat' dir='ltr'><strong>aQuoa</strong></span> 
     </span>
     <span class='ocr_line' id='line_1_46' title="bbox 71 3721 1314 3792; baseline 0 -17"><span class='ocrx_word' id='word_1_478' title='bbox 71 3739 143 3775; x_wconf 89' lang='lat' dir='ltr'><strong>vero</strong></span> <span class='ocrx_word' id='word_1_479' title='bbox 160 3721 191 3772; x_wconf 91' lang='lat' dir='ltr'><strong>h.</strong></span> <span class='ocrx_word' id='word_1_480' title='bbox 211 3722 231 3773; x_wconf 90' lang='lat' dir='ltr'><strong>l.</strong></span> <span class='ocrx_word' id='word_1_481' title='bbox 252 3721 329 3774; x_wconf 79' lang='lat' dir='ltr'><strong>dixit</strong></span> <span class='ocrx_word' id='word_1_482' title='bbox 345 3725 378 3777; x_wconf 83' lang='lat' dir='ltr'><strong>ab</strong></span> <span class='ocrx_word' id='word_1_483' title='bbox 398 3725 469 3790; x_wconf 83' lang='lat' dir='ltr'><strong>illis,</strong></span> <span class='ocrx_word' id='word_1_484' title='bbox 496 3725 583 3776; x_wconf 85' lang='lat' dir='ltr'><strong>facile</strong></span> <span class='ocrx_word' id='word_1_485' title='bbox 603 3724 670 3776; x_wconf 88' lang='lat' dir='ltr'><strong>inde</strong></span> <span class='ocrx_word' id='word_1_486' title='bbox 689 3724 795 3792; x_wconf 82' lang='lat' dir='ltr'><strong>aliquis</strong></span> <span class='ocrx_word' id='word_1_487' title='bbox 814 3725 983 3792; x_wconf 83' lang='lat' dir='ltr'><strong>suspicetur,</strong></span> <span class='ocrx_word' id='word_1_488' title='bbox 1012 3741 1043 3774; x_wconf 88' lang='lat' dir='ltr'><strong>m</strong></span> <span class='ocrx_word' id='word_1_489' title='bbox 1061 3723 1230 3777; x_wconf 85' lang='lat' dir='ltr'><strong>anteceden·</strong></span> <span class='ocrx_word' id='word_1_490' title='bbox 1309 3737 1314 3747; x_wconf 83' lang='grc'><em>·</em></span> 
     </span>
     <span class='ocr_line' id='line_1_47' title="bbox 73 3793 1230 3865; baseline 0.003 -21"><span class='ocrx_word' id='word_1_491' title='bbox 73 3794 148 3844; x_wconf 89' lang='lat' dir='ltr'><strong>tibus</strong></span> <span class='ocrx_word' id='word_1_492' title='bbox 166 3809 266 3844; x_wconf 88' lang='lat' dir='ltr'><strong>veram</strong></span> <span class='ocrx_word' id='word_1_493' title='bbox 284 3810 341 3845; x_wconf 88' lang='lat' dir='ltr'><strong>esse</strong></span> <span class='ocrx_word' id='word_1_494' title='bbox 359 3795 515 3848; x_wconf 89' lang='lat' dir='ltr'><strong>lectionem</strong></span> <span class='ocrx_word' id='word_1_495' title='bbox 532 3794 750 3865; x_wconf 73' lang='lat' dir='ltr'><strong>Pythagoreum,</strong></span> <span class='ocrx_word' id='word_1_496' title='bbox 775 3793 1022 3858; x_wconf 50' lang='lat' dir='ltr'><strong>,ut-nostratem</strong></span> <span class='ocrx_word' id='word_1_497' title='bbox 1047 3795 1139 3846; x_wconf 85' lang='lat' dir='ltr'><strong>fuerit</strong></span> <span class='ocrx_word' id='word_1_498' title='bbox 1162 3811 1230 3853; x_wconf 86' lang='lat' dir='ltr'><strong>con·</strong></span> 
     </span>
     <span class='ocr_line' id='line_1_48' title="bbox 73 3862 1230 3936; baseline 0.004 -23"><span class='ocrx_word' id='word_1_499' title='bbox 73 3862 196 3916; x_wconf 87' lang='lat' dir='ltr'><strong>structio</strong></span> <span class='ocrx_word' id='word_1_500' title='bbox 216 3862 385 3932; x_wconf 73' lang='lat' dir='ltr'><strong>adoriamur,</strong></span> <span class='ocrx_word' id='word_1_501' title='bbox 405 3884 491 3934; x_wconf 91' lang='lat' dir='ltr'><strong>quam</strong></span> <span class='ocrx_word' id='word_1_502' title='bbox 509 3866 708 3926; x_wconf 82' lang='lat' dir='ltr'><strong>obliteraverit</strong></span> <span class='ocrx_word' id='word_1_503' title='bbox 727 3863 921 3923; x_wconf 71' lang='lat' dir='ltr'><strong>in&#39;veteribus</strong></span> <span class='ocrx_word' id='word_1_504' title='bbox 940 3865 1147 3936; x_wconf 82' lang='lat' dir='ltr'><strong>exemplaribus</strong></span> <span class='ocrx_word' id='word_1_505' title='bbox 1166 3883 1230 3920; x_wconf 83' lang='lat' dir='ltr'><strong>cor·</strong></span> 
     </span>
     <span class='ocr_line' id='line_1_49' title="bbox 74 3932 1304 4004; baseline 0.002 -17"><span class='ocrx_word' id='word_1_506' title='bbox 74 3940 172 3988; x_wconf 88' lang='lat' dir='ltr'><strong>rector</strong></span> <span class='ocrx_word' id='word_1_507' title='bbox 189 3932 304 3999; x_wconf 89' lang='lat' dir='ltr'><strong>aliquis,</strong></span> <span class='ocrx_word' id='word_1_508' title='bbox 330 3935 397 3986; x_wconf 85' lang='lat' dir='ltr'><strong>voci</strong></span> <span class='ocrx_word' id='word_1_509' title='bbox 422 3936 485 3988; x_wconf 80' lang='lat' dir='ltr'><strong>tuis</strong></span> <span class='ocrx_word' id='word_1_510' title='bbox 513 3937 595 3987; x_wconf 90' lang='lat' dir='ltr'><strong>illam</strong></span> <span class='ocrx_word' id='word_1_511' title='bbox 613 3937 829 3998; x_wconf 83' lang='lat' dir='ltr'><strong>antecedentem</strong></span> <span class='ocrx_word' id='word_1_512' title='bbox 846 3935 1061 3989; x_wconf 84' lang='lat' dir='ltr'><strong>accommodans</strong></span> <span class='ocrx_word' id='word_1_513' title='bbox 1080 3937 1229 3990; x_wconf 83' lang='lat' dir='ltr'><strong>scribendo</strong></span> <span class='ocrx_word' id='word_1_514' title='bbox 1272 3944 1304 4004; x_wconf 40' lang='lat' dir='ltr'>sp</span> 
     </span>
     <span class='ocr_line' id='line_1_50' title="bbox 72 3998 1230 4128; baseline 0.005 -74"><span class='ocrx_word' id='word_1_515' title='bbox 72 4000 325 4128; x_wconf 52' lang='lat' dir='ltr'><strong>{ymagoipeymm‘</strong></span> <span class='ocrx_word' id='word_1_516' title='bbox 367 4005 393 4056; x_wconf 88' lang='lat' dir='ltr'>A</span> <span class='ocrx_word' id='word_1_517' title='bbox 415 4023 472 4074; x_wconf 87' lang='lat' dir='ltr'><strong>qua</strong></span> <span class='ocrx_word' id='word_1_518' title='bbox 502 4022 555 4079; x_wconf 78' lang='lat' dir='ltr'><strong>ego</strong></span> <span class='ocrx_word' id='word_1_519' title='bbox 585 3998 728 4060; x_wconf 77' lang='lat' dir='ltr'><strong>sententia</strong></span> <span class='ocrx_word' id='word_1_520' title='bbox 754 4022 891 4059; x_wconf 82' lang='lat' dir='ltr'><strong>menon</strong></span> <span class='ocrx_word' id='word_1_521' title='bbox 920 4006 1049 4059; x_wconf 88' lang='lat' dir='ltr'><strong>alienum</strong></span> <span class='ocrx_word' id='word_1_522' title='bbox 1075 4024 1134 4060; x_wconf 89' lang='lat' dir='ltr'><strong>esse</strong></span> <span class='ocrx_word' id='word_1_523' title='bbox 1150 4023 1230 4078; x_wconf 64' lang='lat' dir='ltr'><strong>,pro-</strong></span> 
     </span>
     <span class='ocr_line' id='line_1_51' title="bbox 96 4083 1207 4127; baseline -0.003 0"><span class='ocrx_word' id='word_1_524' title='bbox 96 4083 167 4127; x_wconf 89' lang='lat' dir='ltr'><strong>teor.</strong></span> <span class='ocrx_word' id='word_1_525' title='bbox 241 4090 286 4125; x_wconf 56' lang='lat' dir='ltr'><strong>r..</strong></span> <span class='ocrx_word' id='word_1_526' title='bbox 546 4104 550 4108; x_wconf 82' lang='grc'><strong>-</strong></span> <span class='ocrx_word' id='word_1_527' title='bbox 1017 4093 1019 4097; x_wconf 66' lang='grc'>’</span> <span class='ocrx_word' id='word_1_528' title='bbox 1204 4100 1207 4104; x_wconf 57' lang='lat'><strong>&gt;</strong></span> 
     </span>
     <span class='ocr_line' id='line_1_52' title="bbox 146 4143 1230 4222; baseline 0 -24"><span class='ocrx_word' id='word_1_529' title='bbox 146 4162 179 4198; x_wconf 85' lang='lat' dir='ltr'><strong>ue</strong></span> <span class='ocrx_word' id='word_1_530' title='bbox 197 4160 239 4209; x_wconf 92' lang='lat' dir='ltr'><strong>ea,</strong></span> <span class='ocrx_word' id='word_1_531' title='bbox 260 4158 331 4213; x_wconf 84' lang='lat' dir='ltr'><strong>quae</strong></span> <span class='ocrx_word' id='word_1_532' title='bbox 346 4143 500 4211; x_wconf 74' lang='lat' dir='ltr'><strong>peperisse</strong></span> <span class='ocrx_word' id='word_1_533' title='bbox 509 4144 568 4212; x_wconf 82' lang='lat' dir='ltr'><strong>ipsi</strong></span> <span class='ocrx_word' id='word_1_534' title='bbox 583 4150 728 4211; x_wconf 83' lang='lat' dir='ltr'><strong>putamur,</strong></span> <span class='ocrx_word' id='word_1_535' title='bbox 742 4145 854 4199; x_wconf 82' lang='lat' dir='ltr'><strong>aliunde</strong></span> <span class='ocrx_word' id='word_1_536' title='bbox 872 4145 945 4210; x_wconf 79' lang='lat' dir='ltr'><strong>etc]</strong></span> <span class='ocrx_word' id='word_1_537' title='bbox 982 4148 1087 4211; x_wconf 84' lang='lat' dir='ltr'><strong>„Varie</strong></span> <span class='ocrx_word' id='word_1_538' title='bbox 1106 4149 1230 4222; x_wconf 78' lang='lat' dir='ltr'><strong>agitatus</strong></span> 
     </span>
     <span class='ocr_line' id='line_1_53' title="bbox 74 4214 1229 4291; baseline 0 -23"><span class='ocrx_word' id='word_1_539' title='bbox 74 4216 154 4268; x_wconf 92' lang='lat' dir='ltr'><strong>locus</strong></span> <span class='ocrx_word' id='word_1_540' title='bbox 173 4215 339 4284; x_wconf 82' lang='lat' dir='ltr'><strong>inscriptis</strong></span> <span class='ocrx_word' id='word_1_541' title='bbox 357 4214 456 4278; x_wconf 83' lang='lat' dir='ltr'><strong>libris;</strong></span> <span class='ocrx_word' id='word_1_542' title='bbox 488 4233 556 4284; x_wconf 88' lang='lat' dir='ltr'><strong>quas</strong></span> <span class='ocrx_word' id='word_1_543' title='bbox 575 4216 713 4267; x_wconf 89' lang='lat' dir='ltr'><strong>turbellas</strong></span> <span class='ocrx_word' id='word_1_544' title='bbox 735 4224 896 4286; x_wconf 81' lang='lat' dir='ltr'><strong>proponere</strong></span> <span class='ocrx_word' id='word_1_545' title='bbox 916 4216 1035 4291; x_wconf 78' lang='lat' dir='ltr'><strong>exiguae</strong></span> <span class='ocrx_word' id='word_1_546' title='bbox 1056 4234 1158 4288; x_wconf 83' lang='lat' dir='ltr'><strong>operae</strong></span> <span class='ocrx_word' id='word_1_547' title='bbox 1178 4225 1229 4273; x_wconf 81' lang='lat' dir='ltr'><strong>est.</strong></span> 
     </span>
     <span class='ocr_line' id='line_1_54' title="bbox 74 4285 1229 4357; baseline 0.001 -19"><span class='ocrx_word' id='word_1_548' title='bbox 74 4286 268 4357; x_wconf 86' lang='lat' dir='ltr'><strong>Palat.&#39;prim.</strong></span> <span class='ocrx_word' id='word_1_549' title='bbox 288 4292 324 4345; x_wconf 86' lang='lat' dir='ltr'><strong>ut¹</strong></span> <span class='ocrx_word' id='word_1_550' title='bbox 337 4302 370 4338; x_wconf 85' lang='lat' dir='ltr'><strong>ea</strong></span> <span class='ocrx_word' id='word_1_551' title='bbox 389 4300 494 4354; x_wconf 79' lang='lat' dir='ltr'><strong>quoque</strong></span> <span class='ocrx_word' id='word_1_552' title='bbox 509 4285 727 4354; x_wconf 73' lang='lat' dir='ltr'><strong>peperieeeipar&#39;</strong></span> <span class='ocrx_word' id='word_1_553' title='bbox 740 4293 843 4355; x_wconf 85' lang='lat' dir='ltr'><strong>putem.</strong></span> <span class='ocrx_word' id='word_1_554' title='bbox 863 4295 936 4353; x_wconf 87' lang='lat' dir='ltr'><strong>tert..</strong></span> <span class='ocrx_word' id='word_1_555' title='bbox 953 4304 986 4341; x_wconf 88' lang='lat' dir='ltr'><strong>ne</strong></span> <span class='ocrx_word' id='word_1_556' title='bbox 1004 4304 1038 4340; x_wconf 87' lang='lat' dir='ltr'><strong>ea</strong></span> <span class='ocrx_word' id='word_1_557' title='bbox 1056 4303 1125 4356; x_wconf 81' lang='lat' dir='ltr'><strong>quae</strong></span> <span class='ocrx_word' id='word_1_558' title='bbox 1146 4304 1229 4354; x_wconf 85' lang='lat' dir='ltr'><strong>per-</strong></span> 
     </span>
     <span class='ocr_line' id='line_1_55' title="bbox 73 4356 1359 4427; baseline -0.005 -17"><span class='ocrx_word' id='word_1_559' title='bbox 73 4357 182 4425; x_wconf 78' lang='lat' dir='ltr'><strong>perisse</strong></span> <span class='ocrx_word' id='word_1_560' title='bbox 197 4358 274 4427; x_wconf 80' lang='lat' dir='ltr'><strong>ipse.</strong></span> <span class='ocrx_word' id='word_1_561' title='bbox 304 4357 412 4410; x_wconf 88' lang='lat' dir='ltr'><strong>iterum</strong></span> <span class='ocrx_word' id='word_1_562' title='bbox 429 4357 516 4426; x_wconf 90' lang='lat' dir='ltr'><strong>prim.</strong></span> <span class='ocrx_word' id='word_1_563' title='bbox 535 4361 647 4407; x_wconf 76' lang='lat' dir='ltr'><strong>nostroe</strong></span> <span class='ocrx_word' id='word_1_564' title='bbox 673 4356 754 4410; x_wconf 84' lang='lat' dir='ltr'><strong>aliud</strong></span> <span class='ocrx_word' id='word_1_565' title='bbox 779 4357 932 4420; x_wconf 79' lang='lat' dir='ltr'><strong>didiciste.</strong></span> <span class='ocrx_word' id='word_1_566' title='bbox 964 4357 1112 4412; x_wconf 85' lang='lat' dir='ltr'><strong>uideantur</strong></span> <span class='ocrx_word' id='word_1_567' title='bbox 1135 4357 1232 4418; x_wconf 80' lang='lat' dir='ltr'><strong>omnia</strong></span> <span class='ocrx_word' id='word_1_568' title='bbox 1351 4393 1359 4404; x_wconf 75' lang='lat'><strong>.</strong></span> 
     </span>
     <span class='ocr_line' id='line_1_56' title="bbox 76 4424 1386 4501; baseline 0 -19"><span class='ocrx_word' id='word_1_569' title='bbox 76 4428 212 4501; x_wconf 82' lang='lat' dir='ltr'><strong>comequi.</strong></span> <span class='ocrx_word' id='word_1_570' title='bbox 238 4438 305 4489; x_wconf 88' lang='lat' dir='ltr'><strong>tert.</strong></span> <span class='ocrx_word' id='word_1_571' title='bbox 332 4434 455 4485; x_wconf 79' lang='lat' dir='ltr'><strong>acetroe</strong></span> <span class='ocrx_word' id='word_1_572' title='bbox 468 4426 583 4484; x_wconf 80' lang='lat' dir='ltr'><strong>aliunde</strong></span> <span class='ocrx_word' id='word_1_573' title='bbox 601 4424 735 4484; x_wconf 74' lang='lat' dir='ltr'><strong>didicisse</strong></span> <span class='ocrx_word' id='word_1_574' title='bbox 751 4426 906 4485; x_wconf 85' lang='lat' dir='ltr'><strong>videamur.</strong></span> <span class='ocrx_word' id='word_1_575' title='bbox 927 4439 1021 4500; x_wconf 85' lang='lat' dir='ltr'><strong>quart.</strong></span> <span class='ocrx_word' id='word_1_576' title='bbox 1041 4445 1074 4484; x_wconf 87' lang='lat' dir='ltr'><strong>ae</strong></span> <span class='ocrx_word' id='word_1_577' title='bbox 1089 4426 1229 4498; x_wconf 75' lang='lat' dir='ltr'><strong>peperisse</strong></span> <span class='ocrx_word' id='word_1_578' title='bbox 1296 4464 1304 4470; x_wconf 90' lang='lat'>-</span> <span class='ocrx_word' id='word_1_579' title='bbox 1382 4480 1386 4491; x_wconf 80' lang='lat'><strong>.</strong></span> 
     </span>
    </p>
   </div>
   <div class='ocr_carea' id='block_1_9' title="bbox 0 0 1438 5070">
    <p class='ocr_par' dir='ltr' id='par_1_10' title="bbox 0 0 1438 5070">
     <span class='ocr_line' id='line_1_57' title="bbox 0 0 1438 5070; baseline 0 0"><span class='ocrx_word' id='word_1_580' title='bbox 0 0 1438 5070; x_wconf 95' lang='lat' dir='ltr'><strong> </strong></span> 
     </span>
    </p>
   </div>
  </div>
 </body>
</html>
