2842 5070
129 343 132 349 ,
190 293 254 359 us
313 239 317 250 ⁵
399 285 628 353 demotus
647 279 894 349 resonam.
916 279 1156 349 memma,
1229 228 1238 242 .

168 433 213 520 ὀ
238 477 276 519 us
306 462 343 519 et
371 451 524 515 difficiles
556 451 630 533 quie
656 420 773 536 ttegatl
801 445 881 532 quid
910 454 1020 510 autem
1047 444 1257 528 praeclarum
1277 465 1348 508 non

191 479 280 603 infesti
302 533 464 598 arduum?
495 532 553 595 sed
574 543 683 595 tamen
707 529 742 593 id
765 550 801 593 se
822 532 1015 592 effecturam
1033 529 1246 610 philosophia
1267 548 1350 610 pro.-
1373 592 1376 598 ,

190 618 325 687 litetur}
366 638 426 687 nos
453 615 565 680 ,modo
597 615 806 677 curationem
842 615 915 675 eius
950 612 1162 693 recipiamus.
1215 611 1350 676 Verum

191 805 333 867 (lavimus,
358 803 412 855 Vir
434 803 530 855 iliano.
565 802 647 855 Unus
665 800 716 853 Ox.
742 797 1060 866 babet‘de'apergmdae,
1084 796 1161 866 quod
1184 805 1227 850 est
1249 814 1351 853 corre-

192 871 280 929 ctoris
298 867 495 938 violentum-im
514 872 587 947 Aug.
605 869 823 940 prosequendae.
842 868 1027 920 Davisianum
1050 867 1125 919 illud
1137 871 1350 934 praestruendae

191 946 306 1015 recepit
328 945 401 997 Lall.
437 943 562 997 Restitui
590 951 687 994 autem
708 940 765 992 hoc
790 955 905 1012 quoque
937 939 1001 992 loco
1025 936 1182 1002 elidendae,
1211 941 1345 994 exEdd.

190 1025 262 1070 vett.
282 1017 410 1084 itemque
430 1014 516 1067 Codd.
530 1010 610 1065 Mon.
633 1016 656 1066 l.
677 1013 702 1065 2.
728 1009 812 1062 Vind.
834 1015 859 1064 l.
886 1008 954 1072 (nisi
978 1009 1054 1078 quod
1079 1009 1110 1060 in
1132 1008 1189 1060 hoc
1213 1019 1256 1064 est
1283 1012 1350 1066 etti·

191 1087 308 1149 dendne)
327 1085 411 1137 Vind.
431 1086 457 1138 2.
477 1083 540 1152 (qui
558 1083 657 1156 pergit
672 1097 706 1134 ne
724 1095 842 1150 unquam
859 1081 939 1145 ulla).
960 1081 995 1132 ln
1005 1079 1071 1132 Cod.
1091 1080 1165 1203 Aug.
1187 1089 1230 1133 est
1248 1097 1351 1135 nuen-

191 1160 255 1221 dce,
275 1157 306 1208 in
323 1171 381 1208 uuo
400 1155 450 1208 Ox.
469 1154 622 1208 cludendae
648 1152 740 1221 (quod
762 1153 842 1205 iavet
860 1152 1005 1224 vulgatae,
1031 1167 1116 1218 quam
1163 1150 1248 1203 abent
1263 1169 1351 1222 prae·

192 1236 271 1282 terea
293 1243 342 1280 sex
360 1225 460 1291 θυιὰς
494 1225 526 1276 ln
550 1224 608 1276 elio
635 1223 801 1288 degendum
827 1221 859 1272 in
878 1222 952 1277 Gud.
972 1224 997 1276 2.
1029 1221 1210 1288 deligendae:
1237 1222 1269 1273 in
1292 1240 1350 1292 qua

192 1298 352 1368 scriptione
376 1297 471 1368 prima
493 1295 581 1348 litera
607 1293 648 1345 ita
674 1293 824 1362 irrepsisse
848 1293 976 1358 videtur,
1003 1299 1037 1343 ut
1061 1309 1166 1413 pravae
1192 1293 1348 1362 scriptioni

192 1368 361 1436 eligendae
387 1367 493 1436 aliquis
517 1363 744 1436 superscriberct
767 1365 796 1432 d,
819 1364 896 1432 quod
918 1379 977 1416 non
1001 1377 1050 1415 suo
1081 1377 1132 1415 oco
1160 1363 1192 1414 in
1209 1364 1349 1418 orationis

194 1446 363 1494 contextum
381 1437 439 1489 fuit
457 1445 616 1506 receptum.
654 1434 715 1487 Mr.
796 1457 802 1469 ⁴
833 1448 837 1457 ’
989 1455 997 1461 ·
1311 1458 1312 1462 =

264 1525 298 1561 ne
323 1524 442 1577 unquam
469 1505 547 1571 ulla]
583 1507 667 1558 Hunc
691 1504 756 1557 dedi
780 1506 936 1559 verborum
961 1503 1093 1557 ordinem
1119 1519 1187 1567 enin
1211 1503 1281 1557 Dav.
1311 1523 1348 1559 ex

193 1580 279 1634 Oodd.
300 1580 369 1654 Reg.
390 1577 464 1631 Gud.
486 1581 510 1632 l.
529 1579 556 1632 2.
575 1577 660 1629 Vlnd.
680 1579 705 1630 2.
726 1579 801 1630 Ilion.
818 1579 878 1632 tt.
900 1573 1056 1646 [posterior
1073 1582 1168 1627 tannen
1188 1574 1275 1634 habet
1292 1579 1348 1630 tlte
1373 1630 1382 1639 „
1414 1614 1420 1632 .

191 1657 248 1721 pro‘
263 1644 335 1716 ullo]
360 1648 449 1702 Rehd.
475 1648 549 1700 Gud.
571 1647 670 1700 Duisb.
707 1647 751 1716 Et
772 1649 822 1719 sic?
837 1657 878 1700 est
897 1647 1007 1701 editum
1032 1645 1063 1696 in
1080 1645 1133 1698 nd
1153 1640 1227 1700 Tun.
1246 1648 1347 1702 ,Unus

193 1721 297 1775 Onne
313 1736 368 1789 pro
386 1734 483 1786 aequet
501 1719 574 1770 alius
591 1725 672 1785 neget
690 1734 744 1787 pro
763 1724 859 1784 negot.
895 1718 954 1775 Mr.
1002 1754 1005 1759 -
1040 1718 1043 1723 '

205 1785 207 1790 ’
263 1790 337 1849 Quid
363 1795 455 1842 aulem
474 1790 654 1858 praeclarum
682 1804 736 1840 non
761 1788 843 1842 ‘idem
869 1788 1025 1855 ardudmi]
1062 1789 1198 1853 „Notum
1223 1787 1354 1858 prover?
1400 1810 1403 1814 >

192 1859 272 1924 bium
290 1855 551 1931 petrolatensi:
573 1861 702 1929 itemque
721 1858 838 1918 δύςκολα
856 1860 889 1914 td
908 1859 989 1913 eald:
1017 1866 1046 1912 et
1063 1859 1182 1911 virtutis
1204 1859 1282 1912 viam
1301 1878 1349 1911 ar-

40 1990 45 2016 (
137 1929 143 1936 ’
193 1931 280 1984 duam
302 1947 464 2002 proponere
491 1931 656 1995 Hesiodum,
683 1948 749 1981 curn
774 1932 830 1984 ait:
869 1927 980 2000 μακρὸς.
998 1930 1031 1983 δὲ
1060 1934 1107 1983 καὶ
1138 1932 1233 1999 ὄρθιος
1264 1921 1351 1995 οἶμος

193 1999 242 2055 ἐπ’
262 2000 380 2067 αὐτήν.“
400 2001 547 2055 Gamerae.
584 2002 648 2069 illd.
677 2000 791 2057 Hesiod.
811 2000 868 2072 ἔργ.
887 2005 949 2058 299.
987 2001 1107 2054 zenobii
1124 1999 1274 2056 vaerbb,
1294 2001 1345 2053 vt.

175 2075 237 2144 ,to
257 2091 285 2144 p.
307 2074 368 2127 165.
390 2072 432 2124 ed.
451 2072 485 2123 A.
506 2071 634 2138 Schotti;
661 2071 728 2123 ibid.
748 2072 900 2125 Proverbb.
921 2091 957 2126 ex
975 2072 1061 2125 Suida
1078 2072 1213 2126 xlmt.
1232 2087 1259 2138 p.
1279 2073 1345 2126 669.

193 2143 254 2196 Me.
291 2141 393 2206 „oum
412 2172 444 2184 ·-
461 2143 649 2211 praeclarum,
670 2144 757 2210 quod
773 2159 828 2196 non
846 2144 920 2196 idem
933 2142 1078 2204 arduum?
1090 2143 1138 2212 {lta
1156 2149 1199 2194 ast
1217 2140 1248 2190 in
1262 2141 1348 2205 lits-3

114 2252 118 2258 ,
194 2214 227 2266 in
243 2212 369 2286 vulgatis
387 2221 483 2265 erstem
500 2213 581 2266 deest
599 2213 679 2282 quod,
699 2215 839 2266 sententia
863 2212 974 2282 alioqui
1000 2211 1192 2283 postulanta.“
1213 2209 1348 2266 deue.
1369 2217 1375 2229 “

193 2283 271 2350 „Est
290 2284 321 2334 in
339 2283 392 2335 Ed.
413 2300 477 2335 mea
494 2293 553 2335 vet.
575 2283 647 2338 Quid
665 2309 698 2324 —
714 2287 903 2350 praeclarum,
930 2300 983 2337 non
1002 2285 1078 2338 idem
1096 2288 1138 2335 eet
1154 2282 1351 2336 andnemi-tet

194 2355 228 2407 in
244 2354 302 2405 uno
320 2352 493 2423 lieid.''quod
511 2355 657 2410 anaidem
675 2355 801 2406 ordeum.
837 2355 1002 2423 Utrumque
1020 2353 1216 2425 probabiliter.
1253 2353 1351 2406 Poste-

194 2425 256 2479 rius
285 2421 417 2474 malim.“
443 2421 532 2477 Βοιώ.
569 2425 693 2489 „Malim
723 2425 855 2494 equidem
888 2424 986 2480 Quod
1016 2431 1108 2479 aulem
1138 2420 1352 2494 praeclarum.“

194 2492 273 2547 Niso.
305 2493 403 2546 statu
429 2495 521 2563 quod
547 2501 639 2549 eutem
661 2511 735 2546 unus
763 2497 829 2557 Ox.;
857 2495 929 2548 alius
947 2496 1017 2567 quid
1035 2502 1117 2547 tem.
1155 2495 1227 2568 Aug.
1256 2494 1350 2564 quod

195 2570 286 2617 edem
302 2563 478 2630 praeclarum
494 2581 614 2619 nonne
631 2566 664 2620 id
687 2566 826 2619 arduum?
861 2567 942 2620 Unus
965 2569 1017 2620 On.
1038 2583 1105 2619 cum
1127 2565 1234 2619 Urslno
1258 2567 1350 2618 tacite

197 2652 264 2688 oum
280 2634 334 2687 Ed.
353 2635 384 2686 Ρ.
403 2634 470 2700 Quis
489 2634 522 2687 in
539 2635 585 2688 his
603 2635 733 2687 omnibus
750 2636 829 2688 aliud
847 2638 918 2706 quid
935 2646 1080 2713 agnoscet,
1100 2636 1158 2687 nisi
1177 2636 1349 2691 emendandi

196 2713 331 2759 conatum
350 2704 502 2757 admodum
519 2701 778 2778 supervacaneum?
814 2708 881 2762 Non
903 2725 973 2780 opus
997 2702 1040 2761 est
1066 2706 1213 2777 explicare
1232 2707 1350 2761 Cicero-

196 2776 244 2829 nis
262 2777 349 2828 verba
366 2776 433 2828 satis
450 2793 505 2846 per
522 2794 551 2830 sa
568 2779 729 2848 perspicua.
767 2778 826 2832 Me.
926 2816 929 2820 ,
1271 2811 1272 2815 =

266 2845 304 2898 ld
320 2863 349 2898 sa
368 2847 539 2914 effecturum]
555 2887 558 2892 .
575 2848 670 2922 Vulgo
687 2863 717 2901 ee
734 2849 876 2915 nesciunt,
895 2847 972 2920 quod
989 2865 1026 2902 ex
1043 2849 1135 2902 Mastia
1153 2857 1184 2902 et
1200 2847 1350 2906 veteribus

197 2914 282 2969 editis
301 2912 464 2970 adiecimus.
502 2918 539 2972 D.
732 2922 734 2926 ’
1265 2956 1269 2964 ·

264 2985 320 3039 Sed
337 2993 428 3039 lamen
451 2986 484 3042 id
507 3005 545 3043 ee
562 2990 733 3057 effecturam]
768 2990 902 3043 Probavit
919 2991 991 3044 Ern.
1011 2989 1140 3042 additum
1166 3005 1206 3056 ee,
1232 3007 1288 3044 nec
1305 2997 1350 3043 ta-
1374 3038 1377 3042 ,

194 3071 263 3108 men
280 3058 341 3126 ipse
360 3057 482 3128 recapit.
500 3059 590 3113 Parva
607 3078 653 3113 res
668 3069 723 3126 est,
742 3069 776 3114 ut
793 3061 941 3115 Ciceronis
960 3062 991 3112 in
1008 3060 1145 3114 Paradoxi
1163 3061 1247 3113 tertii
1264 3061 1351 3130 prin-

195 3126 272 3197 cipio
291 3127 385 3181 verbis
403 3137 486 3183 utar:
505 3130 554 3184 sed
571 3148 673 3206 magna
690 3131 785 3201 culpa.
820 3132 946 3197 Novum,
973 3131 998 3183 si
1016 3149 1049 3183 ar
1089 3131 1193 3183 mentis
1217 3149 1263 3185 res
1282 3148 1352 3205 ege-

196 3206 252 3263 ret,
263 3197 320 3251 hoc
330 3207 403 3252 esset
411 3210 615 3274 argumentum
628 3219 754 3255 summae
764 3203 969 3278 negligentiae,
990 3219 1046 3271 qua
1078 3219 1121 3254 rn.
1132 3202 1350 3274 philosophicos

195 3267 343 3322 Ciceronis
367 3270 457 3324 libros
479 3273 628 3326 tractavit:
666 3272 743 3341 quod
766 3290 803 3325 ne
826 3291 918 3325 unum
950 3272 1067 3342 quidein
1095 3272 1205 3324 librum
1232 3281 1351 3343 praeter

194 3338 376 3392 Davisianam
393 3341 446 3395 Ed.
466 3344 492 3401 2.
513 3349 543 3395 et
561 3343 718 3396 editionem
737 3343 828 3396 Gebh.
849 3343 1075 3409 (Gruterienam)
1095 3343 1230 3412 inspexit.
1269 3341 1351 3408 Quod

196 3409 221 3461 si
238 3411 363 3474 fecisset,
382 3411 502 3466 vidisset
520 3412 582 3466 sine
601 3411 685 3465 dubio
704 3429 719 3465 ο
742 3431 857 3468 ererum
881 3421 993 3466 tantum
1012 3414 1094 3489 neg-li
1116 3414 1193 3467 entia
1211 3414 1350 3468 excidisse

197 3495 260 3532 eam
281 3480 424 3548 voculam,
453 3500 540 3552 quam
564 3492 685 3536 tuentur
734 3485 797 3540 odd.
817 3483 894 3538 MSS.
924 3493 954 3538 et
972 3484 1043 3538 editi
1072 3431 1115 3537 a}
1130 3502 1221 3536 unum
1240 3500 1349 3538 omnes.

157 3578 160 3585 .
197 3551 338 3603 Omissutn
356 3559 452 3605 autem
470 3571 529 3607 esse
547 3569 579 3606 ee
596 3554 630 3606 ab
649 3554 695 3617 iis,
715 3554 766 3622 qui
784 3563 895 3608 temere
913 3555 961 3609 val
979 3553 1165 3608 Gebhardum
1187 3555 1238 3607 vel
1254 3555 1353 3610 Erne-

196 3628 273 3674 stum
290 3631 491 3691 sequerentur,
511 3639 569 3677 non
587 3625 725 3694 estquod
743 3625 873 3698 mireris:
902 3642 990 3694 quare
1016 3624 1095 3678 abest
1112 3624 1147 3678 ab
1164 3625 1236 3678 Edd.
1256 3626 1352 3681 Gron.

196 3692 281 3745 Verb.
300 3693 360 3745 Alt.
381 3692 459 3746 'Nec
477 3694 552 3747 mihi
569 3695 677 3764 aliquis
695 3695 815 3748 obiiciat
838 3697 933 3749 abesse
956 3712 1164 3766 nonnunquam
1185 3712 1289 3749 vocem
1312 3713 1353 3752 ee

197 3763 273 3832 apud
290 3763 384 3832 ipsum
402 3764 571 3818 Ciceronem
589 3766 620 3817 in
637 3764 693 3818 hac
711 3767 924 3819 construetione
943 3765 1052 3837 (quales
1077 3767 1144 3819 sunt
1165 3766 1225 3819 loci
1248 3767 1281 3818 in
1298 3766 1352 3820 As·

197 3848 260 3887 eon.
279 3833 391 3885 Pcdian.
410 3833 531 3908 Argum.
551 3835 583 3887 in
601 3835 678 3888 Orat.
697 3852 750 3905 pro
769 3835 875 3890 Scauro
897 3855 925 3906 p.
947 3841 998 3893 126
1016 3841 1058 3908 lq.
1083 3837 1126 3890 ed
1150 3837 1244 3890 Beier.
1270 3856 1298 3907 q.
1317 3855 1348 3891 v.

197 3901 360 3970 ibidemque
377 3920 407 3971 p.
427 3907 488 3960 169.
507 3905 558 3959 ubi
574 3905 634 3958 vid.
661 3922 731 3974 quos
755 3905 852 3959 laudat
869 3907 986 3960 Beiems
1011 3908 1111 3978 priore
1128 3907 1227 3974 loeoa)
1252 3909 1302 3961 sed
1319 3908 1354 3961 in

196 3970 339 4024 librorum
358 3988 496 4026 consensu
519 3975 604 4028 istam
621 3985 701 4029 certe
727 3977 901 4051 elegantiam
927 3978 1062 4032 Ciceroni
1086 3978 1202 4032 obtrudi
1225 3996 1284 4033 non
1302 3978 1354 4033 de·

196 4041 265 4095 bere
284 4043 434 4096 contendo.
470 4046 551 4100 Unus
570 4045 621 4098 01.
640 4047 713 4100 Edd.
732 4050 803 4101 Ven.
823 4056 912 4102 nostr.
930 4057 959 4103 et
976 4049 1058 4101 Junt.
1077 4048 1184 4102 habent
1210 4065 1242 4103 ee
1260 4050 1354 4115 effe-

171 4113 175 4120 ’
197 4117 311 4165 eiuro.
345 4114 430 4167 Verb.
456 4132 492 4168 ex
509 4117 566 4171 MS.
583 4118 689 4171 «nescio
707 4135 764 4187 quo
789 4119 917 4172 enotavit
944 4121 1087 4185 effectore.
1125 4119 1208 4173 Solus
1227 4121 1302 4175 Gud.
1323 4123 1353 4176 2.

197 4192 261 4254 post
280 4184 537 4262 arduum-pergit:
565 4187 707 4253 effecte
730 4189 908 4243 virtutem
928 4187 1107 4258 philosophia
1124 4192 1273 4258 profitetur
1300 4208 1356 4245 noe

199 4266 283 4306 otro
299 4257 491 4310 curatione
509 4258 578 4311 eiua
598 4260 684 4313 Godd.
697 4259 778 4312 Vind.
792 4265 815 4315 t.
825 4262 853 4317 2.
872 4259 979 4313 habent
993 4263 1144 4329 profitetur
1159 4258 1355 4330 pbilosoptic.

198 4323 266 4380 Ood·
285 4324 375 4390 Reltd.
396 4327 506 4382 omittit
524 4330 592 4382 eius.
612 4331 718 4384 Contra
736 4330 832 4384 Duisb.
851 4331 937 4384 habet
955 4332 1015 4385 eius
1034 4329 1099 4385 r'ee'.
1137 4332 1197 4384 Me.

272 4395 376 4451 Verum
394 4395 502 4466 quidem
519 4397 587 4455 daec
603 4397 745 4470 lactentes]
782 4399 850 4458 (iod.
875 4401 948 4478 Aug.
977 4399 1036 4458 bec.
1073 4402 1218 4473 Equidem
1243 4401 1358 4465 dudum
