2842 5070
559 325 690 388 mma
709 324 767 404 w,
797 303 861 390 sa
905 398 908 407 ‚
1132 348 1135 353 ·
1216 330 1277 398 aas

101 500 190 575 ¹tiae
210 494 439 578 locidoniqne
459 494 656 568 mutatione,
686 499 856 574 tamquam
877 494 1012 578 aegroti
1032 511 1098 553 non
1125 486 1277 556 conuale-

125 589 266 656 scentes,
288 597 385 659 saepo
398 574 564 639 curandus
586 580 654 659 ests
678 577 779 636 etiam
801 594 888 638 novo
902 573 1045 657 vquidam
1059 595 1172 637 amore
1187 585 1277 638 vote·
1295 580 1343 640 75».

127 683 198 725 rem
228 680 387 738 amorem,
420 667 587 741 tamquam
619 660 711 719 clavo
735 657 881 740 clavumq⁴
907 655 1108 718 eiiciendum
1140 666 1277 741 potants

196 855 328 919 tanquam
346 847 459 916 aegroti
485 862 550 899 oon
573 845 801 916 convalescentes]
830 844 913 909 „Non
935 844 1012 896 mihi
1038 853 1203 915 suspectum
1223 855 1275 905 est.¹

124 920 256 1005 Aegroti‚
275 936 342 972 cum
365 919 469 972 inelius
492 935 522 970 se
544 916 650 968 habere
674 927 808 986 coepere2
830 916 967 968 iubentur
989 915 1086 968 locum
1104 925 1225 982 mutare,
1244 926 1279 968 ut
1344 969 1349 986 Ι

124 993 212 1044 citius
231 997 261 1043 st
284 990 388 1043 melius
412 989 611 1042 convalescant
634 989 825 1056 firmeturque
848 987 981 1040 valetudo
1004 1002 1087 1039 nova.
1130 985 1179 1040 Sic
1196 1005 1278 1056 prae·
1358 1020 1362 1024 -

105 1115 107 1119 ,
125 1063 199 1132 cipit
217 1061 314 1115 Celsus
333 1061 379 1112 lv.
400 1063 443 1116 25.
468 1061 539 1123 loca,
568 1060 685 1123 casiam„
708 1059 782 1110 cibos
804 1073 885 1126 saepe
909 1057 1046 1110 matare.“
1066 1058 1136 1124 Era.
1173 1058 1278 1112 Merito

125 1133 324 1203 improbarunt
342 1131 438 1183 Schz.v
454 1137 483 1182 et
507 1127 607 1198 Kiihn„
622 1130 740 1182 Ernesti
765 1129 977 1199 coniecturam
1009 1127 1060 1180 ille
1082 1145 1137 1194 aaa
1159 1129 1199 1180 ad·
1217 1146 1279 1185 sen·

124 1203 247 1263 tentiam
264 1202 455 1254 necessarium
474 1200 662 1255 existimabat.
683 1201 729 1252 Or.
746 1200 787 1250 ita
804 1199 981 1252 locutionem
1000 1214 1061 1250 non
1073 1201 1143 1274 satis¹
1158 1200 1280 1267 latinam

125 1282 156 1326 et
174 1273 391 1326 Ciceronianam
408 1272 533 1336 sumsit,
553 1287 647 1340 neque
661 1270 760 1344 inagis,
780 1270 804 1320 si
822 1271 947 1340 recipias
959 1270 1055 1322 Beieri
1067 1271 1277 1325 coniecturam:

126 1346 240 1412 aegroti
257 1342 352 1396 modo
369 1343 595 1395 convalescentes·
632 1341 696 1410 lpse
715 1340 749 1392 ad
766 1339 874 1394 Wolfii
893 1340 1004 1394 scholas
1028 1341 1190 1411 suspicatur
1207 1343 1281 1394 sori·

108 1418 213 1484 psisse
226 1413 396 1466 Ciceronem
414 1412 581 1480 mutatione,
600 1416 732 1480 tanquam
749 1412 977 1480 convalescentes,
996 1425 1079 1479 saepe
1084 1449 1161 1465 ......
1170 1416 1183 1464 ‘t
1200 1412 1280 1464 addi»-
1358 1412 1361 1417 ’

125 1494 244 1554 tamque
266 1501 325 1536 esse
350 1482 382 1535 ab
407 1483 505 1551 aliquo
531 1483 686 1556 glossatore
712 1483 836 1550 aegroti,
865 1482 941 1550 quod
964 1481 997 1532 ab
1020 1482 1078 1534 alio
1101 1492 1217 1535 auctum
1236 1483 1280 1540 'sit

126 1556 225 1607 addito
243 1570 308 1619 non,
328 1554 408 1623 quasi
426 1547 621 1621 ἐπααορδώσει.
658 1552 731 1604 Mihi
752 1552 869 1621 quidem
888 1551 1029 1604 satisfacit
1044 1552 1132 1605 leutio
1150 1554 1280 1638 vulgata,

126 1643 213 1695 quam
232 1625 273 1677 ita
292 1625 482 1694 interpretor:
512 1624 568 1677 toci
593 1623 710 1693 denique
732 1625 894 1689 mutatione,
918 1628 1052 1689 tanquam
1070 1626 1185 1690 aegroti
1211 1644 1232 1678 1.
1252 1640 1278 1678 s.

70 1752 76 1757 ,
125 1696 338 1760 valetudinarii,
363 1695 572 1762 mitissima,
601 1692 726 1746 omnibus
750 1693 835 1746 etiam
852 1693 986 1747 remediis
1004 1692 1150 1758 notitias,
1177 1709 1280 1748 οοοοα·

126 1767 230 1820 iescere
248 1783 302 1820 aon
322 1765 471 1834 contingit,
490 1781 576 1834 saepe
594 1766 734 1817 carandra
753 1770 804 1817 est.
841 1766 896 1817 Pro
920 1772 1048 1831 tanquam
1066 1764 1121 1816 duo
1140 1763 1209 1816 Oxx.
1229 1765 1281 1817 ha-

125 1837 194 1889 bent
213 1842 253 1903 at,
281 1839 355 1919 Aug.
375 1843 442 1900 tam,
470 1838 543 1888 Mon.
566 1842 590 1891 1.
617 1839 700 1903 aegri
723 1851 777 1904 pro
796 1835 919 1903 aegroti,
947 1836 1089 1888 unusOx.
1110 1837 1278 1892 ettiloni.

125 1896 376 1971 convalescentis,
405 1906 495 1964 Rehd.
522 1906 670 1959 Ciceronis
694 1905 860 1980 corrigendi
883 1904 1115 1967 studiosissimus,
1147 1911 1280 1976 tanquam

126 1985 310 2046 aegrotus.
327 1995 381 2040 noa
405 1978 683 2043 convalescerem
700 1979 776 2034 Man.
798 1981 823 2031 1.
848 1976 959 2029 omittit
981 1989 1073 2045 saepe,
1100 1974 1175 2041 Gud.
1193 1975 1280 2045 babet
1379 1989 1380 1994 ’

127 2050 289 2114 earondrrm,
310 2048 383 2101 Gud.
403 2052 433 2103 1.
450 2065 515 2106 cum
533 2064 591 2101 uno
611 2049 660 2101 Ox.
681 2047 791 2099 omittit
810 2052 861 2107 est.
899 2047 957 2112 Mr.

195 2136 264 2181 noro
284 2151 316 2162 -
335 2135 429 2172 amore
447 2124 564 2172 ueterem
582 2144 616 2156 -
635 2117 813 2183 eiiciendum]
839 2117 920 2170 Ovid.
939 2117 974 2179 de
991 2117 1107 2172 Remed.
1126 2119 1191 2171 Am.
1210 2120 1278 2191 46³5

291 2189 452 2249 Srtcoessore
469 2207 537 2256 αοοο
555 2190 679 2242 vincitur
696 2191 786 2242 omnis
804 2204 893 2241 amor.
1259 2189 1264 2195 '

124 2261 254 2331 Propert.
273 2260 296 2313 1.
319 2264 360 2316 12.
382 2265 428 2316 18:
460 2259 533 2314 Sunt·
553 2263 657 2330 proque
685 2261 823 2312 translato
847 2258 955 2327 gardia
980 2258 1106 2324 seruilio.¹
1141 2261 1281 2322 Eiusdem

124 2333 226 2400 possae
245 2331 363 2383 deloco
381 2332 511 2383 mutando
528 2330 587 2384 huc
605 2331 676 2383 facit
693 2349 792 2383 versus
812 2331 863 2383 111.
882 2333 927 2387 21.
948 2334 995 2385 1⁰:
1022 2333 1157 2397 Quantum
1176 2331 1278 2398 οοαίίο,
1347 2362 1355 2374 .

126 2401 221 2466 asiano
239 2408 297 2468 tam
311 2403 412 2469 proceri
428 2402 481 2454 ibit
499 2417 587 2455 amor.
616 2401 660 2452 Ad
677 2418 767 2469 quem
783 2400 881 2453 locum
897 2401 955 2453 rid.
969 2404 1156 2455 Passeratium
1173 2422 1201 2474 p.
1216 2406 1277 2468 529.

125 2489 150 2528 ο,
170 2472 224 2523 Ed.
235 2473 328 2527 ‚Paris
348 2476 425 2530 16⁰8.
445 2474 466 2523 f.
480 2489 518 2522 in.
548 2471 592 2524 Ad
610 2481 739 2524 nostrum
757 2487 828 2531 vero
845 2472 947 2538 locum
964 2473 1052 2539 liceat
1069 2473 1175 2541 afferre
1192 2473 1280 2537 hosca,

125 2541 223 2608 Nonni
249 2559 349 2596 versus
367 2542 528 2612 Dionysiae.
546 2544 595 2596 Xl.
620 2545 682 2598 356.
701 2560 764 2613 sqqr

286 2613 379 2679 Ἄλλῳ,
398 2617 481 2668 λῦσον
499 2613 577 2683 ἔρωτι
594 2615 664 2667 τεῶν
682 2616 837 2680 σπινθῆρας
854 2610 973 2682 ἐρώτων,

289 2687 327 2744 εἰς
345 2687 410 2738 νέον
428 2679 548 2753 ἡβητῆρα
566 2684 738 2754 mediocrior
762 2679 874 2753 οἶστρον
898 2682 1028 2754 ἀμείψας,

288 2749 442 2824 λησάμενος
459 2755 625 2832 φθιμένοιο·-
646 2755 891 2825 παλαιοτέροιο
915 2762 981 2825 γάρ
1005 2758 1081 2824 aiei

291 2825 476 2898 φάρμακόν
500 2821 595 2879 ἔστιν
619 2825 749 2895 ἔρωτος
773 2827 856 2891 ἔρως
881 2825 968 2887 νέος.
994 2855 1026 2866 -
1052 2857 1086 2867 -
1110 2860 1144 2873 ...

288 2927 322 2938 -
344 2928 374 2938 -
396 2925 429 2934 -
448 2928 482 2939 -
500 2891 613 2959 πόθον
635 2896 748 2959 πάθος
766 2893 847 2963 vcide
869 2901 1067 2969 μαραίνειν.
1109 2901 1170 2960 Me.

195 2963 290 3021 Etiam
307 2964 376 3021 nouo
395 2967 539 3034 quodam
562 2968 662 3034 amore]
699 2967 779 3033 „Pal
805 2976 871 3022 tert.
896 2978 988 3038 quart.
1016 2970 1083 3029 Fab.
1107 2987 1176 3025 αοοο
1201 2971 1277 3043 qui·

124 3042 201 3099 dam
220 3037 343 3091 amore.“
362 3037 443 3092 aest.
464 3038 533 3091 Dav.
552 3038 627 3111 legit
646 3037 767 3108 quidam,
792 3055 850 3090 non
868 3039 950 3094 male.
991 3040 1058 3092 lira.
1114 3058 1117 3064 ·
1149 3064 1152 3070 ·
1316 3038 1318 3042 ’

195 3109 288 3161 Etiam
306 3125 373 3174 noro
393 3108 508 3179 quidam
525 3109 632 3176 amors]
657 3110 755 3184 Vulgo
774 3110 902 3179 quodam.
939 3111 1105 3171 [rectionem
1125 3130 1211 3182 quarn
1229 3112 1277 3169 ds·

124 3199 187 3232 mus
206 3179 342 3233 exhibent
359 3179 432 3252 Reg.
451 3179 596 3232 Pithosan.
617 3180 685 3233 Pall.
705 3188 773 3232 tert.
793 3189 887 3250 quart.
908 3188 937 3232 et
954 3180 1070 3234 Fabric..
1102 3182 1141 3234 D.

194 3253 279 3304 etiam
297 3267 365 3302 noro
384 3250 520 3318 quidam
538 3250 639 3316 amore]
658 3250 727 3314 „Ex
745 3250 808 3303 loco
827 3250 874 3306 Or.
894 3267 947 3320 pro
966 3250 1053 3304 Arch.
1073 3257 1150 3322 poet.
1171 3257 1215 3308 11.
1230 3255 1277 3320 282

122 3318 348 3390 (similibusque)
371 3322 405 3373 de
430 3336 489 3371 meo
514 3321 657 3388 quodam
676 3337 770 3373 amore
792 3319 905 3389 gloriae
925 3324 1125 3391 -leonfitebor
1144 3355 1177 3366 -
1195 3333 1277 3394 patet

122 3392 173 3442 vix
199 3398 278 3443 recte
302 3409 395 3461 nuper
413 3392 460 3444 IV.
484 3390 570 3450 Tusa,
589 3394 622 3445 3⁷
647 3390 720 3465 [leg.
740 3391 796 3457 36]
817 3394 858 3446 15.
887 3392 1005 3459 quodam
1032 3393 1064 3445 in
1082 3395 1194 3464 quidam
1212 3390 1276 3461 cor·

122 3469 236 3513 rectum
254 3478 321 3526 esse,
347 3479 413 3513 cum
437 3475 518 3512 amor
534 3461 563 3512 h.
584 3461 616 3526 1.,
634 3470 668 3514 ut
687 3480 822 3537 graecum
840 3462 916 3530 ἔρως,
935 3463 1066 3528 studium,
1100 3465 1276 3524 Attsohe-

123 3540 237 3592 msnt,
262 3531 374 3584 notet.“
399 3532 532 3587 Goerenz.
560 3531 595 3584 ad
618 3530 680 3586 cic..
705 3532 739 3585 de
757 3533 842 3586 Finn.
863 3533 885 3587 l.
907 3535 949 3588 18.
969 3536 1013 3590 61.
1051 3535 1107 3595 Sed
1129 3535 1276 3606 pace'viri

123 3600 281 3653 doctissimi
305 3601 440 3667 dixerim,
469 3619 564 3670 neque
589 3602 641 3664 ille
667 3603 747 3664 locus
774 3604 808 3655 ad
833 3610 964 3657 nostrum
986 3604 1066 3669 facit,
1099 3623 1193 3675 neque
1218 3606 1277 3659 dici

123 3679 219 3741 potest
240 3687 335 3739 nuper
356 3680 520 3724 correctum
540 3673 615 3742 quod
634 3673 691 3724 iam
709 3683 825 3726 centum
843 3672 947 3727 abhinc
972 3676 1052 3727 annis
1072 3693 1107 3728 ex
1125 3676 1277 3730 (lodicibus

121 3738 325 3793 vetustissimis
348 3742 532 3810 o'timisque,
562 3744 702 3795 sententia
725 3745 784 3797 loci
809 3746 1008 3810 conveniente,
1032 3747 1201 3798 restitutum
1225 3756 1292 3804 ests»

122 3812 163 3863 Et
180 3810 285 3862 habent
304 3813 352 3880 qui·
371 3828 426 3877 am,
445 3821 561 3881 praeter
580 3831 636 3878 eos,
696 3831 725 3866 os
743 3815 969 3868 laudantGebh.
991 3825 1019 3868 et
1037 3816 1118 3882 Dav„
1147 3819 1278 3888 quinque
1347 3816 1351 3821 ’

124 3882 193 3935 Oxx.
215 3880 288 3934 Gud.
309 3886 333 3935 1.
352 3885 378 3937 2.
399 3883 485 3934 Marb.
505 3882 594 3935 Rehd.
630 3885 697 3938 Non
721 3885 770 3937 lon
794 3903 808 3938 e
829 3885 978 3939 discedunt
995 3888 1079 3940 Bern.
1106 3896 1134 3941 et
1153 3889 1226 3946 Gur.
1245 3887 1278 3962 iq'

123 3950 226 4020 quibus
251 3959 293 4003 est
316 3953 432 4020 quidem.
469 3946 628 4024 Receptum
653 3963 695 4008 est
722 3904 833 4026 quiiam
853 3967 919 4027 post
942 3956 1137 4018 FAWolfium
1163 3950 1276 4034 aseqq.

69 4043 73 4049 ·
122 4021 235 4084 Habent
253 4027 280 4073 et
297 4038 349 4092 pro
369 4021 454 4075 etiam
472 4041 545 4074 unus
563 4025 613 4076 Ox.
634 4034 663 4077 et
680 4026 734 4077 Ed.
753 4029 782 4079 P.
874 4056 879 4063 ι
1059 4066 1061 4070 -
1110 4077 1112 4081 .

196 4092 337 4162 Tanquam
355 4093 462 4146 ciorum
480 4093 570 4160 claro]
589 4094 781 4162 „Aristoteles
795 4096 845 4148 lib.
856 4096 904 4153 lV.
922 4099 1006 4163 Polit.¹
1025 4098 1082 4164 ἥλω,
1099 4099 1153 4171 γὰρ
1171 4099 1186 4152 ὁ
1205 4088 1277 4168 ἧλος,
1354 4124 1359 4137 κ

116 4157 211 4233 Ιὥςπερ
228 4159 244 4228 ἡ
263 4163 431 4233 ααροιμία.“
456 4162 584 4218 Ursinus.
621 4166 809 4218 Proverbium
837 4175 879 4218 est
907 4169 1082 4237 explicatum
1105 4166 1277 4223 ab'Erasmti

123 4235 154 4286 in
172 4233 280 4309 Adagg.
299 4252 327 4304 p.
343 4236 403 4289 646.
423 4232 457 4290 Α.
478 4233 597 4288 Schotto
616 4234 725 4308 Adagg.
745 4237 861 4289 Graeco.
880 4255 908 4306 p.
928 4241 989 4294 438.
1010 4239 1058 4291 ubi
1077 4249 1133 4293 est:
1152 4241 1207 4306 iios
1226 4243 1278 4293 τόν

122 4299 192 4426 im
209 4303 362 4375 ἐκκρούεις·
388 4308 534 4376 παροιμία,
562 4302 625 4357 ,ἀντὶ
651 4309 700 4358 eoi
723 4305 897 4378 irretiaris
920 4309 953 4362 τὸ
978 4309 1038 4377 dari
1058 4320 1128 4382 ιτημα
1150 4304 1279 4374 σπεύδεις

137 4372 253 4433 istricae.
278 4375 328 4428 ubi
351 4375 409 4429 vid.
430 4392 496 4452 ann:
514 4373 638 4453 schotti,
664 4375 715 4457 qui
738 4393 774 4437 ne
793 4378 885 4431 nostri
898 4412 900 4416 Α
912 4378 1029 4450 quidem
1040 4329 1105 4434 ioci
1124 4374 1283 4452 immemor}

123 4445 190 4504 suit·
226 4446 287 4505 Mr.
383 4467 385 4473 ·
