2842 5070
562 288 695 355 mnne
718 288 780 370 tv,
801 287 853 355 ea.
937 354 941 360 ,
1008 262 1091 365 i·
1169 322 1198 356 „
1240 288 1301 354 su

145 461 309 525 maritae:
332 477 393 521 nec
405 455 606 520 Marcellum
627 453 716 539 apud
727 451 927 521 Clastidium
941 449 1020 525 ideo
1040 456 1165 515 fortem
1185 455 1300 532 luisse,

145 546 237 628 (pria
254 544 360 605 fuerit
378 542 503 619 iratus.
551 539 607 600 De.
627 536 787 618 Africano
811 535 962 620 quidem,
986 537 1072 617 ,quia
1100 536 1216 597 notior
1248 545 1298 599 est
1319 545 1368 624 to..

144 627 242 691 nobis
262 633 404 713 propter
427 628 596 684 recentem
617 622 824 699 memoriam,
844 619 899 684 vel
920 617 1038 681 iurare
1058 638 1203 701 possum,
1232 638 1299 681 non

144 811 327 867 inmittam
350 808 504 894 quideme
532 801 609 861 idem
632 807 731 878 paullo
753 806 882 876 superius
908 804 1026 859 eihibet
1047 804 1230 861 iracundum
1246 824 1302 879 pro

146 882 309 949 iracunde,
327 881 442 934 scilicet
458 888 492 932 ut
509 878 545 932 ad
561 875 635 932 nilis
651 896 680 931 ee
698 876 902 940 accommodet.
939 876 1000 930 Mr.
1059 944 1063 950 Ι
1115 913 1118 917 -

148 983 159 1003 a
219 951 335 1076 guidoc
351 946 503 1034 cognomen
525 948 649 1014 inuenit]
677 949 763 1001 Plane
788 948 832 999 ita'
846 949 947 1032 cicero
965 946 1000 999 de
1018 947 1104 1031 Flnn.
1130 948 1301 1020 luneque

146 1038 229 1149 tt..
246 1018 1302 1163 ttt“t.ts.tt.'..'‘.⁰.2.²³',‘‚ttt.22istit,²litlintl‘itttlt

146 1166 373 1228 usitatissimum,
392 1162 547 1247 significat,
575 1177 641 1213 casu
657 1161 706 1213 vel
724 1159 871 1212 occasione
890 1158 1063 1230 participem
1081 1160 1206 1213 nominis
1225 1162 1300 1214 lieri.
1357 1190 1360 1195 ·

116 1246 120 1259 ··
147 1239 180 1288 V.
201 1236 327 1289 iuventus
344 1233 448 1299 [Tacit.
470 1233 568 1286 Germ.
589 1235 615 1288 0.
634 1229 746 1285 inuento
765 1228 891 1283 nomiae:
918 1229 982 1282 loco
999 1231 1202 1297 vexatissimo}
1229 1232 1301 1285 Add.

147 1307 265 1360 Sueten.
277 1306 341 1358 Tib.
352 1309 382 1360 3:
402 1305 515 1357 Drusus
533 1302 593 1356 eibi
609 1301 785 1373 posterisque
803 1302 865 1354 auia
882 1317 979 1354 nomen
995 1300 1102 1354 invenit
1119 1303 1139 1354 i.
1157 1319 1181 1355 e.
1201 1311 1304 1362 auctor
1338 1333 1341 1339 ·

146 1378 205 1430 fuit
228 1377 288 1429 dati
310 1374 498 1451 cognominis.
535 1373 633 1427 Semel
653 1368 772 1426 tantum*
789 1371 864 1442 apud
888 1373 947 1426 Cic.
974 1372 1009 1425 de
1030 1374 1115 1424 Finn.
1141 1378 1165 1429 l.
1192 1377 1236 1429 10.
1257 1377 1300 1432 16.
1407 1422 1412 1431 ,

146 1448 259 1522 legitur
282 1450 411 1515 reperire
437 1459 541 1498 nornen.
572 1445 605 1494 V.
625 1441 807 1496 Doederlein.
833 1444 896 1495 Lat.
912 1441 1023 1513 'Syrou
1050 1462 1078 1495 u.
1098 1444 1227 1515 Etymol.
1247 1444 1302 1500 111.

138 1536 141 1545 “
171 1557 177 1570 .
199 1512 282 1589 144‘5
299 1517 447 1571 Forcella'u.
467 1514 521 1568 Ed.
540 1530 605 1569 nov.
626 1514 724 1568 Germ.
736 1513 773 1569 11.
786 1531 822 1584 p.
831 1515 892 1570 570.
903 1513 937 1589 11).
958 1513 1044 1570 Godd.
1063 1515 1133 1588 Reg.
1154 1515 1228 1568 Gud.
1240 1516 1300 1572 1.0.

143 1535 199 1648 ‚loc
225 1587 390 1657 cognovit
413 1601 531 1641 nome-n
553 1584 671 1638 taeenti.
709 1584 769 1638 Mt.
799 1603 801 1606 ·
1016 1589 1022 1599 '
1350 1634 1354 1639 ,

220 1659 304 1714 Gallo
322 1665 449 1729 torquem
467 1656 635 1723 detraxisse]
659 1654 743 1708 Verb.
764 1655 796 1706 in
813 1670 907 1730 marg.
926 1671 1032 1708 nomen
1050 1654 1132 1709 Gallo
1150 1655 1190 1708 ait
1207 1657 1305 1713 abesse

149 1747 166 1782 a
184 1730 251 1783 God.
279 1730 375 1797 nescio
399 1745 465 1798 quo.
505 1727 604 1802 Pergit
631 1743 705 1778 unus
729 1726 785 1780 01.
814 1731 949 1794 torquete,
982 1727 1058 1796 quod
1080 1736 1176 1780 ortum
1200 1737 1242 1780 est
1267 1746 1304 1782 ex

150 1800 253 1876 glossa,
272 1804 339 1852 eum'
356 1801 498 1870 scriptum
515 1807 602 1851 esset:
629 1797 901 1868 Gallolorquoto'
914 1803 1039 1868 torquem
1057 1797 1222 1851 detraxisse.
1259 1798 1305 1854 At

106 1919 110 1927 .
149 1889 177 1923 v.
196 1872 364 1924 Marcellum
387 1871 446 1922 vid.
465 1869 563 1922 Aurel.
583 1868 660 1929 Vict'.
690 1867 725 1921 de
743 1868 820 1919 Viris
839 1868 946 1921 illustr.
975 1885 1000 1923 o.
1019 1872 1071 1924 ‹ts-
1089 1869 1142 1922 Ed.
1162 1869 1302 1924 Arntsen.

149 1960 181 2011 p·
200 1945 361 1998 let-196.
386 1941 456 2010 ibiq.
482 1939 577 1992 laudd.
605 1938 791 2001 Plutarchum
815 1939 847 1989 in
868 1940 1015 2001 Marcello,
1051 1940 1127 2009 inpr.
1154 1957 1179 1993 c.
1198 1943 1224 1996 0.
1261 1941 1306 1995 Ile
1342 1943 1344 1947 ’

152 2011 304 2077 curtidis,
323 2012 400 2084 qued
417 2013 449 2063 in
466 2026 524 2063 uno
543 2012 593 2063 Ox.
613 2009 753 2063 scribitur
771 2008 910 2063 Cloelium
926 2011 985 2064 vid.
1005 2009 1150 2063 Plutarch.
1170 2011 1190 2062 l.
1208 2028 1233 2063 c.
1253 2012 1306 2082 qui

151 2080 969 2208 0111010111010100011100011
980 2077 1056 2205 “iii
1072 2081 1251 2206 libili
1262 2084 1306 2206 ‘i'

150 2201 304 2278 Mueller
319 2224 506 2280 Wiirterb.
517 2170 557 2275 1ll.
577 2188 636 2278 e'lt.
665 2188 777 2276 mit’tl.
798 2189 833 2274 u.
853 2190 930 2276 neri.
949 2190 1078 2298 (iacgr.
1096 2219 1207 2295 plats.
1232 2190 1307 2278 don:

151 2295 319 2348 structionis
346 2295 437 2361 opud
464 2293 637 2347 Clastidium
659 2292 745 2363 plura
773 2301 840 2345 sunt
867 2295 1000 2364 exempla
1024 2296 1099 2365 apud
1125 2296 1306 2360 Ciceronem,

151 2366 289 2419 videlicet
307 2366 356 2419 Or.
374 2381 428 2434 pro
447 2364 560 2417 cluent.
581 2367 606 2418 t.
627 2365 674 2416 Or.
694 2372 796 2416 contra
812 2364 891 2418 Rull.
911 2366 934 2417 1.
952 2367 985 2431 23
1009 2365 1045 2419 tle
1062 2366 1127 2418 niv.
1148 2367 1171 2422 1.
1190 2368 1243 2432 543
1271 2364 1306 2419 (le

151 2438 219 2489 Nat.
238 2436 339 2488 Deorr.
359 2434 414 2486 lll.
436 2436 466 2498 ὅς
499 2435 534 2486 ad
551 2432 725 2493 Famm.‚ll.
744 2437 794 2500 1ος
823 2435 858 2486 de
883 2436 969 2488 Finn.
995 2436 1034 2492 ll.
1060 2438 1104 2491 00.
1130 2445 1167 2490 et.
1191 2440 1243 2503 3ος
1271 2434 1307 2490 de
1372 2497 1375 2502 ,

153 2505 208 2561 Off.
229 2505 352 2570 111.3o;
377 2503 567 2570 dexSen.,10;
594 2512 623 2556 et
641 2520 726 2574 supra
744 2503 768 2568 l,
788 2506 832 2560 30.
869 2504 997 2579 collegit
1017 2504 1070 2558 bos
1087 2507 1170 2560 locos‘
1183 2507 1309 2562 Gahble-

152 2595 202 2631 rus
220 2577 252 2628 in
271 2575 372 2630 Jahuii
390 2574 506 2627 Annall.
527 2577 606 2631 1800.
625 2574 665 2629 Il.
684 2577 711 2647 4.
731 2592 759 2644 p.
779 2575 846 2630 892:
866 2575 969 2628 addens
978 2575 1147 2629 Cornelium
1164 2579 1308 2649 Nepotem

152 2650 227 2702 hanc
246 2653 420 2700 structuram
438 2647 598 2712 neminum,
623 2663 696 2715 quae
713 2644 797 2698 urbes
816 2646 991 2718 significant,
1017 2656 1181 2702 constanter
1197 2658 1308 2715 tenere,
1355 2713 1357 2717 Ι

153 2719 271 2774 Livium
288 2719 462 2789 plerumque
480 2733 588 2787 ponere
606 2717 653 2782 ad,
671 2715 841 2770 Ciceronem
858 2726 1025 2788 utrumque.
1062 2720 1124 2772 Mr.
1211 2735 1213 2740 ·
1307 2740 1310 2745 ·

224 2791 291 2861 quia
309 2789 399 2854 fuerit
417 2786 518 2853 iratus]
556 2787 609 2854 „si
627 2786 684 2855 fuit
704 2804 770 2839 cum
789 2787 855 2840 (lod.
875 2789 957 2844 Barb.
977 2788 1099 2859 aliisque
1118 2788 1214 2855 [habet
1232 2790 1309 2844 idem

152 2865 228 2915 Mon.
249 2861 286 2927 1.]
306 2861 428 2934 legeres,
452 2859 509 2911 iam
528 2874 587 2911 non
611 2866 731 2932 negaret
750 2857 852 2911 Cicero
870 2858 979 2912 iratum
1001 2859 1089 2912 fuisse
1108 2860 1310 2932 Marcellum.“

154 2933 289 2986 Garaton.
309 2931 344 2984 ad
362 2930 422 2984 cic.
450 2946 503 2999 pro
520 2929 619 2983 Milon.
640 2932 684 2984 00.
709 2946 738 2999 p·
758 2931 819 2984 040.
845 2928 888 2982 etl.
910 2928 998 2984 Orell.
1017 2932 1115 3003 pecul.
1133 2949 1162 3001 p.
1181 2934 1244 2988 154.
1261 2932 1326 2987 ed..

152 3005 259 3057 Bonon.
288 3000 433 3070 Improbat
457 3000 552 3074 igitur
569 2997 743 3055 Garatonius
760 2999 917 3053 lectionem
934 3003 1000 3067 soil.
1038 3001 1082 3054 Ad
1106 3014 1192 3073 quam
1211 3013 1307 3058 annot.
1402 3056 1405 3061 .

145 3071 371 3131 ·Wernsdorfius
397 3069 461 3140 (qui
483 3071 557 3123 mire
582 3071 613 3123 in
644 3086 676 3123 ea
702 3068 840 3125 laudanda
863 3072 964 3136 fortem
987 3072 1104 3142 scripsit
1120 3090 1174 3143 pro
1193 3075 1309 3142 iratum)

154 3143 288 3211 „Cicero,
307 3143 356 3206 ait,
376 3139 408 3193 in
425 3141 489 3210 loeo
507 3141 560 3194 illo
579 3141 807 3193 Tusculanarum
824 3156 884 3194 non
901 3151 1057 3212 propterea
1077 3143 1173 3215 dicere
1192 3145 1312 3201 debebat

154 3211 255 3279 fuerit,
285 3211 363 3282 quod
382 3210 516 3281 alioquin
537 3211 709 3265 Marcellum
733 3227 791 3264 non
815 3219 947 3286 negasset
967 3214 1072 3278 fortem
1097 3213 1171 3280 [scr.
1191 3214 1338 3288 iratuml‘

154 3286 255 3350 tuisse,
284 3283 333 3336 sed
357 3280 434 3351 quod
451 3298 532 3349 causa
550 3281 620 3352 ipsa
639 3290 774 3350 tanquam
792 3281 917 3356 cogitata
935 3299 951 3335 a
969 3282 1108 3337 Cicerone
1126 3287 1310 3354 proponitur,

156 3366 185 3411 et
204 3353 282 3427 quod
299 3371 362 3407 rem
380 3346 508 3422 aliquam
532 3369 590 3404 non
613 3352 655 3404 ita
680 3369 713 3405 re
730 3368 807 3411 vera,
819 3369 889 3419 esse,
916 3353 964 3406 sed
975 3368 1034 3406 'nos
1056 3354 1097 3407 ita
1120 3371 1178 3408 esse
1196 3365 1310 3426 putare,
1397 3411 1400 3416 ,

155 3435 206 3483 aut
223 3427 265 3479 ita
283 3443 342 3479 esse
359 3440 439 3496 posse
457 3423 588 3476 dicimus.
626 3423 703 3475 Hinc
720 3423 806 3478 Tusc.
825 3423 897 3497 151:
930 3421 983 3478 hoc
999 3421 1069 3479 mila·
1085 3423 1198 3480 Latinis
1215 3426 1312 3483 literis
1390 3443 1408 3466 ·

120 3560 124 3567 Ι
155 3497 355 3560 illustrandum
371 3493 480 3564 putavi,
498 3510 554 3547 neu
572 3493 639 3563 quia
653 3492 832 3564 philosophia
849 3494 969 3548 Graecis
986 3502 1013 3550 et
1032 3496 1124 3551 literis
1142 3503 1169 3551 et
1186 3498 1311 3561 doctori·

107 3562 113 3579 “
156 3570 277 3623 imaue
290 3567 401 3636 percipi
416 3573 513 3636 posset
539 3565 612 3632 [ser.
629 3567 739 3634 percipi
756 3581 810 3620 aon
823 3565 931 3635 posset]
957 3568 1007 3620 aed
1025 3575 1091 3632 etc,
1118 3585 1176 3627 non
1195 3572 1311 3644 negatio

156 3644 272 3710 poterat
289 3637 655 3703 efficereooniunctivum,
682 3644 715 3688 ut
741 3637 807 3701 vult
830 3637 1012 3702 Garatonius,
1033 3638 1090 3695 ¹sed
1112 3640 1312 3694 subiunctivus

156 3707 320 3773 adhibetur,
337 3707 388 3759 vel
405 3708 481 3776 quod
497 3726 579 3761 causa
596 3709 667 3761 haec
685 3707 798 3779 a'bffipso
816 3707 955 3762 Cicerone
973 3717 1078 3763 mente·
1089 3719 1227 3781 concepta
1243 3728 1312 3782 pro-

156 3779 288 3851 ponitum
313 3778 370 3850 *vel
394 3778 470 3846 quod
493 3787 535 3832 est
559 3779 651 3833 oratio
670 3779 821 3846 indirecta,
851 3778 901 3833 vel
927 3781 1004 3850 quod
1030 3797 1092 3833 rem
1115 3797 1173 3834 non
1191 3800 1311 3838 revera

159 3866 228 3915 esse,
251 3849 300 3902 sed
317 3848 358 3900 ita
375 3864 434 3901 esse
455 3849 511 3903 sibi
529 3860 578 3903 aut
595 3851 661 3905 aliis
678 3850 783 3917 videri,
807 3867 866 3904 esse
891 3866 972 3920 posse
989 3852 1168 3925 significat.“
1203 3853 1261 3920 Qua
1279 3855 1311 3907 in
1410 3876 1414 3883 ·

159 3919 361 3990 dispitatione‚
379 3935 441 3972 non
458 3919 608 3974 admodum
624 3922 787 3992 perspicua,
807 3921 878 3992 quid
894 3924 958 3977 veri
977 3923 1049 3978 insit
1066 3940 1120 3994 per
1138 3941 1177 3990 se,
1205 3925 1312 3996 quidve

158 4009 228 4046 vere
251 3991 565 4047 contra.Garatonimn
592 3992 778 4061 disputatum,
813 4010 909 4059 nemo,
941 3995 1054 4064 opinor,
1084 4012 1142 4048 non
1165 3996 1254 4050 videt.
1279 4027 1317 4041 -·
1407 4054 1409 4059 ,

159 4064 330 4130 Africanum
358 4059 524 4130 Scipionem
547 4062 690 4123 Minorem
717 4063 941 4138 intelligendum
961 4082 1022 4120 asse
1047 4082 1083 4117 ex
1106 4067 1152 4132 iis,
1182 4086 1253 4138 quae
1272 4085 1315 4122 se·

161 4143 302 4207 quuntur,
331 4131 517 4184 manifestum
540 4141 595 4185 est:
631 4146 803 4202 quamquam
828 4135 904 4203 apud
938 4135 1008 4188 alios
1034 4137 1187 4207 scriptores
1212 4139 1246 4192 de
1271 4157 1314 4203 eo,

161 4205 239 4276 quod
256 4208 292 4259 Μ.
312 4204 462 4256 Allienum
480 4203 541 4272 Peli
562 4221 633 4273 num
649 4203 821 4274 protexerit,
845 4204 926 4257 nulla
943 4206 978 4258 lit
1001 4208 1123 4265 mentio.
1140 4234 1172 4252 -1-
1209 4212 1316 4263 Vocem
1378 4198 1382 4216 ⁸

162 4284 206 4331 eat
223 4286 287 4348 post
305 4276 401 4330 notior
419 4221 715 4350 emittitgoddlehd,
732 4291 833 4328 vocem
847 4276 926 4330 nodia
937 4296 1010 4331 unus
1020 4280 1072 4336 Ox.
1084 4289 1113 4333 et
1124 4281 1198 4334 Gud.
1208 4284 1233 4335 0.
1254 4279 1315 4332 Mr.

132 4368 135 4374 ¹
234 4352 278 4402 vet
295 4348 395 4402 iurare
410 4345 541 4416 possum]
563 4346 617 4399 Ed.
637 4347 708 4399 Ern.
726 4352 836 4414 putore.
860 4345 945 4402 Schz.
965 4349 1007 4402 ait
1095 4369 1111 4405 o
1129 4351 1190 4424 legi
1206 4357 1317 4417 putare,

109 4462 111 4467 ,
165 4418 279 4475 Nissen.
300 4428 396 4474 autem
414 4418 451 4473 ad
469 4435 530 4472 eam
548 4418 667 4481 Ernesti
685 4412 880 4491 scriptionem.
908 4419 1005 4490 „Quid
1021 4351 1108 4490 elffii
1124 4423 1177 4490 ait,
1196 4423 1319 4481 monstri
