2842 5070
203 320 266 393 zos
399 292 1159 414 ‚orounomstusoonlun1srnrrr.

204 486 282 566 quia
303 483 387 544 nihil
408 493 480 546 erat
502 485 668 566 prolatum
690 485 822 560 melius,
844 481 940 560 illud,
971 480 1059 565 quod
1081 490 1165 557 erat,
1186 481 1358 544 tenebant.

11 603 17 607 ·
106 624 110 632 ,
158 563 182 618 7·
204 569 283 628 Post
302 567 503 629 Amafinium
524 574 635 627 autem
658 567 754 633 multi
776 564 924 626 eiusdem
945 565 1067 647 aemuli
1090 567 1232 626 rationis
1254 567 1361 628 multa

138 699 141 709 .
206 667 308 730 quum
341 650 562 729 scripsissent,
602 644 733 717 ltaliam
765 656 869 709 totam
904 658 1171 728 occupaverunt:
1198 647 1360 730 ‘quodque

205 732 387 792 maximnm
408 751 447 791 ar
471 738 642 792 omentum
665 739 726 807 est,
752 749 820 791 non
841 729 907 791 dici
929 732 986 790 illa
1007 731 1187 805 subtiliter,
1217 729 1306 812 quod
1328 738 1361 793 et
1393 770 1396 771 ν

205 813 274 875 iam
295 813 390 874 facile
417 833 435 874 e
460 815 618 890 iscantur',
658 820 691 872 et
712 813 753 873 ab
777 811 920 875 indoctis
941 812 1139 894 probentur,
1174 810 1211 872 id
1230 814 1284 874 illi
1299 814 1359 874 lir-

204 903 408 968 mamentum
429 914 500 956 esse
520 894 714 976 disciplinae
736 902 862 976 putant.

141 1087 143 1090 ’
206 1076 283 1146 quod
306 1093 410 1130 nomen
437 1066 636 1135 contineretur
660 1075 847 1131 multitudinis
864 1093 944 1143 voce,
969 1080 1141 1144 referretur,
1169 1095 1228 1132 non
1245 1094 1361 1149 possum

204 1148 305 1222 inagis·
320 1149 450 1217 probare.
488 1148 574 1213 illud,
610 1149 686 1217 quod
710 1158 751 1201 est
776 1149 806 1198 in
824 1147 917 1213 libris,
945 1146 1130 1213 innitebatur,
1161 1145 1293 1218 profecto
1318 1158 1360 1202 est

206 1217 417 1288 incorruptum,
436 1236 529 1288 neque
547 1227 644 1270 tamen
668 1219 703 1270 ad
727 1218 945 1271 multitudinem
966 1219 1162 1284 referendum,
1191 1219 1298 1272 sedita
1317 1229 1360 1272 est

199 1286 328 1354 dictum,
360 1306 445 1358 quem
473 1290 507 1341 ad
533 1290 649 1349 modum
672 1307 754 1359 saepe
778 1305 909 1354 numero,
943 1297 977 1340 ut
1003 1291 1096 1359 ipsum
1118 1291 1151 1341 in
1175 1307 1203 1342 se
1223 1291 1360 1343 orationis

116 1359 121 1370 ¹
205 1357 364 1411 'subiectum
395 1361 549 1412 contineat.
596 1362 655 1412 Nos
686 1361 784 1413 eodem
816 1360 898 1411 modo
934 1360 1074 1413 dicamus:
1102 1388 1135 1398 -
1153 1361 1249 1415 ,oder
1273 1362 1360 1415 weil

206 1426 398 1490 durebdie
417 1431 524 1483 Reice
547 1430 610 1482 der
634 1430 1014 1484 schmeicblerischen
1041 1431 1209 1488 Wollust
1235 1433 1360 1506 einge-

204 1496 461 1554 laden-wurde
481 1500 561 1565 (velt
590 1518 666 1552 man
691 1500 909 1574 eingeladen
929 1501 1080 1566 wurde):
1102 1533 1135 1544 -
1164 1501 1255 1570 quue
1281 1503 1360 1565 recte
1382 1560 1385 1573 .

205 1567 334 1622 instituit
353 1563 463 1637 Ci'cero,
492 1570 570 1640 quod
593 1588 650 1623 non
678 1572 793 1642 scripsit
818 1570 1018 1635 invitabuntur,
1049 1572 1185 1640 quoniam
1204 1572 1294 1624 ineis
1313 1573 1361 1624 de-

128 1689 134 1695 ,
204 1656 294 1706 mum,
314 1658 385 1709 quae
404 1650 574 1711 sequuntur,
602 1643 636 1693 de
654 1642 718 1707 istis'
734 1641 899 1693 hominibus
918 1639 979 1692 erat
997 1641 1161 1705 dicendum,
1181 1651 1278 1695 cetera
1295 1641 1361 1694 uni·

92 1764 97 1771 .
204 1726 287 1762 verse
307 1711 456 1763 dicenda.“
474 1712 567 1764 Klotz.
587 1712 698 1778 Quaest.
720 1712 799 1764 Tull.
820 1713 843 1763 l.
871 1729 899 1780 p.
921 1714 980 1766 131.
1001 1729 1043 1780 sq.
1080 1713 1225 1782 Equidem
1248 1715 1359 1765 servavi

163 1776 392 1850 ‚,-'t'nvitubulur,
422 1800 594 1851 quamquam
618 1782 702 1833 Vind.
725 1786 749 1838 1.
774 1781 861 1834 habet
880 1781 1084 1835 invitabantur:
1114 1783 1191 1851 quod
1209 1784 1360 1836 manifesto

198 1859 249 1903 -est
271 1853 453 1905 correctoris.
497 1853 575 1918 Quod
600 1869 669 1905 vero
692 1853 733 1904 ait
758 1853 804 1905 Kl.
834 1853 865 1902 in
893 1853 1021 1904 omnibus
1040 1853 1127 1906 Codd.
1154 1871 1213 1906 esse
1232 1854 1372 1919 blandire,

205 1921 257 1990 qui
275 1922 390 1974 nullum
409 1923 475 1987 Cod.
504 1923 677 1987 adhibuerit,
702 1923 732 1974 id
755 1923 872 1991 quidem
891 1923 996 1974 falsum
1016 1932 1071 1990 est3
1090 1940 1158 1975 nam
1176 1925 1278 1994 optimi
1298 1925 1349 1993 qui

159 2023 169 2036 ·
205 2006 261 2058 que
280 1991 387 2045 habent
405 1992 531 2046 blandis:
550 1995 623 2054 Gud.
643 1997 667 2048 1.
686 1995 711 2048 2.
731 1994 819 2045 llllarb.
839 1995 914 2045 Mon.
929 1997 952 2047 l.
972 1993 1068 2045 Duisb.
1088 1993 1177 2047 Rebd.
1197 1993 1360 2063 complures

197 2062 276 2116 θυι.
299 2072 328 2115 et
346 2064 407 2116 sine
426 2064 511 2117 dubio
530 2066 617 2117 etiam
636 2064 687 2116 G'r.
709 2072 738 2121 et
756 2065 841 2137 Regu
875 2071 1026 2133 praeterea
1048 2064 1120 2116 Edd.
1146 2062 1249 2116 omnes
1269 2081 1378 2132 usque.

204 2132 241 2184 ad
259 2133 356 2200 Verb,
377 2135 428 2202 qui
447 2135 559 2204 primus
578 2153 613 2188 ex
630 2133 782 2186 Davisiana
803 2134 899 2204 prima
916 2134 1029 2203 recepit
1055 2134 1250 2188 blandae-or.
1272 2151 1360 2202 quem

204 2203 323 2256 blandae
350 2207 490 2273 recepisse
514 2205 647 2270 diximus,
673 2222 754 2274 posse
782 2204 877 2256 videri
890 2204 942 2258 ‚ait
969 2205 1000 2255 in
1028 2222 1061 2258 ea
1081 2202 1234 2273 scriptione
1261 2204 1361 2256 lenem

198 2273 342 2339 Lucretii
353 2274 529 2340 irrisionem,
549 2277 600 2344 qni
619 2277 740 2329 tersio:
761 2278 787 2338 2,
807 2278 868 2332 966.
888 2275 927 2339 l,³
936 2277 1060 2338 125905,
1081 2279 1142 2332 179:
1173 2274 1294 2339 [blundo
1313 2292 1361 2327 co·

205 2345 310 2411 loprae,
330 2344 361 2403 in
380 2345 438 2396 line
456 2345 640 2412 hexametri}
676 2342 729 2397 Est
755 2353 852 2398 autem
877 2346 908 2396 in
934 2347 1026 2397 tribus
1045 2347 1115 2402 Oxx.
1135 2355 1164 2398 et
1182 2346 1249 2399 cod.
1268 2345 1358 2400 Rehd.

204 2413 337 2466 blandis
355 2411 582 2482 voluptutibum
602 2417 633 2468 in
646 2416 742 2468 Duisb.
765 2411 937 2470 etblandis
954 2416 1177 2483 voluptatibus:
1204 2416 1253 2467 ubi
1274 2433 1361 2490 agno-

144 2519 148 2527 ·
205 2483 261 2535 scis
285 2501 401 2536 manum
425 2483 606 2540 correctoris.
644 2488 678 2539 ln
703 2488 761 2538 solo
781 2484 854 2540 Gud.
876 2495 918 2540 est
938 2489 1088 2540 notabatur
1099 2504 1158 2558 pro
1177 2484 1365 2555 invitabatur,

204 2553 237 2605 in
254 2557 329 2606 lllon.
350 2558 375 2609 2.
396 2557 595 2619 invitebnlnr3
621 2575 694 2609 unus
713 2559 763 2610 Ox.
783 2558 869 2609 babet
893 2564 1086 2624 octupla-tem.
1125 2558 1186 2611 Mc.

276 2624 342 2693 quia
361 2623 434 2698 nibil
451 2633 511 2679 erat
527 2627 669 2699 prolatum
696 2628 812 2696 melius]
830 2633 833 2658 ³
850 2627 916 2680 Cod.
945 2628 1030 2681 Vind.
1053 2633 1077 2682 1.
1104 2629 1178 2697 quod
1201 2645 1255 2699 pro
1284 2628 1359 2699 quia.

203 2693 313 2765 Scripsi
332 2705 429 2748 autem
447 2704 509 2750 erat
522 2699 668 2765 'prolatum
686 2715 753 2749 cum
771 2697 895 2750 Davisio'
913 2697 1144 2767 (reliquaeEdd.
1173 2700 1289 2752 inverso
1315 2713 1360 2754 or

204 2764 271 2818 dine
287 2767 428 2834 prolatum
454 2766 526 2831 erut)
554 2786 589 2820 ex
616 2768 734 2838 optimis
751 2769 845 2833 libris,
874 2768 949 2820 Gud.
970 2773 993 2823 1.
1014 2771 1039 2823 2.
1068 2769 1113 2820 Au
1135 2807 1141 2819 .
1161 2772 1249 2821 ltlarb.
1269 2770 1358 2822 Rehd.
1413 2771 1415 2775 ‘

203 2835 300 2888 Duisb.
321 2839 397 2888 ltlon.
419 2841 442 2890 1.
463 2841 488 2891 2.
507 2838 587 2903 ·(nisi
613 2839 732 2908 quodi.
757 2839 844 2891 habet
868 2839 1040 2906 p'rolcrotum
1065 2786 1166 2905 [sicit
1182 2840 1222 2894 'et
1241 2842 1281 2892 sic
1300 2839 1360 2893 sine

168 2927 175 2941 ν
204 2904 289 2958 dubio
314 2914 356 2957 est
381 2907 468 2970 etiam
495 2909 623 2984 in‘Reg.
652 2908 821 2962 Proculum
845 2909 952 2961 habent
967 2911 1046 2970 ,Edu
1066 2910 1098 2966 B.
1116 2909 1150 2962 A.
1176 2911 1213 2962 B.
1228 2910 1257 2963 C.
1278 2907 1359 2976 Junt.

203 2976 274 3028 Ven.
299 2984 388 3042 nostr.
415 2976 477 3028 Asc.
495 2982 538 3042 Ι1.·
557 2982 582 3033 2.
613 2977 748 3032 et'unus‘
768 2981 818 3033 Ox.
848 2982 883 3032 ln
906 2998 984 3049 seqq.
1015 2977 1193 3046 innomine
1221 2980 1360 3047 Amafinii

202 3047 406 3100 ,eaedemsunt
424 3049 624 3118 turbae,·quae
643 3068 736 3119 supra.
756 3053 831 3103 Mon.
851 3053 877 3104 2.
897 3047 1168 3121 addit'praenomen
1186 3051 1218 3107 0.
1239 3055 1315 3104 Mon.
1336 3057 1358 3107 l.

205 3119 317 3171 omittit
336 3124 425 3170 aulem
444 3136 511 3170 cum
529 3137 586 3186 nno
606 3121 656 3172 Ox.
677 3121 820 3186 Quomodo
839 3120 985 3173 Acadd.·l.
1006 3124 1032 3175 2.
1051 3125 1076 3177 5.
1108 3121 1151 3173 in¹
1166 3122 1248 3174 illius
1267 3123 1362 3193 philo-

205 3188 289 3258 sophi
307 3189 423 3240 nomine
442 3190 589 3241 turbatum
607 3192 655 3256 sit,
674 3192 733 3243 vid.
755 3192 828 3262 ap'nd
847 3192 988 3245 Goerenz.
1007 3210 1036 3262 p.
1057 3195 1083 3246 8.
1120 3192 1181 3244 Mr.

274 3275 358 3329 multi
384 3277 508 3330 eiusdem
536 3280 638 3332 centuli
660 3279 786 3333 rationis
812 3279 901 3333 malta
930 3287 1009 3348 quum
1036 3276 1238 3346 scripsissent]
1275 3278 1360 3344 „lllS.

203 3346 281 3398 liber
299 3347 340 3397 ita
357 3346 460 3414 babet:
480 3348 548 3401 Post
566 3350 739 3416 Amafinium
757 3357 967 3416 cutem-quum
997 3349 1078 3400 mulli
1102 3347 1228 3407 einedem
1256 3349 1363 3404 cernuli

204 3415 331 3485 rationis
354 3418 440 3469 mullo
466 3418 752 3490 conscripsissent.“
777 3419 929 3472 Fr.·Fabr.
956 3418 1023 3471 Cod.
1052 3417 1147 3469 Duisb.
1177 3415 1265 3467 ‘habet
1289 3432 1364 3472 cum

203 3485 290 3539 multi
308 3487 413 3538 aemuli
430 3489 552 3542 rationis
570 3493 656 3544 merita
675 3489 939 3559 conscripsissent,
955 3487 1057 3540 omisso
1077 3484 1208 3561 eiusdem.
1237 3488 1312 3536 lllon.
1334 3492 1361 3543 2.

204 3556 311 3611 aemuli
329 3559 520 3613 orationes
538 3565 669 3617 multas
696 3578 777 3631 quum
794 3558 981 3626 scripsissent.
1014 3557 1072 3608 ‘Est
1099 3556 1187 3608 etiam
1216 3558 1362 3610 conseri·
1389 3571 1392 3575 ’

111 3668 115 3673 .
200 3627 329 3697 psissent
348 3629 379 3680 in
397 3647 453 3683 uno
473 3633 523 3684 Ox.
546 3642 575 3685 et
592 3633 675 3684 Vind.
696 3635 721 3685 2.
760 3629 839 3695 Quod
868 3627 942 3679 dicit
968 3625 1091 3679 eiusdem
1115 3626 1220 3678 aemuli
1238 3627 1362 3683 rationis

148 3708 152 3717 ¹
202 3714 258 3768 pro
277 3699 402 3753 eiusdem
421 3701 529 3756 scholae
547 3696 710 3764 sectatores,
731 3699 763 3750 in
781 3715 813 3751 eo
832 3698 867 3750 ad
877 3698 1055 3750 Graecorum
1070 3698 1208 3766 loquendi
1218 3699 1379 3752 rationem.

204 3785 234 3844 se
254 3773 487 3840 accommodarit,
509 3775 559 3842 qui
576 3789 647 3824 voce
666 3769 784 3847 ζηλωτὴς
801 3785 1007 3838 nonnunquam
1032 3769 1073 3820 ita
1099 3776 1261 3820 uterentur.
1299 3770 1359 3823 Mr.

213 3902 215 3907 ,
256 3858 316 3911 ¹Et
339 3861 425 3924 focile
450 3858 628 3922 ediscantur]
663 3858 757 3930 Vulgo
783 3856 875 3910 etiam.
897 3859 972 3920 ¹Nos
990 3860 1096 3910 ltlstum
1121 3859 1248 3910 Petrens.
1268 3858 1361 3928 sequi-

206 3944 283 3985 mur.
322 3930 399 3995 Quin
419 3940 447 3984 ot
464 3941 531 3983 uter
551 3948 587 3981 ue
606 3927 752 3980 Manucius
771 3929 843 3980 olim
861 3928 902 3980 sic
922 3927 1057 3980 ediderat.
1096 3929 1132 3981 D.

162 3997 165 4018 ¹
280 4003 353 4069 quod
381 4009 413 4054 cl
438 4001 507 4054 inm
529 3949 626 4064 docile
641 3998 823 4064 educantem]
859 4000 904 4067 Ita
922 3999 988 4052 dedi
1015 4017 1081 4052 cum
1099 4000 1152 4052 Ed.
1172 3999 1244 4051 Tbn.
1266 4016 1302 4050 ex
1319 4000 1361 4050 fa·

204 4069 319 4122 cillima
345 4071 525 4135 correctione
551 4067 671 4137 Orellii‚
698 4086 764 4120 cum
793 4073 878 4125 ctiam
912 4070 1035 4123 habeant
1065 4069 1169 4141 optimi
1197 4069 1266 4120 libri
1289 4068 1330 4121 Re
1353 4107 1358 4120 .

116 4142 120 4146 ”
201 4138 270 4201 Gud
289 4145 314 4196 l.
336 4145 363 4198 2.
383 4141 457 4215 Aug.
476 4138 565 4205 Rehd.
585 4139 682 4193 Duisb.
703 4141 777 4203 Gud,
797 4143 885 4194 lllarb.
906 4144 981 4194 ltlon.
1004 4146 1029 4203 l,
1049 4143 1179 4210 quinque
1199 4140 1268 4192 Oxx.
1288 4087 1359 4192 Eud.

177 4212 359 4282 pleraeque
376 4219 443 4263 ente
460 4209 530 4262 Dav.
551 4211 665 4281 (quiin
684 4211 736 4264 Ed.
757 4215 782 4267 2.
803 4214 882 4266 dedit
901 4212 950 4282 qui
967 4220 1034 4266 tam
1050 4212 1149 4276 focile)
1174 4212 1245 4262 Ern.
1283 4211 1362 4262 Reli-

100 4334 102 4342 ,
222 4283 254 4334 ui
273 4301 339 4336 cum
358 4281 427 4333 Dav.
447 4282 568 4346 faciunt,
589 4300 625 4347 ex
643 4283 714 4337 Edd.
734 4294 850 4353 praeter
868 4283 941 4351 Ald.
954 4286 1041 4347 etiam
1067 4285 1131 4336 Car.
1152 4280 1252 4350 Steph.
1277 4281 1359 4332 Boul.

201 4298 284 4424 gylb.
302 4355 384 4407 Brut.
404 4353 489 4409 Leod.
510 4354 582 4406 Lall.
602 4353 665 4424 Bip.
685 4354 831 4411 FAWolf.
852 4355 937 4410 Schz.
957 4353 1047 4408 Nobb.
1070 4355 1117 4406 Or.
1155 4352 1233 4407 Illud
1259 4356 1286 4403 et
1304 4351 1362 4403 iam

202 4423 330 4497 explicat
353 4423 417 4479 On:
448 4441 484 4478 ex
508 4441 565 4495 quo
589 4425 681 4480 semel
703 4425 736 4479 ab
761 4425 911 4482 Amafanio
942 4434 1010 4480 sunt
1026 4424 1154 4496 prolata:
1181 4422 1362 4492 improbante
