2842 5070
215 312 280 381 uo
338 346 341 351 -
415 268 1173 378 o1onnomsrusoonsn.n1seursr.

66 443 68 446 Ι
134 498 148 529 ·-
215 468 394 541 dicendum
415 476 494 552 erit,
517 471 710 558 (pleraeque
731 474 820 537 enim
841 474 1062 556 quaestiones,
1085 493 1169 555 qnae
1196 472 1240 536 ad
1268 474 1396 538 vitem.

213 660 264 714 hie
282 660 402 726 omittit,
422 661 609 731 persequitur
623 661 659 715 iis
676 661 786 714 'ver-bis:
807 661 915 731 quando
934 659 1029 730 igitur
1040 651 1154 726 uirium
1173 660 1269 713 etheo
1281 669 1377 715 totum

214 749 282 789 cum
301 749 334 786 eo
356 733 549 798 connectitur,
581 730 667 786 baius
695 732 787 800 igitur
813 731 937 786 uirtutis.
976 733 1056 800 Quod
1080 743 1115 786 nt
1140 740 1212 785 esset
1234 735 1375 802 apertius,

214 803 327 874 duplici
346 804 564 868 interclusione,
590 821 663 872 quae
680 806 845 871 παρένθεσις
870 812 993 857 vocatur
1010 823 1026 855 a
1045 804 1172 869 Graecis,
1201 806 1376 858 sententiam

214 873 429 928 distinximus.“
457 873 490 928 P.
515 876 628 929 Manat.
676 873 902 940 ‚,uvaaotouoou
930 884 972 927 est
1003 884 1031 928 et
1060 875 1253 947 ὑπερβατικὸν.
1299 879 1376 931 Nam

213 947 313 1017 priora
329 946 381 998 vix
397 963 427 998 se
450 946 584 999 uentibus
603 946 697 1015 aptari
715 954 841 1016 possunt.
881 945 1015 999 Ceterum
1040 947 1112 1000 haec
1130 946 1262 1001 definitio
1280 949 1376 1000 virtu-

213 1017 251 1069 tis
270 1026 312 1071 est
329 1017 415 1090 plane
430 964 540 1082 btoica,
568 1023 602 1069 ut
620 1025 734 1071 constat
752 1034 787 1070 ex
804 1015 942 1090 Diogene.
953 1018 1069 1069 Laertio
1089 1019 1120 1068 in
1137 1018 1197 1070 vita
1216 1019 1376 1075 Zenonis..“

214 1088 321 1143 comm.
341 1091 479 1157 anonym,
500 1105 544 1158 ap.
564 1088 651 1140 head.
671 1088 748 1156 a-Qn.
762 1087 941 1154 „Manutius
961 1088 1073 1140 inaruit
1091 1090 1216 1155 Quando,
1235 1097 1273 1144 ut
1293 1090 1374 1158 aliis,

213 1164 243 1213 'et
262 1158 347 1224 illud,
381 1159 458 1231 quod
477 1157 579 1212 Cicero
604 1175 634 1211 se
659 1159 767 1212 dixisse
786 1158 837 1224 ait,
865 1158 900 1210 ad
918 1175 960 1222 ea,
989 1176 1060 1228 quae
1080 1169 1251 1230 sequuntur,
1271 1165 1373 1222 refert.

212 1228 252 1284 At
275 1230 370 1301 prima
395 1229 562 1300 aapdrdeous
584 1229 738 1300 perspicue
763 1229 898 1294 ostendit,
932 1228 1101 1284 Ciceronem
1125 1230 1181 1283 hoc
1208 1234 1322 1287 referre
1340 1235 1375 1288 ad

210 1295 285 1355 alios
302 1300 401 1367 libros,
430 1300 591 1371 inquibus
610 1301 790 1370 quaestiones
817 1299 940 1353 morales
958 1311 1126 1370 persecutus
1146 1311 1216 1354 erat.
1254 1303 1296 1357 De
1314 1305 1375 1357 vir-

184 1395 192 1402 ·
212 1378 276 1425 tute
295 1380 391 1425 antem
409 1389 500 1441 quum
520 1370 585 1424 aliis
603 1370 675 1423 locis
694 1387 752 1424 non
769 1371 883 1441 paucis,
898 1377 961 1422 tum
980 1371 1113 1425 inlibris
1132 1372 1167 1424 de
1176 1374 1297 1428 Finibus
1316 1377 1374 1429 iam

212 1442 340 1509 dixernt3
366 1459 460 1526 neque
487 1456 557 1495 vero
582 1440 656 1513 apud
674 1441 845 1494 Ciceronem
872 1457 981 1494 novum
1004 1451 1055 1508 est,
1086 1453 1119 1496 ut
1135 1454 1201 1513 post
1218 1448 1374 1502 verborum

213 1513 393 1585 quorundam
412 1521 474 1567 inte
513 1511 666 1565 ositionem
680 1512 857 1566 constructio
874 1512 1011 1564 nonnihil
1030 1516 1192 1568 mutetur.“
1210 1518 1275 1572 Fre.
1286 1519 1373 1572 Febr.

284 1585 400 1641 Quaado
420 1592 449 1637 et
467 1599 485 1636 a
499 1583 536 1638 iia
555 1582 639 1650 locis]
668 1583 714 1637 Ita
732 1583 849 1654 quidem
868 1583 994 1649 Codices,
1013 1591 1073 1637 tam
1091 1587 1170 1638 Mssti
1189 1591 1374 1662 quamtypie

211 1652 355 1727 impressi.
393 1652 448 1707 Sed
470 1654 567 1707 nescio
593 1654 664 1724 quid
690 1664 733 1707 est
760 1655 790 1706 in
814 1655 953 1720 oratione,
984 1657 1061 1725 quod
1085 1657 1202 1711 omnino
1226 1661 1371 1731 displicet.

211 1725 250 1778 Ei
275 1744 340 1778 suns
367 1725 539 1779 restituetur
565 1725 654 1791 nitor,
684 1725 710 1778 si
734 1724 855 1778 minima
881 1725 1041 1780 mutatione
1064 1727 1160 1803 legas:
1187 1734 1311 1800 quaudo,
1338 1741 1374 1787 ut

213 1796 282 1851 aliia
310 1795 382 1850 Iocis
406 1798 441 1849 de
464 1794 569 1849 uirtute
596 1803 623 1848 et
650 1793 775 1849 dirimas
802 1801 829 1849 ct
854 1811 935 1864 saepe
960 1797 1108 1851 dicendum
1134 1800 1190 1854 erit
1211 1805 1373 1873 -quaudo

211 1867 305 1937 igitur
322 1864 417 1920 uirtus
434 1874 475 1921 eet
495 1864 604 1933 affectio
623 1866 713 1919 aaa'uu'
730 1872 859 1920 constans
870 1876 925 1921 etc.
945 1867 979 1919 ad
998 1869 1027 1921 id
1042 1869 1122 1922 enim
1140 1875 1277 1941 refertur,
1298 1875 1374 1944 quod

212 1938 247 1992 de
265 1938 376 1992 virtute
395 1938 500 2003 subdit,
519 1955 573 1991 nec
592 1938 702 1990 exitum
721 1938 785 1991 alio·
797 1938 926 2008 reperies
945 1939 1037 1992 modo.
1064 1941 1144 1993 Hanc
1161 1954 1258 1997 antem
1277 1964 1389 2000 emen-a

107 2060 111 2066 .
211 2009 359 2063 dationem
377 2002 556 2080 praecepisse
575 2006 739 2061 Manucium
756 2009 851 2074 video,
871 2027 959 2079 eaque
978 2009 1096 2064 omnino
1115 2021 1157 2065 est
1173 2032 1250 2069 vera.
1287 2017 1325 2070 D.

213 2157 217 2164 ,
284 2099 401 2156 mando
425 2104 453 2151 et
481 2095 568 2163 aliie]
605 2096 713 2164 „Nihil
737 2097 814 2148 mihi
838 2099 946 2151 certius
964 2099 1082 2153 videtur
1098 2104 1293 2159 emendatione
1312 2107 1371 2156 Ma-

212 2169 342 2236 nutiana,
360 2175 393 2222 ut
432 2184 465 2220 ro
484 2175 522 2234 et,
541 2185 627 2236 quam
646 2168 793 2239 pdoptavit
810 2167 903 2220 Dav.“
930 2167 1019 2224 Boub.
1057 2173 1145 2236 „Non
1160 2176 1371 2243 sunt‚.quibus

211 2241 284 2295 haec
303 2186 502 2310 respondeant.
541 2237 589 2291 Ea<
602 2254 671 2292 vero
689 2247 810 2308 propter
827 2240 1016 2309 parenthesin
1033 2243 1209 2310 exciderunt,
1234 2247 1285 2298 vel
1304 2264 1374 2299 cum

213 2313 269 2365 alia
287 2311 396 2381 protasi
414 2309 615 2383 conglutinata
632 2318 709 2375 sunt,
741 2318 770 2362 et
795 2310 827 2360 in
849 2311 928 2363 hunc
950 2313 1069 2365 modum
1090 2315 1216 2385 suppleri
1236 2327 1372 2387 possunt:

211 2381 270 2434 hoc
289 2390 431 2449 tempore,
460 2397 532 2450 quae
558 2380 710 2451 qualisque
729 2397 761 2434 ea
779 2381 827 2445 sit,
853 2382 985 2437 breviter
1003 2368 1137 2438 dicemus
1173 2385 1322 2441 Similiter
1340 2390 1374 2442 de

213 2453 301 2516 Fiunt
321 2452 358 2506 11.
384 2453 410 2506 2.
432 2452 461 2506 ὅ.
488 2452 679 2522 exposuimus.
716 2453 864 2505 Menucius
890 2462 920 2507 et
941 2453 1037 2506 Daris.
1071 2456 1168 2509 locum
1192 2461 1375 2529 correctione

212 2541 312 2587 sanare
332 2523 427 2576 eonati
444 2522 592 2596 legebant:
622 2523 742 2579 Quaado
770 2521 818 2587 (ut
841 2520 908 2578 aliis
933 2523 1004 2578 locis
1024 2526 1059 2579 de
1082 2531 1187 2582 uirtute
1204 2538 1232 2584 et
1250 2532 1374 2586 diximus

213 2595 293 2659 oet).
329 2592 403 2646 Mihi
429 2599 461 2644 ut
484 2609 542 2646 non
564 2593 670 2676 piacet,
704 2610 772 2646 eum
795 2611 853 2663 quo
881 2596 916 2648 de
941 2599 1047 2650 uirtute
1064 2596 1238 2652 redundat.“
1264 2602 1374 2657 Nissen.

126 2688 131 2698 .
214 2665 335 2733 „Oratio
354 2663 452 2715 hiulca
472 2671 523 2729 est,
543 2681 599 2715 msr
617 2665 694 2727 forte
714 2681 780 2716 eum
799 2667 928 2719 Manutio
947 2667 989 2719 sic
1007 2667 1107 2743 legere
1125 2671 1235 2741 placet:
1256 2675 1373 2743 qua'udo,

213 2743 252 2788 ut
270 2735 340 2789 aliis
359 2736 429 2788 locis
447 2735 482 2788 de
500 2735 602 2788 uirtute
626 2742 658 2788 et
690 2735 879 2801 dirimue,‘et
904 2753 987 2804 saepe
1010 2738 1037 2791 d.
1058 2756 1094 2807 e.,
1125 2743 1175 2795 vel
1195 2745 1293 2814 potins
1319 2746 1372 2799 sie:

214 2808 336 2876 quando,
354 2812 388 2858 ut
407 2812 437 2858 et
459 2804 529 2859 aliis
554 2806 624 2859 loeis
648 2806 676 2859 d.
696 2823 720 2861 o.
745 2805 881 2873 diximus,
910 2814 937 2862 et
955 2809 978 2859 s.
999 2809 1026 2864 d.
1047 2828 1069 2863 e.
1109 2812 1184 2878 Quae
1203 2816 1372 2882 emendatio,

215 2878 250 2931 de
274 2894 337 2929 mea
363 2876 480 2945 quidem
498 2877 651 2943 sententia,
681 2895 814 2952 magnam
841 2896 911 2949 prae
942 2895 972 2930 se
997 2881 1057 2933 fert
1080 2885 1214 2938 veritatis
1239 2889 1373 2957 speciem,

216 2965 306 3019 quum
323 2947 412 2999 facile
438 2953 469 2999 ut
492 2948 526 3000 ob
552 2965 672 3016 sequens
697 2955 724 3002 et
750 2948 882 3003 excidere
898 2951 1045 3019 potnerit:
1073 2969 1195 3023 eaanne
1214 2949 1382 3012 necessario*

215 3019 377 3093 efflagitare
395 3018 511 3071 videtur
531 3019 741 3073 sententiarum
759 3019 881 3073 nexus.“
899 3017 994 3073 Kolsa.
1022 3025 1110 3088 ,‚Bill.
1131 3028 1253 3081 blanutii
1279 3047 1373 3083 emen·

215 3090 360 3144 dationem
378 3086 500 3160 occepit,
526 3089 558 3140 in
576 3098 673 3152 annot.
699 3091 795 3144 ornnia
819 3092 1006 3145 confundens.
1043 3095 1116 3147 Mihi
1139 3097 1257 3166 quidem
1280 3103 1374 3172 placet

213 3161 378 3215 Manutinna
395 3161 479 3225 ratio,
499 3161 593 3212 minus
602 3178 680 3227 vero,
699 3171 821 3231 propter
838 3162 1051 3218 incommodum
1071 3167 1146 3219 illud
1157 3179 1245 3239 atque
1257 3171 1373 3225 insuave

215 3241 243 3287 ει
262 3240 327 3285 ante
345 3233 421 3297 aliis,
451 3231 526 3283 mihi
552 3231 668 3301 quidem
694 3234 833 3303 probatur
856 3235 989 3293 Riihneri
1012 3236 1087 3289 ratio
1115 3241 1266 3295 scribentis
1291 3250 1321 3297 ut
1339 3249 1371 3296 et.

216 3306 284 3358 Mox
302 3302 323 3367 ᾗ.
336 3305 379 3359 46.
400 3308 428 3355 et
447 3311 476 3356 et
495 3307 525 3357 ut
544 3312 749 3386 permutantur
767 3305 799 3356 in
809 3305 910 3357 verbis
924 3310 952 3358 et
970 3303 1001 3358 iu
1019 3310 1142 3363 omuibus
1160 3312 1220 3376 ferr
1238 3315 1328 3368 rebus.
1342 3345 1372 3357 -u

214 3375 352 3430 ceterum
370 3373 488 3441 quando,
508 3373 642 3425 adiuncta
659 3375 757 3443 aliqua
774 3376 914 3444 temporis
933 3376 1154 3451 significatione,
1182 3386 1305 3454 ponitur
1321 3400 1374 3456 pro

234 3447 356 3498 uoniam.
394 3443 446 3497 Est
468 3461 504 3496 ue
521 3442 571 3497 hic
590 3445 669 3497 locus
691 3445 778 3498 huius
796 3463 862 3498 usus
884 3449 1061 3517 exemplum,
1091 3454 1187 3520 qualia
1205 3457 1375 3525 paucissima

252 3517 302 3569 bet
327 3531 385 3569 non
413 3462 499 3568 dubia
523 3513 634 3578 cicero,
665 3523 699 3568 ut
722 3532 775 3585 1)ΐο
794 3515 909 3569 camin·
937 3517 959 3582 5·
979 3522 1023 3576 31·
1050 3523 1145 3575 parad·
1173 3528 1372 3598 3‚-1.p.198·

216 3586 328 3642 Gernh.
348 3586 389 3639 De
408 3587 445 3639 N.
465 3586 499 3637 D.
519 3588 546 3650 3,
567 3587 609 3640 1⁷.
627 3585 678 3638 ubi
695 3605 770 3638 unus
788 3596 901 3639 tantum
922 3587 989 3641 God.
1001 3593 1105 3643 Moseri
1122 3593 1210 3648 habet
1229 3600 1374 3666 quoniam

215 3661 254 3712 cf¹
274 3660 351 3713 1,,«3,
372 3656 393 3722 6,
413 3661 456 3714 66.
495 3655 672 3725 Quamquam
696 3655 746 3710 bic
770 3675 884 3727 quoqne
910 3659 977 3713 Cod.
1003 3662 1092 3715 Rehd.
1120 3664 1185 3719 loeo
1208 3670 1320 3737 priore,
1347 3676 1375 3722 et

200 3747 290 3787 ,mus
309 3729 359 3784 Ox.
379 3728 442 3782 loeo
461 3728 620 3797 posteriore
639 3726 726 3780 habet
743 3729 881 3795 quautam.
920 3729 999 3795 Quod
1023 3734 1047 3784 si
1075 3734 1187 3808 legitur
1209 3739 1268 3793 hoc
1292 3758 1375 3794 sensu

235 3815 309 3864 ursus,
341 3816 424 3853 error
450 3806 493 3850 est
521 3813 556 3849 ex
583 3798 752 3867 compendio
777 3803 828 3868 qud
856 3800 904 3853 vel
928 3808 981 3870 qud
998 3820 1152 3873 perperam
1169 3806 1258 3863 lecto.
1294 3811 1376 3865 Facit

213 3818 273 3942 buc
292 3869 446 3940 inprimis
464 3868 544 3920 locus
562 3867 686 3920 Charisii
708 3869 782 3938 apud
805 3871 973 3924 Putschium
996 3891 1024 3944 p.
1044 3878 1091 3931 86:
1122 3881 1265 3946 quando
1293 3888 1376 3937 acuta

213 3942 309 4010 prima
328 3940 437 4011 syllaba
455 3937 711 4006 interrogationem
731 3941 1035 4016 temporiesignifieat:
1056 3947 1105 3999 sed
1116 3953 1278 4016 posteriore
1295 3962 1377 4009 acute

215 4013 348 4082 quoniam
367 4031 394 4063 v.
415 4008 649 4081 quandoquidem,
668 4016 701 4062 ut
723 4011 804 4079 Virg.
826 4014 946 4075 Quoad
953 4032 969 4067 o
988 4021 1029 4069 tot
1047 4019 1157 4086 stragis
1175 4038 1291 4078 acervos
1309 4025 1377 4078 Tea-

216 4099 328 4137 crorum
354 4088 403 4134 tua
427 4080 530 4132 deutra
550 4079 662 4133 dedat.“
685 4079 773 4134 Orell.
811 4084 872 4136 Iam
896 4085 957 4138 add.
982 4087 1074 4140 Beier.
1096 4091 1131 4141 ad
1150 4090 1314 4151 orsurus.
1334 4097 1376 4151 55.

214 4157 276 4209 201.
317 4169 358 4205 rc.
389 4168 417 4221 p.
439 4151 500 4205 292.
525 4168 567 4221 sq.
596 4152 639 4204 ed.
660 4151 749 4220 orell,
774 4153 842 4206 ibid.
867 4155 968 4226 Topic.
995 4159 1028 4222 V,
1048 4162 1091 4214 26.
1120 4179 1149 4229 p.
1175 4168 1226 4220 357
1251 4185 1293 4237 sq,
1338 4167 1378 4220 De

215 4171 386 4277 anacoimho
410 4228 507 4272 antem
528 4221 586 4274 vid.
615 4223 681 4276 Otto
706 4224 741 4276 ad
765 4224 824 4277 cic.
853 4226 887 4279 de
915 4228 998 4279 Finn.
1028 4232 1148 4283 Excurs.
1175 4238 1227 4289 ΙΙΙ.
1254 4256 1283 4308 p.
1305 4240 1376 4297 «394.

214 4294 369 4364 Equidem,
402 4298 448 4342 ut=
462 4292 555 4345 fatear
581 4294 657 4363 quod
676 4304 727 4359 est,
755 4297 797 4349 ita
815 4297 903 4366 probo
922 4299 1054 4354 Kiihneri
1074 4304 1224 4373 rationem,
1259 4317 1292 4363 ut
1319 4325 1379 4363 eam

214 4364 361 4424 tamenin
382 4361 519 4429 orationis
538 4365 645 4417 seriem
663 4366 794 4436 recipere
814 4385 872 4420 non
898 4369 1023 4422 audeam.
1062 4375 1115 4426 Pro
1142 4379 1208 4432 aliis
1231 4397 1308 4432 unus
1328 4382 1375 4434 Ox.

214 4435 300 4505 habet
313 4433 377 4488 alii.
399 4432 466 4488 God.
477 4433 568 4489 Rehd.
582 4435 658 4502 mire
671 4437 779 4507 incipit
795 4437 852 4493 hoc
863 4449 964 4512 eaput:
986 4442 1127 4499 Quosdam·
1141 4455 1167 4504 et
1187 4449 1247 4504 ieta
1262 4455 1379 4520 possunt
