2842 5070
553 253 839 381 nunninae.
1222 307 1328 400 aar·

127 482 194 534 tem
215 471 353 534 Socrate
374 471 580 548 sublevatus,
602 491 704 554 quum
730 471 786 532 illa
807 469 873 532 sibi
895 470 1009 546 insita,
1036 468 1093 532 iad
1115 471 1247 532 ratione
1267 490 1286 533 e

127 575 163 617 se
184 554 312 618 deiecta
333 553 468 616 diceret.
511 554 600 640 Ergo
622 563 662 614 ut
682 556 808 634 optima
829 553 903 633 quis
924 551 1121 616 valetudine
1145 556 1285 615 affectus
1303 557 1357 646 ⁸¹2

127 739 254 802 Socrate,
273 737 298 790 si
315 736 373 789 iam
391 734 501 789 ratione
519 732 626 788 deiectu
643 733 751 789 sunt‘t“
769 733 892 790 londin.
930 734 1030 800 „Cum
1044 733 1097 788 illc
1114 733 1173 788 aidi
1187 732 1286 806 aigne,

126 810 177 863 aed
197 834 232 846 —
248 807 335 861 habet
361 805 429 864 eod.
450 805 581 876 Gryph.,
605 805 716 860 Victor.
743 813 773 859 et
790 805 858 860 Aldi
882 805 987 861 editio:
1014 806 1046 859 in
1063 822 1119 875 que
1136 813 1288 877 praeterea

126 879 248 933 verbum
266 895 358 930 unum
379 875 469 941 adest,
493 876 595 941 inem,
622 877 699 946 quod
720 878 895 931 vetustiores
919 893 1034 946 quoque
1060 875 1132 931 de.
1160 876 1286 930 Venetae
1387 877 1390 881 ’

126 950 234 1003 labent
252 957 281 1002 et
299 966 335 1001 ex
357 946 568 1001 recentioribus
586 947 753 1000 Parisiensis
772 946 954 1004 Vasoosani.“
972 948 1054 1000 Brut.
1091 982 1111 1014 „
1119 945 1168 1000 Sic
1189 963 1286 1001 omnes

96 1022 100 1027 “
126 1021 207 1085 libri,
236 1028 295 1071 tam
313 1018 440 1074 liambin.
460 1035 548 1088 quam
565 1018 653 1070 Palat.
672 1019 765 1071 Vatio.
786 1018 900 1088 Gryph.
921 1026 950 1071 et
967 1018 1021 1071 Ed.
1040 1017 1183 1082 Victoriiq
1210 1018 1287 1086 quod

127 1088 354 1161 apprehendere,
383 1106 469 1158 qnam
486 1088 604 1162 nugalia
626 1088 711 1162 vulgi
730 1087 942 1160 interpolatitia
967 1086 1036 1153 [cum
1062 1087 1117 1140 illa
1142 1088 1199 1142 eibi
1215 1087 1287 1141 cilia
1321 1100 1323 1104 ’

126 1161 226 1225 ineest,
245 1161 295 1213 aed
315 1158 382 1223 -],
401 1158 565 1210 maluimus.
603 1157 838 1224 Quidamtamen
862 1177 898 1212 ex
915 1160 1040 1217 coniect.
1065 1174 1128 1213 cum
1149 1157 1204 1211 illo
1229 1157 1287 1212 cili

127 1229 291 1298 ingenita·“
308 1226 391 1282 Geblt.
429 1227 583 1302 „Ultimae
602 1227 651 1280 isti
670 1228 854 1282 coniecturae
872 1231 951 1283 lavet
969 1246 1084 1327 ‹puoque
1102 1229 1209 1296 Bentl,
1226 1228 1285 1283 nisi

127 1302 204 1372 quod
221 1299 311 1353 incito
329 1299 378 1352 vel
396 1298 495 1352 incute
512 1314 628 1369 quoque
645 1299 762 1352 admitti
779 1315 860 1369 posse
879 1299 976 1352 dicat‘
1027 1299 1112 1354 Verb.
1319 1315 1323 1321 ’

196 1370 254 1425 Illa
273 1369 330 1422 aiei
347 1369 437 1443 signa,
455 1369 504 1422 sed
521 1369 631 1423 ratione
649 1386 667 1422 a
684 1386 715 1422 se
733 1369 845 1425 deiecta
862 1370 974 1437 diceret]
999 1371 1091 1425 Nullo
1109 1369 1192 1423 mode
1211 1368 1286 1422 ferri

125 1450 221 1511 potest
238 1440 310 1492 haec
327 1440 431 1504 lectio;
457 1456 512 1492 nec
536 1439 615 1493 enim
638 1441 734 1506 cigna,
756 1440 859 1509 quibus
883 1440 1063 1494 coniecturas
1086 1458 1148 1492 snas
1164 1439 1286 1493 'faciunt
1363 1496 1368 1504 ,

126 1510 318 1587 nugivenduli
341 1509 614 1594 Physiqgnomones,
637 1510 751 1562 ratione
778 1518 889 1580 queunt
906 1511 1009 1577 deiici3
1037 1527 1101 1574 nec,
1126 1510 1150 1562 si
1176 1508 1287 1563 deiecia

126 1583 259 1646 fuissent,
277 1581 339 1633 ulla
357 1581 469 1645 iudicii,
489 1581 566 1650 quod
582 1579 655 1632 tulit
672 1583 815 1650 Zopyrus,
834 1580 953 1634 daretur
978 1591 1054 1634 an‘sa.
1091 1580 1165 1633 Mihi
1187 1580 1286 1633 locum

127 1652 322 1708 consideranti
348 1652 504 1722 legendum
525 1650 686 1716 videbatur,
712 1667 775 1705 mm
797 1650 851 1704 illa
873 1649 928 1716 (sc.
945 1650 1114 1718 vitia)'eidi
1131 1650 1218 1703 insita
1236 1669 1286 1703 na-

126 1732 202 1787 tura,
229 1722 280 1775 aed
303 1721 417 1776 ratione
443 1737 462 1773 o
479 1738 508 1775 ee
533 1722 626 1775 eiecta
648 1721 765 1778 diceret.
802 1721 835 1777 Si
852 1722 993 1775 Librariis
1020 1723 1158 1776 usitatum
1181 1722 1286 1775 calleas

126 1794 288 1863 scripturae
306 1792 524 1862 compendium,
542 1792 664 1845 mutatio
682 1792 755 1845 levis
774 1800 803 1845 ct
822 1795 925 1868 exigua
943 1793 1118 1847 censebitur.
1157 1792 1196 1848 D.

106 1884 108 1888 ⁴
197 1898 258 1934 cum
277 1880 332 1934 illa
350 1880 408 1934 ridi
424 1883 519 1949 rigna,
538 1880 589 1933 aed
609 1879 662 1946 -]
699 1879 822 1948 „Sigae
841 1881 914 1935 ferri
933 1898 992 1933 non
1008 1898 1091 1949 posse
1109 1889 1190 1934 recte
1210 1881 1285 1934 iudi-

127 1960 233 2005 carunt
249 1952 344 2005 Bentl.
371 1960 399 2005 et
416 1951 486 2004 Dav.
523 1951 578 2005 Sed
603 1951 679 2020 quod
702 1961 892 2005 correxerunt
920 1951 977 2005 eidi
1002 1953 1121 2007 inrito
1139 1958 1285 2017 aeluro,

127 2023 178 2074 sed
195 2050 245 2089 -,
265 2023 352 2074 nimis
370 2023 481 2075 recedit
499 2039 515 2073 a
533 2021 620 2075 Codd.
639 2021 718 2074 Mss.
738 2039 864 2091 quorum
888 2021 1032 2088 nonnulli,
1056 2032 1090 2075 nt
1107 2022 1180 2075 Edd.
1205 2032 1286 2078 vete-

127 2110 182 2158 res,
208 2092 425 2160 habent-cigna
451 2093 543 2146 iactae
565 2093 616 2146 vel
640 2108 710 2145 erre.
747 2094 841 2145 Minus
864 2093 950 2146 lonae
968 2093 1083 2158 abieris,
1112 2093 1138 2145 si
1156 2093 1283 2165 legeris:

126 2180 186 2215 cum
204 2164 266 2230 illa,
286 2163 344 2217 eidi
361 2166 387 2218 ei
406 2180 459 2233 qua
476 2164 609 2228 iacerent,
619 2162 739 2216 ‚ratione
758 2191 800 2216 -.
831 2164 901 2217 Erit
914 2134 947 2217 ii
967 2164 987 2215 l.
1007 2163 1128 2217 inererat
1146 2163 1166 2215 i.
1179 2182 1215 2233 η.
1241 2163 1285 2218 in-

125 2234 182 2286 tila
204 2241 304 2288 eareat.
341 2235 401 2288 Cur
422 2250 493 2288 vero
519 2234 589 2286 Dav.
619 2232 708 2286 eiecta
730 2233 860 2286 voluerit
884 2252 937 2305 pro
963 2235 1081 2300 deiecta,
1107 2248 1164 2287 non
1188 2234 1284 2300 video,

126 2321 194 2356 cum
217 2304 293 2358 illud
319 2302 409 2372 aequi
431 2304 538 2357 bonum
561 2302 632 2355 sit.“
654 2301 743 2357 Bauli.
775 2303 857 2370 ,stlta
880 2304 937 2360 eiii
961 2304 1058 2372 tigna,
1086 2305 1138 2358 aed
1163 2332 1195 2347 -ν
1222 2307 1285 2358 Ηοο

127 2391 210 2426 sensu
236 2382 324 2427 caret.
362 2374 529 2449 Legendum
551 2375 647 2438 inrito,
667 2382 706 2427 ut
724 2383 754 2427 et
772 2375 824 2427 alii
843 2376 1025 2429 coniecere.“
1051 2375 1120 2429 Em.
1155 2375 1283 2441 „Probo‚

128 2445 204 2514 quod
221 2446 293 2497 Ern.
312 2444 399 2511 dedit,
418 2444 513 2497 iratilc.
550 2444 682 2497 Fortasse
700 2453 797 2498 tamen
814 2447 935 2516 propius
953 2446 989 2498 ad
1006 2446 1106 2498 literas
1134 2447 1212 2499 foret
1238 2446 1285 2500 itt·

126 2522 194 2567 autc
218 2514 359 2582 (ingnote)
386 2522 415 2568 et
439 2515 473 2566 ad
500 2529 563 2567 rem
587 2515 837 2570 accommodatius.
882 2516 968 2570 Certe
995 2516 1153 2570 discrimen
1177 2516 1284 2571 horum

128 2585 265 2651 statuitur
283 2585 348 2637 Fin.
368 2585 415 2638 lv,
434 2587 461 2640 2.
481 2585 532 2640 4.“
566 2584 678 2638 Niesen.

197 2671 258 2708 cum
275 2655 331 2709 ille
348 2654 406 2709 riti
429 2657 563 2721 insita,
589 2656 640 2709 red
659 2653 711 2720 -]
746 2656 920 2726 Recipienda
937 2657 995 2724 fuit
1022 2657 1140 2743 egregia
1157 2657 1284 2710 Bentleii

126 2727 303 2792 coniectura,
332 2726 410 2791 (nam
434 2727 511 2797 quod
533 2726 641 2780 addidit
658 2726 727 2779 Dav.
753 2734 865 2792 nature,
892 2744 951 2779 non
974 2746 1064 2802 magis
1088 2729 1283 2789 necessarium

125 2797 220 2850 visum
240 2805 292 2863 est,
318 2814 405 2865 quam
423 2798 499 2867 quod
517 2797 646 2850 correxit
664 2799 767 2850 eiecta
792 2814 846 2867 pro
864 2798 1001 2863 deiectae)
1023 2815 1143 2868 eamque
1168 2817 1285 2870 recepe-

125 2877 197 2919 runt
224 2869 281 2920 iam
307 2868 379 2921 Ern.
404 2868 500 2923 Wolf.
526 2866 612 2920 Schz.
639 2868 686 2919 Or.
711 2867 801 2920 Nobb.
839 2870 874 2922 ln
896 2869 950 2924 Ed.
970 2870 1043 2923 Tbn.
1066 2870 1223 2941 ‘receptum
1241 2879 1288 2923 est·

125 2940 233 3002 innata,
253 2938 330 3021 quod
348 2938 411 2990 ideo
429 2953 488 2990 non
505 2937 613 3007 recepi,
633 2939 711 3006 quia,
730 2939 755 2988 si
774 2947 847 2992 esset
865 2938 1023 3005 Ciceronis,
1041 2957 1100 2993 non
1117 2949 1178 2993 tam
1195 2942 1283 2996 facile

125 3025 279 3132 (clonssumpp)
300 3016 329 3061 et
352 3009 385 3131 ip
402 3006 490 3130 ripeta
513 3008 620 3090 mutari
642 3009 885 3134 pptuissgt.ddllslp
905 3018 1001 3134 antean
1020 3012 1070 3132 repl
1095 3013 1282 3136 ppnisputgip

144 3098 163 3131 u
200 3097 233 3130 ils
386 3095 433 3131 el
516 3094 586 3131 lna
623 3093 653 3131 88
697 3098 730 3130 m
828 3118 836 3133 .
924 3119 932 3132 .
1071 3119 1077 3132 .
1127 3099 1141 3132 a
1179 3124 1186 3138 .
1274 3119 1282 3134 ι

125 3154 150 3205 1.
165 3096 195 3206 (i
214 3096 384 3224 Augfxiiud.
402 3097 484 3203 igtlciili
499 3096 659 3213 {giomisso
677 3151 737 3214 aed)
755 3096 828 3202 tide.
846 3098 969 3207 vfiob.
990 3099 1089 3221 diiptn
1102 3100 1193 3205 Geirh.
1210 3101 1282 3205 niv.

125 3222 216 3286 otim
248 3222 455 3290 nigredinem,
482 3219 655 3274 redhibent
673 3220 759 3275 Codd
777 3219 812 3272 D.
831 3229 914 3274 vetus
939 3221 1002 3277 Car.
1030 3222 1179 3305 Stephani,
1207 3223 1281 3280 Edd.

124 3293 216 3344 Herio.
236 3289 270 3344 A.
288 3294 319 3345 B.
342 3289 371 3348 8.
391 3294 424 3345 B.
444 3293 474 3346 Ο.
492 3289 556 3347 Asc.
569 3295 631 3347 1.t.
650 3294 720 3347 Ven.
739 3299 830 3348 nostr.
850 3285 1043 3359 Junt.1.e0d.;
1063 3309 1158 3359 signo,
1178 3295 1282 3347 omisso

124 3364 184 3427 aed,
203 3379 271 3414 cum
289 3366 364 3417 Mon.
383 3367 411 3419 l.
429 3363 485 3420 tct.
502 3365 533 3419 P.
552 3359 733 3428 (Ven.Alt.)‚
751 3362 823 3415 vitio
841 3362 941 3429 inesse,
960 3365 1009 3417 aed
1027 3396 1057 3407 -
1079 3363 1149 3420 God.
1169 3367 1243 3418 tlon.
1255 3369 1281 3420 l.

100 3448 102 3452 ’
123 3434 198 3486 Edd.
216 3437 253 3487 Μ.
272 3436 305 3487 L.
323 3433 388 3487 Ald.
407 3434 489 3489 Boul.
508 3434 572 3488 Gar.
591 3431 624 3485 St
660 3432 691 3487 h.
709 3434 790 3486 Brut.
811 3433 916 3500 Goth.;
942 3435 1026 3501 aigae
1052 3441 1154 3500 creent,
1177 3436 1228 3489 red
1247 3468 1281 3481 -

125 3505 201 3627 (ἐᾳὰὲ
224 3506 337 3631 Rphdh
362 3506 448 3574 aigne
475 3503 573 3572 suinae,
598 3450 705 3557 ae?—
733 3503 820 3563 vind.
850 3509 890 3573 l.,
925 3506 1012 3574 cigna
1043 3513 1161 3559 nomene
1192 3521 1211 3558 a
1240 3523 1281 3575 ee,

152 3593 182 3625 m
204 3617 210 3629 .
257 3612 264 3627 .
336 3593 361 3628 r.
459 3621 469 3633 ,
759 3601 760 3605 =

195 3646 273 3712 Ergo
291 3654 322 3699 ot
339 3647 445 3714 optime
458 3644 575 3715 quiaque
592 3644 751 3699 valetudine
768 3647 887 3712 effectur
901 3652 993 3717 potent
1005 3645 1101 3701 videri
1113 3646 1188 3700 alius
1206 3647 1281 3702 alio

102 3757 104 3760 >
125 3723 228 3769 notura
246 3716 284 3770 od
300 3717 422 3784 aliquem
438 3717 563 3770 morium
578 3716 768 3787 procliviora]
787 3719 933 3788 „Hiopro
944 3725 984 3783 ut,
1004 3718 1081 3786 quod
1100 3726 1162 3772 orat
1180 3718 1282 3789 depra-
1307 3742 1314 3756 a

124 3784 234 3851 vitum,
258 3788 317 3842 feci
342 3786 433 3841 olio.“
446 3787 554 3840 ¹[latmi.
592 3789 699 3853 „Prius
723 3788 874 3862 legebatur
894 3795 986 3856 potent
1010 3790 1104 3844 videri
1132 3788 1218 3854 aliua,
1247 3782 1281 3843 iet

125 3865 247 3911 naturai
266 3858 361 3915 Lamo
383 3875 419 3910 ex
436 3865 467 3911 ut
484 3859 557 3912 fecit
574 3859 641 3912 alio.
678 3860 759 3912 Hanc
777 3868 873 3911 autem
890 3860 1107 3929 proclivitatem
1127 3860 1227 3924 Stoici,
1246 3868 1281 3912 ut

126 3930 200 3999 apud
218 3930 367 3982 Lae'rtium
392 3937 443 3994 est,
469 3931 518 3989 τοῦ
542 3929 666 3997 σώματος
693 3927 887 4003 adapertionum
910 3931 1079 3985 dixerunt.“
1109 3932 1172 3984 Fre.
1192 3931 1277 3984 Febr.

124 4001 233 4065 ,‚Dedi:
251 4007 341 4068 potent
358 3999 462 4067 videri,
480 4006 511 4053 ut
530 4007 631 4055 natura
648 4002 738 4055 ad-
759 4020 794 4055 ex
818 4002 948 4070 quinque
975 4002 1063 4057 Palat.
1089 4002 1278 4058 Pith.''Vatic.

123 4073 218 4144 Vulgo
240 4076 330 4140 potent
352 4070 447 4126 videri
471 4073 546 4126 aliur
568 4079 600 4124 ut
619 4072 679 4111 -“
705 4070 788 4125 Geel.
830 4071 933 4124 Probat
959 4072 1091 4124 Lambini
1122 4073 1280 4126 lectionem

123 4142 296 4218 Sylburgius
315 4159 433 4212 eamque
451 4161 467 4195 a
484 4151 563 4196 recta
581 4144 740 4197 sententiae
757 4142 870 4195 ratione
888 4142 1028 4211 postulari
1046 4143 1096 4200 ait.
1132 4144 1194 4199 Mr.

188 4213 232 4268 ‘Ut
255 4220 369 4283 optumo
393 4213 458 4284 quis
479 4214 637 4268 valetudine
660 4208 787 4281 adfectus
810 4219 903 4282 pateat
921 4211 1031 4278 uideri3
1064 4224 1093 4267 at
1117 4220 1222 4268 natura
1240 4214 1278 4267 ad

123 4284 242 4355 aliquem
259 4286 384 4347 morbum
399 4284 565 4354 proclivior]
602 4288 655 4340 Est
683 4303 718 4338 ex
742 4286 785 4341 01.
812 4283 936 4336 Bentleii
960 4284 1135 4340 coniectura.
1162 4285 1276 4356 Vulgo,

123 4362 153 4408 ut
171 4359 278 4422 optima
297 4357 418 4427 quisquo
436 4355 596 4411 valetudine
614 4358 742 4422 adfectus
757 4360 853 4425 pateat
870 4354 965 4409 videri
969 4373 979 4418 3
997 4363 1031 4407 ut
1048 4362 1150 4409 notura
1164 4362 1218 4407 etc.
1240 4356 1276 4410 D.
1379 4384 1383 4401 .

192 4434 221 4480 ut
248 4434 348 4484 notiore
373 4429 413 4483 od
436 4426 556 4498 aliquem
577 4427 626 4496 -]
666 4427 778 4496 „Nihil
804 4426 912 4482 certius
942 4427 1107 4480 coniectura
1137 4426 1274 4489 Bentleii,
