2842 5070
511 281 840 360 turanum--
904 323 906 327 a
1190 278 1232 343 aa

76 451 207 530 sapiens
235 451 373 526 soleret,
397 450 552 511 misereri
583 449 683 510 etlam
711 447 843 509 soleret.
887 443 992 507 Abest
1019 463 1100 530 ergo
1128 465 1148 506 a
1180 462 1230 506 sa-

76 536 190 614 piente
218 532 404 619 aegritudo.
454 531 548 593 Haec
575 533 622 595 sic
647 530 805 592 dicuntur
830 548 850 589 a
877 527 999 588 Stoicis
1028 527 1229 589 concludnn-
1247 528 1290 582 22·

65 627 200 697 ,torque
222 617 420 683 contortius.
462 612 529 675 Sed
549 614 648 674 latius
671 613 839 692 aliquanto
859 607 998 683 dicenda
1020 619 1097 671 sant
1118 618 1152 670 et
1166 607 1231 669 dii-

78 701 203 762 fusius:
244 699 416 760 sententiis
448 703 560 758 tamen
586 695 746 756 utendum
774 712 890 754 eorum
919 695 1141 775 potissimum,
1174 691 1232 771 qui

77 783 219 847 maxime
241 781 322 839 forti
344 787 386 856 et,
416 787 455 838 ut
474 779 522 839 ita
543 775 659 854 dicam,
689 777 784 837 virili
806 784 949 837 utuntur
970 776 1103 836 ratione
1133 781 1232 852 atque

77 863 254 927 sententia.
295 861 381 922 Nem
403 860 632 942 Peripatetici,
664 859 842 923 familiares
863 859 985 935 nostri,
1009 857 1126 938 quibus
1148 854 1233 915 nihil

80 1012 225 1080 referre.
259 1012 341 1065 Vind.
364 1017 387 1066 l.
416 1011 486 1080 qaod
513 1009 541 1064 si
563 1007 645 1065 baec
663 1009 775 1079 sapiens
801 1010 946 1078 referre
965 1026 988 1062 e.
1008 1009 1092 1061 Vind.
1114 1011 1139 1063 2.
1161 1008 1235 1076 qnod

78 1084 108 1136 ei
124 1082 186 1136 ltoc
204 1084 332 1149 referre.
360 1083 451 1136 Totus
471 1100 555 1136 error
573 1083 639 1134 inde
659 1092 737 1135 ortus
757 1091 808 1147 est,
828 1082 905 1152 qnod
922 1081 1086 1136 nesciebant
1104 1078 1231 1144 librarii,

76 1152 170 1222 'aegre
180 1157 256 1220 ferre
274 1154 350 1207 idem
369 1171 427 1207 esse
446 1154 522 1222 quod
544 1152 723 1221 aegritudine
741 1153 828 1220 affici.
1026 1209 1029 1212 ,
1074 1201 1077 1204 ,

146 1221 226 1278 Haec
244 1224 268 1277 si
287 1225 418 1278 dicantar
435 1241 453 1276 a
470 1224 578 1292 Stoicis
598 1253 629 1263 -
653 1234 681 1277 et
699 1225 803 1290 latius]
830 1224 934 1298 Vulgo,
954 1222 1022 1276 baec
1040 1225 1081 1275 sic
1100 1223 1232 1285 dictentur

63 1312 95 1358 a
112 1292 215 1349 Stoicis
235 1297 335 1347 -sed
353 1295 450 1349 latias.
487 1296 616 1348 Priorem
643 1297 832 1348 mutationem
860 1304 955 1351 ratam,
976 1295 1088 1348 faciunt
1112 1296 1181 1369 Reg.
1203 1300 1232 1346 et

76 1367 227 1419 Pithoean.‘
243 1366 375 1419 Alteram
386 1374 389 1378 ”
401 1367 577 1440 excogitavit
595 1366 637 1418 cl.
657 1367 783 1418 Bentleii
804 1365 928 1419 solertia.
966 1365 1002 1418 D.

146 1437 225 1490 Haec
243 1438 297 1490 sic
315 1437 443 1489 dicantar
461 1471 494 1479 -
514 1437 580 1490 Sed
598 1435 704 1502 latins]
741 1438 845 1490 Merito
872 1436 1070 1520 improbarunt
1087 1436 1232 1488 Bentleia·

76 1526 143 1559 nam
169 1509 379 1560 correctionem
402 1506 574 1561 Bouhierius
602 1517 631 1559 et
653 1526 732 1577 seqq.
772 1507 827 1560 Sed
851 1509 975 1582 Regium
1000 1507 1104 1560 habere
1129 1509 1156 1560 si
1179 1523 1231 1578 pro

77 1577 130 1645 sic,
159 1580 235 1649 quod
253 1581 345 1632 refert
363 1579 443 1643 Dar„
469 1577 609 1647 (quamvis
628 1578 745 1631 collatio
764 1586 861 1630 nostra
880 1578 998 1643 taceat)
1021 1578 1085 1630 veri
1105 1578 1178 1628 mihi
1197 1578 1232 1629 fit

59 1644 183 1715 simile,
202 1667 269 1703 cum
288 1650 360 1702 Gud.
384 1654 418 1714 1.,
437 1638 526 1723 Regio
546 1649 723 1713 simillimus,
742 1648 819 1701 idem
837 1649 979 1713 exhibeat,
1004 1665 1069 1711 cum
1089 1664 1145 1718 qua
1165 1664 1232 1700 con·

78 1721 166 1771 sentit
186 1719 258 1772 Gud.
296 1722 361 1772 Post
379 1719 456 1771 Haec
473 1736 547 1768 unus
565 1720 615 1772 Ox.
642 1720 718 1771 addit
737 1736 814 1786 ergo.
845 1720 918 1772 Gud.
943 1728 1007 1790 post
1032 1719 1232 1788 ccrtcladantar

79 1790 192 1842 omittit
218 1806 277 1858 qne.
304 1788 349 1839 Ad
371 1789 583 1850 vscontcrtias,
608 1805 693 1858 quam
718 1791 845 1858 explicat
867 1790 1022 1842 Beroaldus
1046 1790 1231 1858 implicatior,

79 1860 221 1924 strictius,
240 1860 378 1923 audatiae,
397 1859 455 1910 vid.
476 1859 633 1924 Forcellin.
653 1859 707 1911 Ed.
728 1859 827 1911 Germ.
846 1859 878 1911 h.
897 1879 925 1912 v.
946 1868 1013 1912 ets.
1033 1878 1061 1911 v.
1083 1861 1231 1924 contentia,

78 1930 254 1984 contortalas
273 1941 301 1982 et
319 1934 471 1983 contortas.
510 1931 650 1981 Nostrum
668 1929 765 1982 locum
786 1929 924 2000 explicat:
945 1929 1057 1981 conciea
1075 1936 1102 1981 et
1119 1930 1233 1983 vibrata

79 2003 216 2056 oratione.
253 2001 403 2053 Turnebus
423 1999 587 2068 Adversarr.
607 1997 719 2053 XXVII.
740 2003 765 2057 6.
785 2019 813 2071 p.
833 2003 881 2055 89:
916 2001 1013 2069 „quod
1030 2001 1127 2063 breve,
1157 2001 1233 2066 quod

78 2073 277 2137 constrictum,
298 2072 374 2145 quod
392 2072 557 2135 collectum,
578 2067 654 2140 quod
673 2089 876 2142 compressum,
896 2071 972 2141 quad
982 2071 1087 2123 Graeci
1105 2070 1233 2139 plerum·

78 2163 135 2215 que
153 2142 395 2212 συνεστραμμένον
412 2151 530 2195 vocant:
559 2142 589 2193 id
608 2161 644 2194 ex
663 2158 695 2195 eo
714 2160 771 2194 esse
797 2151 925 2212 apparet,
956 2141 1032 2207 quod
1050 2141 1234 2210 subsequitur
1327 2153 1332 2161 ’

79 2215 253 2289 evestigio:
274 2215 324 2267 sed
341 2208 598 2282 tattarattqaanao
618 2213 734 2267 dicenda
752 2219 813 2266 sant
831 2220 858 2266 et
877 2208 1043 2279 diffusius.“
1073 2211 1144 2263 Add.
1165 2212 1233 2264 Bar·

79 2286 134 2339 dili
153 2287 186 2336 in
204 2284 313 2336 Hauffii
331 2285 436 2336 Philol.
456 2285 480 2336 I.'
500 2287 525 2338 2.
545 2302 573 2354 p.
594 2287 636 2339 33.
675 2288 735 2339 Mr.

150 2356 238 2409 latias
255 2355 457 2424 aliquanto
484 2354 601 2407 dicenda
623 2363 685 2408 rant
708 2363 734 2409 et
757 2353 923 2422 difftcsiast]
948 2356 1108 2424 Aliquando
1125 2355 1232 2408 habent

66 2434 144 2480 'octo
163 2427 233 2479 Oxx.
255 2425 341 2478 codd.
367 2425 531 2498 Rengud.
554 2431 577 2479 1.
608 2428 682 2478 Mon.
705 2431 728 2482 l.
757 2427 830 2478 Edu.
857 2428 929 2478 Ven.
957 2437 1046 2479 nostr.
1074 2426 1137 2479 Asc.
1161 2431 1183 2481 1.
1204 2428 1229 2480 2.

78 2499 187 2552 Sturm.
225 2498 261 2550 In
279 2497 439 2549 God.·lllon.
460 2499 485 2550 2.
514 2496 650 2548 scribitur
678 2512 719 2549 ac
743 2495 887 2563 diffusius,
921 2497 952 2547 in
970 2498 1054 2549 Vind.
1077 2502 1101 2551 1.
1127 2504 1232 2565 atque

67 2565 221 2636 'diffusius
241 2568 273 2619 in
291 2567 375 2618 Vind.
395 2570 420 2622 2.
442 2573 469 2619 et
486 2567 653 2633 effusius.
690 2568 766 2620 Tum
784 2568 867 2619 Vind.
890 2571 913 2622 1.
938 2567 1011 2642 Aug.
1033 2572 1057 2622 1.
1086 2566 1232 2620 sententiis

79 2644 201 2692 antem.
218 2640 293 2690 =Pro
320 2639 452 2691 utendam
477 2637 549 2712 Aug.
576 2637 664 2691 habet
688 2639 835 2692 dicendam
858 2645 923 2691 este·
947 2656 1020 2690 unus
1040 2639 1089 2693 Ox.
1111 2647 1140 2690 et
1158 2637 1230 2689 Edd.

77 2718 149 2762 vett.
168 2710 323 2792 pleraeque
342 2709 479 2762 exhibent
496 2709 628 2762 utendam
647 2716 714 2774 est,
743 2709 871 2779 exceptis
889 2708 966 2760 Vict.
985 2710 1052 2761 Rob.
1083 2707 1182 2778 Steph.
1203 2717 1232 2761 et

78 2780 150 2834 Edd.
170 2780 236 2832 inde
256 2780 372 2832 aGebh.
400 2781 435 2831 In
443 2779 527 2831 Vind.
541 2782 566 2834 2.
588 2781 718 2834 attend.
740 2780 877 2847 scribitur
896 2794 992 2832 eornm
1010 2779 1148 2833 utendam.
1168 2779 1229 2832 Mr.

70 2866 73 2872 ·
149 2864 243 2903 eoram
267 2849 458 2917 potissimam,
487 2851 536 2919 qni
554 2851 607 2917 -]
647 2851 715 2905 (lod.
744 2852 817 2904 Gud.
845 2849 1012 2917 potissime.
1050 2852 1084 2902 In
1110 2850 1183 2904 Gud.
1203 2853 1228 2906 2.

79 2923 181 2974 desunt
199 2921 285 2972 verba
303 2920 352 2988 qai
369 2919 500 2973 maxime.
536 2923 590 2972 Pro
609 2922 659 2991 qni
684 2923 753 2974 Dav.
774 2922 805 2972 in
822 2922 875 2972 Ed.
896 2924 921 2976 2.
943 2922 1017 2991 qaia,
1043 2923 1122 2973 nulla
1142 2922 1228 2991 plane

77 2993 191 3044 ratione
209 2990 311 3041 addita.
324 2991 395 3040 Ern.
415 2999 510 3041 autem
529 2992 664 3058 „Eorum
684 2993 793 3058 scribit,
814 2992 949 3069 intellige
965 2992 1137 3045 Stoicorum.-
1157 3010 1230 3044 eam-

78 3078 137 3130 que
157 3061 190 3111 ob
209 3074 320 3110 causam
338 3058 493 3132 legendum
510 3062 641 3113 videatur
660 3066 734 3133 qnia,
765 3070 799 3113 ut
822 3063 912 3114 edidit
929 3061 998 3113 Dav.
1038 3063 1096 3114 Sed
1111 3079 1169 3114 nan
1188 3072 1230 3114 est

78 3128 288 3183 neeessariam:
307 3146 373 3179 nam
392 3128 443 3198 qai·
460 3136 554 3198 potest
572 3133 664 3201 accipi
682 3148 735 3206 pro
747 3131 815 3202 qnia
831 3131 888 3184 tif<
905 3134 1002 3186 Recte.
1026 3133 1091 3184 Post
1109 3132 1231 3184 manime

78 3201 153 3270 Gud.
174 3200 272 3322 perffit
289 3215 305 3251 e
321 3199 403 3264 forti.
441 3197 567 3268 Sequens
582 3207 613 3252 >et
632 3203 745 3264 omittit
760 3219 833 3253 unus
846 3202 895 3254 Ox.
916 3203 989 3253 alius
1006 3201 1092 3253 habet
1111 3209 1172 3254 ant
1190 3208 1230 3254 at.

76 3274 225 3326 Mox‘ltlar
244 3308 250 3321 .
272 3278 301 3322 et
318 3270 393 3322 Gud.
412 3273 439 3324 2.
459 3276 607 3327 utantur.
645 3273 679 3325 ln
697 3285 783 3341 seqq.
804 3272 870 3324 ch.
890 3271 986 3324 Duisb.
1014 3271 1125 3324 ratione
1150 3280 1232 3341 atque

76 3341 275 3413 prudentia
299 3341 533 3393 versentanum
561 3344 610 3394 nbi
632 3343 713 3395 vides
737 3343 899 3407 librarium,
926 3360 992 3395 cum
1016 3360 1045 3394 se
1064 3360 1171 3411 errasse
1188 3343 1233 3394 vi-

78 3415 173 3478 disset,
193 3430 229 3465 ne
247 3412 337 3463 litura
350 3414 572 3465 commacularet
590 3414 708 3480 librum,
726 3414 994 3467 veram-lectionem
1012 3414 1107 3466 addito
1124 3415 1169 3467 vel
1185 3414 1232 3467 ad-

71 3483 234 3554 scripsisse,
255 3498 344 3552 eoque
363 3483 499 3552 scriptori
517 3485 681 3537 consultum
698 3486 830 3540 voluisse.
868 3486 928 3539 Mr.
1048 3510 1053 3545 t
1111 3544 1114 3549 J

149 3553 345 3624 Peripatetici,
364 3553 525 3619 familiares
543 3555 637 3609 nostri
646 3552 703 3622 —]'
726 3556 800 3622 Quos
816 3555 868 3608 hic
888 3557 960 3609 dicit
978 3556 1138 3609 familiares
1157 3572 1230 3620 suos,

80 3628 121 3677 ita
138 3625 234 3678 laudat
259 3625 292 3676 de
316 3625 402 3676 Finn.
423 3627 456 3676 V.
476 3629 509 3680 3:
540 3628 584 3678 Es
608 3642 695 3680 eoram
719 3627 832 3694 scriptia
858 3633 884 3678 et
907 3626 1044 3679 institutis
1068 3641 1124 3677 can
1147 3625 1232 3678 annis

79 3695 203 3748 doctrina
220 3694 354 3758 liberalis,
373 3695 458 3748 omae
474 3696 600 3760 historia,
628 3698 713 3749 annis
728 3713 813 3750 terna
832 3699 945 3762 elegans
962 3697 1030 3748 sami
1044 3702 1151 3762 patest;
1180 3701 1232 3748 tam

78 3766 200 3819 uarietas
218 3772 257 3818 est
275 3772 353 3823 tanta
371 3766 477 3831 artium,
496 3775 525 3819 at
543 3784 615 3820 nemo
632 3769 733 3820 sineeo
750 3769 923 3820 instrumento
942 3769 979 3820 ad
994 3766 1077 3820 alian
1095 3783 1148 3820 ren
1166 3769 1231 3820 illa-

78 3836 209 3893 strt'orene
223 3837 293 3889 eatis
311 3844 423 3889 ornatas
438 3838 527 3903 possit
544 3839 682 3891 accedere.
719 3839 770 3900 Ao,
781 3838 824 3890 aa
841 3845 972 3903 aratores,
997 3840 1038 3889 ab,
1049 3837 1093 3890 la's
1114 3839 1231 3905 impera·
1303 3880 1310 3887 .

78 3915 152 3960 tores
168 3922 201 3959 ac
219 3907 492 3972 rerumpublicarum
514 3909 653 3974 principes
675 3911 843 3963 exstiterant·
882 3911 920 3963 Ut
943 3910 981 3961 ad
996 3909 1100 3961 minora
1116 3910 1230 3974 venian,

77 3977 267 4041 mathematici,
292 3983 399 4043 poetae,
413 3979 529 4043 'nasici
562 3980 805 4047 nedici'deniqae,
835 3995 870 4031 ea·
892 3979 945 4032 iac
971 3980 1232 4046 tanquam’catniam

78 4051 176 4103 artium
200 4047 310 4112 officina
333 4048 451 4114 profecti
473 4056 543 4101 sant.
579 4049 649 4102 Add.
669 4051 756 4104 Kiih'n
809 4063 839 4101 tn
857 4050 891 4103 de
909 4051 968 4104 Cic.
997 4050 1028 4100 in
1046 4049 1152 4104 Philas.
1172 4067 1232 4103 rne-

79 4121 190 4188 ritis-p.
211 4124 253 4173 77.
274 4137 314 4187 sq.
336 4149 366 4162 -
405 4119 458 4169 Pro
477 4119 574 4186 quibas
595 4138 670 4171 unus
688 4122 738 4174 Ox.
755 4050 848 4184 “et
871 4120 937 4186 qai(
964 4118 1047 4172 Ntttt
1068 4121 1177 4190 saepius
1196 4120 1230 4171 de
1297 4159 1301 4163 -

51 4223 57 4232 ·
78 4190 206 4260 personis
224 4190 292 4254 dici,
311 4189 360 4240 ubi
380 4197 525 4258 exspectes
543 4205 629 4256 nemo,
649 4201 739 4243 recte:
752 4197 849 4244 monet
870 4189 1097 4246 FAWolfiusin
1111 4189 1229 4242 scholis.

79 4261 191 4315 Addere
208 4269 330 4330 poterat,
349 4259 483 4319 hocloco
501 4258 525 4310 si
544 4275 622 4313 nemo
640 4256 694 4312 ter'
704 4262 879 4314 scriberetur
895 4277 949 4332 pro
969 4259 1048 4324 nita,
1068 4262 1232 4312 defuturam

80 4350 138 4388 esse
159 4331 306 4385 Ciceronis
324 4330 498 4455 epptgmtiam
517 4338 546 4383 et
563 4329 763 4388 urbanitatem.
788 4333 882 4385 Verba
900 4330 975 4386 nibil
991 4330 1111 4399 graciae
1129 4331 1230 4383 desunt

80 4405 110 4458 in
128 4404 195 4458 eod.
216 4402 304 4456 Rehd.
378 4418 402 4453 r.
