2842 5070
213 304 274 372 364
398 300 630 365 CICERONIS
652 300 897 367 TUSCULAN.
921 300 1150 364 DISPUTAT.

213 469 266 528 nis
288 486 359 528 cese
379 464 506 544 dicunt,
529 467 699 549 multoque
721 469 811 529 etin
831 467 959 528 hostem
988 475 1022 528 et
1050 462 1086 527 in
1106 465 1298 547 improbum
1322 467 1369 527 ci·

212 570 288 611 vern
310 549 575 612 vehementiores
596 551 764 612 iratorum
786 551 928 631 impetus
951 569 1036 614 esser
1066 550 1154 612 leves
1177 555 1290 609 antem
1309 564 1369 609 ra·

212 631 380 693 tiunculas
401 651 530 709 eorum,
553 633 610 714 qui
630 633 678 692 116
697 649 736 692 66
761 633 896 710 iterent,
917 629 1076 694 Proelium
1098 641 1213 692 rectum
1236 639 1287 693 est
1309 630 1370 693 166

179 744 183 751 ·
212 715 302 858 dem
324 717 471 778 conuenit
492 715 642 777 dimicare
660 733 721 793 pro
738 653 878 794 legitur,
898 735 960 794 pro
982 715 1139 784 libertate,
1159 733 1220 792 pro
1239 717 1368 794 petria:
1402 766 1405 771 .

236 816 295 859 aec
315 797 438 858 nullam
457 796 685 872 1166661616,
717 798 782 858 nisi
803 796 856 858 iri
878 795 1053 860 excanduit
1073 795 1250 859 fortitudo.
1295 797 1369 858 Nec

234 899 1356 940 W&

212 985 240 1038 6.
259 983 328 1051 ibiq.
348 982 422 1034 zell.
442 1000 471 1052 p.
492 983 552 1036 146.
573 982 757 1036 -Ridicule
779 979 810 1033 in
830 981 898 1034 cod.
926 984 1000 1034 Mon.
1022 985 1045 1035 1.
1072 981 1099 1032 le
1122 980 1183 1032 itur
1207 987 1307 1044 cutem,
1334 982 1382 1035 in·

213 1053 319 1105 duobus
337 1053 407 1106 Oxx.
429 1049 502 1106 Gud.
514 1052 602 1109 Rehd.
615 1049 737 1108 vinula.
759 1061 801 1104 est
819 1054 955 1116 censilem,
974 1051 1092 1104 sedRch
1113 1090 1120 1102 .
1139 1069 1225 1120 supra
1244 1052 1298 1103 lin.
1317 1051 1368 1104 ha·

152 1153 160 1161 ·
211 1123 260 1176 bet
278 1129 363 1178 cotem
380 1122 401 1174 i.
419 1130 497 1190 6166
514 1122 594 1187 (61611
613 1122 709 1175 Duisb.
730 1129 756 1176 et
774 1130 869 1188 cotem,
890 1122 963 1175 Gud.
983 1126 1009 1178 2.
1029 1127 1144 1191 quatem.
1182 1123 1296 1174 Vitium
1322 1139 1366 1176 co·

210 1193 305 1247 mitem
322 1195 375 1264 pro
394 1201 479 1250 cotem
497 1202 539 1246 est
558 1195 644 1248 etiam
663 1195 694 1251 in
712 1194 813 1246 multis
832 1194 947 1262 scriptis
966 1201 995 1245 et
1014 1194 1097 1246 editis
1116 1194 1146 1243 in
1165 1184 1368 1254 1666166166-

210 1265 257 1330 tii,
289 1282 324 1317 ex
346 1273 444 1318 nostro
469 1281 611 1335 expresso,
639 1272 736 1333 quern'
753 1265 848 1316 laudat
871 1264 956 1325 Dav.3
988 1263 1046 1315 vid.
1074 1265 1127 1316 Ed.
1154 1265 1194 1315 Le
1218 1264 1308 1315 Brun.
1337 1270 1384 1317 et'

209 1334 344 1389 Dufresn.
370 1336 404 1388 Τ.
424 1336 447 1388 1.
472 1354 500 1406 6.
520 1330 581 1391 481.
609 1335 661 1387 Ε6.
686 1336 860 1388 Bunemann.
886 1353 914 1403 p.
940 1336 1001 1388 869.
1026 1335 1069 1387 66.
1098 1333 1211 1394 (1611661
1242 1353 1271 1404 p.
1296 1337 1364 1400 6143

210 1415 278 1459 sunt
302 1407 372 1470 item
399 1405 451 1475 qui
477 1407 584 1459 ibidem
610 1406 708 1528 leqant
721 1405 873 1470 ,1666116161
902 1405 977 1473 quod
1005 1414 1047 1456 est
1072 1414 1282 1471 correctorum,
1314 1406 1365 1475 qui

37 1459 44 1470 ⁸
103 1507 125 1518 υ
209 1477 347 1529 mendum
370 1477 401 1529 in
426 1479 549 1530 comitem
572 1476 639 1528 subo
659 1485 784 1540 orarent,
809 1493 862 1533 666
889 1492 958 1527 vero
977 1474 1160 1530 Ciceroniani
1181 1475 1242 1528 1661
1268 1493 1366 1529 recor-

210 1547 356 1600 darentur.
387 1579 419 1589 -
458 1532 502 1600 A'd
526 1565 605 1616 seqq.
636 1562 782 1599 monemus
806 1563 859 1616 pro
886 1546 1026 1615 multoque
1048 1553 1075 1599 et
1101 1565 1159 1599 esse
1173 1542 1211 1597 ’16
1235 1563 1293 1598 666
1313 1549 1362 1600 Ox.

208 1619 347 1687 multoque
365 1617 477 1670 etiam.
514 1620 663 1681 Vo'cerniet
687 1617 826 1693 qinittunt
853 1614 938 1669 Codd.
963 1617 1047 1669 Vind.
1069 1617 1093 1668 l.
1113 1617 1188 1690 Aug.
1216 1618 1363 1670 Posterior

209 1690 322 1742 omittit
345 1689 431 1740 ctiam
457 1688 489 1741 in
513 1696 579 1741 ante
602 1685 721 1740 hortem:
749 1689 873 1740 alterurn
908 1687 940 1739 in
964 1694 1029 1740 ante
1061 1687 1216 1757 improbum
1243 1688 1321 1740 abest
1347 1706 1364 1739 a

209 1759 281 1814 (166.
306 1757 379 1811 (166.
400 1764 426 1813 1.
445 1759 470 1810 2.
494 1758 569 1833 Aug.
595 1758 679 1813 Vind.
705 1763 729 1814 1.
757 1761 875 1812 111661.
903 1757 977 1810 Gud.
1004 1757 1093 1811 Rehd.
1121 1759 1192 1812 Edd.
1221 1758 1254 1814 A.
1282 1759 1313 1810 B.
1334 1758 1361 1811 S.

208 1830 322 1893 16611
353 1831 430 1898 quod
452 1829 538 1882 facile
563 1829 694 1882 excidere
717 1829 822 1899 potuit,
852 1828 876 1888 si
905 1829 1047 1898 scriptum
1072 1838 1134 1882 erat
1152 1830 1362 1884 arlNrnoavu.

208 1904 275 1955 Mox
299 1918 371 1954 unus
398 1901 449 1952 Ox.
474 1903 626 1969 impetum.
672 1899 717 1957 Ad
738 1897 1042 1957 61616616616116
1066 1900 1223 1968 improbum
1247 1895 1360 1952 Grono-

96 1968 98 1975 ‘
160 2002 167 2013 -
207 1973 272 2025 vius
289 1969 374 2024 haec:
394 1968 512 2041 „quum
530 1971 674 2041 posterior
692 1971 866 2040 praepositio
885 1971 1079 2023 intercidisset
1100 1972 1132 2023 in
1155 1970 1208 2027 Ed.
1229 1971 1360 2036 Gruteri,

208 2051 239 2098 et
260 2043 331 2100 hinc
353 2051 545 2111 sequerentur
569 2042 652 2108 aliae,
679 2043 787 2111 ¹putavi
818 2030 1033 2106 restituenddm,
1062 2041 1152 2111 quum
1178 2042 1259 2094 nulla
1282 2042 1358 2093 iusta

190 2122 293 2167 'causa
311 2113 348 2165 sit
367 2113 502 2189 credendi
521 2129 579 2165 666
596 2112 707 2164 venisse
726 2112 950 2166 ab*Ciceronc.“
987 2113 1047 2165 Mr.
1223 2149 1227 2174 <

278 2183 461 2236 Iracundiam
479 2185 609 2248 lundant3
629 2191 724 2235 cotem
740 2183 922 2236 fortitudinis
947 2200 1008 2237 ease
1034 2179 1213 2248 6166616161
1249 2181 1358 2232 Noster

208 2254 435 2318 distinctionem,
455 2273 541 2324 quam
560 2272 645 2323 supra
663 2271 723 2324 666.
745 2257 787 2309 12.
814 2256 922 2324 posuit,
949 2255 1002 2307 sibi
1025 2271 1083 2308 non
1105 2252 1177 2305 dixit
1204 2251 1361 2304 obser-ran-

181 2338 184 2342 ’
207 2324 287 2388 dam3
307 2325 455 2377 iracundia
475 2325 553 2376 enim
571 2341 629 2385 666
648 2318 815 2392 ὀργιλότητα,
842 2344 929 2394 quarn
953 2326 1063 2378 malum
1087 2341 1144 2376 6666
1168 2323 1269 2374 statuit
1292 2321 1362 2374 Ari-

206 2395 333 2459 stotcles,
366 2394 414 2445 sed
438 2396 522 2460 iram,
548 2389 650 2460 θυμόν,
675 2395 725 2448 166
749 2397 874 2453 6666161.
912 2397 960 2450 sic
988 2414 1041 2466 pro
1064 2398 1093 2451 P.
1120 2394 1217 2448 Sextio
1246 2410 1309 2462 cap.
1335 2395 1381 2446 2.·

208 2467 355 2521 Quantum,
375 2468 468 2534 61616
493 2467 588 2525 dolori
614 2473 641 2519 et
665 2466 758 2520 iustae
781 2468 945 2520 iracundiae
973 2467 1175 2523 eoncedendum
1196 2463 1303 2533 6616116
1327 2494 1360 2505 -

206 2535 298 2604 Neque
317 2537 466 2590 iracundia
483 2540 578 2604 magis
595 2538 656 2590 6116
674 2539 826 2604 laudanda,
846 2555 929 2607 quom
947 2554 981 2592 ea
999 2547 1055 2592 616.
1083 2536 1140 2590 Sed
1157 2536 1191 2588 de
1209 2536 1265 2588 hac
1282 2534 1361 2591 vocis

206 2608 289 2661 illius
306 2616 456 2678 potestate,
475 2616 509 2659 ut
528 2618 557 2660 et
574 2608 608 2661 66
628 2610 688 2678 1666
706 2626 739 2660 re
758 2626 843 2679 quam
861 2610 1008 2662 Tulliusa
1032 2609 1065 2674 it‚·
1093 2607 1159 2659 vide
1187 2609 1225 2662 Μ.
1245 2609 1280 2660 A.
1299 2608 1361 2658 Mu-

206 2687 303 2732 retum
330 2679 364 2732 ad
387 2679 436 2731 lib.
456 2681 478 2732 l.
509 2678 562 2734 Off.
588 2696 650 2747 666.
671 2681 713 2734 25.
752 2681 809 2733 Nos
838 2673 975 2748 quaedam
993 2627 1040 2732 idi
1058 2695 1114 2730 non
1138 2685 1214 2730 tacta
1231 2679 1361 2748 profere-

175 2768 278 2815 smus.
313 2749 478 2802 Lactantius
505 2749 571 2821 1116.
600 2751 668 2802 1661.
696 2749 747 2804 lib.
775 2752 823 2805 Vl.
855 2767 915 2821 cap.
942 2754 983 2805 19.
1026 2749 1215 2818 Peripatetici
1233 2780 1266 2790 -
1286 2747 1360 2800 iram

132 2821 135 2825 ’
206 2820 421 2884 ootemdicunt,
441 2835 501 2874 esre
518 2820 648 2884 virtutis,
667 2826 802 2889 tanquam
820 2837 899 2874 nenio
914 2820 1007 2889 616611
1025 2820 1161 2874 aduersus
1187 2817 1282 2872 loates
1301 2819 1359 2884 for·

200 2890 275 2967 xtiter
293 2889 437 2955 dimicare,
458 2889 518 2944 nisi
536 2891 627 2956 fuerit
645 2891 694 2944 ire
714 2894 876 2945 concitetur.
914 2892 967 2943 Vel
990 2891 1120 2944 adhunc
1147 2886 1244 2961 ipsu'tn
1262 2890 1359 2943 locum
1379 2898 1382 2901 “

189 2961 336 3032 respicit,
354 2961 404 3012 vol
421 2961 456 3013 ad
472 2960 591 3013 huiusce
609 2961 679 3024 libri
698 2979 759 3032 cap.
780 2965 823 3018 21.
843 2962 891 3014 ubi
909 2963 1028 3024 ardores
1047 2965 1213 3026 animorum,
1232 2965 1359 3029 cotesque

204 3031 341 3085 uirtutum
360 3040 507 3087 inemorat.
545 3031 654 3085 Seneca
678 3032 711 3084 66
735 3034 780 3086 Ira
805 3032 857 3084 111).
876 3034 928 3088 111.
958 3051 1019 3103 666.
1039 3035 1065 3088 3.
1102 3031 1168 3086 seut
1192 3031 1359 3084 Aristotelea

205 3103 336 3169 defensor
354 3102 426 3168 irae,
445 3109 472 3156 et
491 3108 565 3155 66161
584 3104 664 3157 illem
681 3104 761 3156 nodie
780 3104 916 3158 exsecari.
955 3104 1057 3157 calcar
1075 3103 1128 3169 ait
1146 3118 1209 3155 eree
1227 3101 1357 3154 virtutis:

204 3171 378 3242 1166666616,
397 3175 533 3227 inermem
551 3171 673 3228 animum
691 3181 717 3227 et
735 3174 774 3229 66
790 3182 904 3228 conotus
921 3191 1039 3242 magnos
1054 3174 1175 3243 pigrum
1192 3172 1360 3239 inertemque

202 3245 276 3312 fieri.
313 3245 465 3299 Aristoteli
491 3247 584 3299 facem
607 3246 760 3315 praetulit·
774 3256 857 3298 vetus
881 3245 1044 3302 Academia.
1081 3245 1184 3298 Cicero
1206 3243 1294 3297 Acad.
1323 3243 1359 3308 11,

203 3319 247 3372 44.
284 3316 333 3369 1111
357 3318 467 3386 quidem
489 3316 574 3380 etium
597 3315 710 3369 utiliter
738 3331 756 3368 6
779 3324 881 3370 nutura
911 3317 1038 3370 61666661
1064 3313 1256 3384 permotiones
1289 3312 1360 3366 16166

203 3387 429 3442 animisnostris
448 3387 674 3456 datus-iprum
693 3387 871 3442 iracundiam
889 3386 1070 3440 fortitudinis
1090 3387 1170 3456 quasi
1188 3394 1287 3438 cotem
1301 3398 1360 3437 erre

203 3457 339 3511 61666661.
377 3460 417 3511 Et
435 3474 501 3511 sane
519 3457 582 3512 τόδε
608 3453 637 3513 τὸ
657 3459 758 3523 uirque
776 3464 823 3524 tie
841 3463 936 3526 ψυχῆς
954 3457 997 3518 ὦς’
1015 3454 1154 3528 euoenon
1179 3476 1205 3510 τι
1231 3456 1359 3524 661666-

203 3528 280 3582 νικόν
298 3526 469 3583 ἐπαινεῖσθαι
493 3538 616 3581 testatur
633 3528 810 3581 Themistius
830 3529 906 3588 Orat.
927 3530 1034 3616 Lqpag.
1055 3531 1080 3582 7.
1117 3527 1157 3581 D:
1195 3577 1203 3596 ·.
1280 3543 1286 3548 “
1338 3552 1343 3557 ·

167 3631 190 3670 f
247 3619 457 3673 41666666166
475 3616 664 3683 ratiunculae]
701 3617 768 3670 Cod.
788 3616 820 3671 D.
840 3617 926 3670 habet
950 3635 1017 3670 cum
1035 3632 1092 3668 uno
1112 3619 1162 3670 Ox.
1188 3615 1263 3669 16666
1286 3631 1362 3669 6666

202 3693 260 3741 ret.
282 3689 354 3744 Gud.
376 3692 450 3743 16666
469 3695 561 3743 autem
579 3686 789 3755 1666666165
807 3706 881 3742 6666
893 3691 943 3742 Ox.
965 3688 1047 3742 16616
1066 3693 1157 3742 autem
1175 3685 1362 3740 ratiuncula.

202 3760 346 3825 Posterius
363 3760 498 3813 mendum
518 3768 616 3812 ortum
635 3767 677 3810 est
695 3775 731 3810 ex
748 3758 907 3828 scriptione
925 3760 994 3814 16616
1012 3776 1070 3811 666
1088 3757 1258 3828 intellecta„
1279 3775 1363 3826 quam

201 3828 310 3887 habent
329 3830 415 3882 etiam
435 3830 509 3882 Gud.
531 3833 554 3884 1.
574 3831 600 3884 2.
620 3828 694 3902 Aug.
713 3828 852 3895 Davisius,
880 3832 977 3884 666616
995 3828 1080 3896 6666,
1098 3826 1140 3880 'in
1157 3829 1211 3881 Ed.
1231 3830 1258 3884 2.
1287 3827 1364 3880 dedit

202 3898 371 3967 cogiturint,'
393 3899 470 3951 nihil
487 3915 615 3964 monens,
641 3900 699 3950 nisi
716 3899 805 3974 vulgo
824 3900 886 3977 legi
904 3901 1074 3970 cogitarent,
1098 3901 1238 3953 Ernestus
1263 3907 1364 3953 contra

193 3971 360 4045 ¹legendum
384 3987 444 4023 esse
471 3969 544 4022 dicit
569 3971 700 4038 cogitent.
737 3970 867 4041 Uterque
886 3975 1004 4026 frustra.
1033 3971 1097 4028 vid.
1117 3989 1154 4024 ne
1173 3971 1280 4042 longus
1300 3970 1363 4034 sim,

202 4041 443 4095 116166666666.
464 4042 526 4094 tat.
547 4039 568 4106 d.
591 4043 650 4097 195.
672 4042 708 4094 11.
729 4044 753 4097 3.
775 4060 799 4093 6.
819 4062 847 4112 6.
868 4047 929 4101 621.
956 4072 989 4082 -
1013 4043 1114 4116 Pergit
1137 4041 1204 4112 God.
1229 4041 1318 4095 Vind.
1339 4044 1363 4094 1.

203 4111 342 4170 Proelium
361 4119 464 4166 rectum
482 4121 542 4167 este
560 4110 693 4179 1666661
709 4114 846 4167 conuenit.
867 4117 975 4171 114661.
995 4108 1109 4168 omittit
1127 4111 1268 4167 conuenit:
1290 4111 1372 4183 quod

23 4176 25 4182 ’
72 4199 74 4204 ’
99 4235 112 4257 ι,
204 4184 315 4238 etiamsi
334 4185 427 4236 abesse
444 4194 548 4255 posset,
568 4193 665 4237 tamen
682 4201 740 4237 666
759 4186 977 4240 sollicitandum
989 4196 1045 4239 est:
1066 4202 1160 4254 noque
1170 4184 1251 4240 enim
1260 4201 1365 4260 inagna

203 4264 246 4317 est
262 4255 348 4307 huius
367 4256 479 4310 Codicis
498 4258 529 4308 in
547 4256 593 4322 iis,
613 4274 684 4325 quae
703 4257 779 4318 solus
805 4256 900 4323 habet,
928 4258 1091 4317 auctoritas.
1129 4255 1192 4309 Duo
1212 4256 1287 4315 Oxx.
1315 4274 1362 4308 ex-

202 4326 305 4380 hibent
323 4332 355 4379 61
370 4341 425 4395 pro
445 4328 584 4381 libertate.
614 4327 703 4380 Rehd.
724 4328 833 4382 omittit
849 4345 903 4398 pro
922 4331 1041 4397 legibus.
1080 4329 1141 4381 Mr.
1334 4405 1337 4408 .

272 4415 351 4470 Haec
374 4415 480 4472 nnllam
501 4416 606 4472 habere
631 4414 703 4482 uim]
749 4417 847 4495 Vulgo
862 4416 975 4475 labent:
1004 4436 1036 4472 ac
1061 4418 1103 4474 ita
1120 4408 1249 4472 Codices.
1275 4418 1363 4477 ,Cum

1204 4614 1223 4648 J
1310 4667 1317 4676 ι
