2842 5070
543 310 673 379 meus
693 308 756 388 111,
778 308 830 375 dl.
1044 354 1050 365 ·
1209 303 1272 372 etl

121 486 172 551 sio
190 481 411 569 philosophia,
438 497 540 565 quum
567 475 759 541 universam
779 470 1028 559 aegritudinem
1049 469 1197 547 sustulit,
1225 476 1275 532 ta·

123 681 216 736 Aban.
235 697 280 752 ep.
301 676 386 733 Leod.
405 692 423 729 a
441 672 492 740 Qu.
513 679 543 726 et
561 670 622 742 ipse
640 650 709 724 Dar.
728 667 809 721 huno
825 668 984 721 verborum
997 665 1128 720 ordinem
1148 664 1180 716 in
1198 654 1278 718 com·

123 752 259 825 pluribus
279 738 367 804 caut.
387 762 448 800 esse
468 742 605 797 dicentes.
643 742 768 816 Legitur
785 746 880 821 autem
894 739 932 821 ‘in
951 738 1038 820 iladd.
1065 735 1134 820 Reg.
1154 735 1228 820 (saud.
1252 742 1275 793 1·.

125 836 292 894 quamquam
307 819 441 888 planae
458 814 514 879 (sio
532 814 620 867 etiem
631 812 685 875 Ed.
699 809 742 875 P.)
757 810 977 876 ‚disputationes
995 811 1278 864 determinatarum:

125 894 227 948 eodem
245 887 411 972 modo‚·sed
425 886 510 967 plane
527 881 601 949 (non
616 881 728 952 planae)
747 874 855 933 babent
874 879 949 932 Gud.
968 884 1003 937 2..
1021 899 1094 934 unus
1114 880 1183 943 Ox.;
1207 880 1279 934 item

120 1092 123 1096 ,
144 952 685 1088 :tuti“lt‘'tttti„illl
701 960 837 1075 itit
854 950 1279 1088 liteltlnittdtd

127 1103 215 1159 hahet
233 1096 496 1164 delectationisque.
523 1091 612 1151 liebri.
635 1091 752 1146 exhibet
777 1092 860 1159 plane
879 1092 1081 1159 disputationis
1106 1093 1202 1162 (supra
1225 1093 1278 1145 lin.

128 1175 203 1238 -ee)
229 1189 297 1243 quae
322 1176 401 1223 tuest.-
430 1168 460 1220 in
486 1185 576 1239 marg.
602 1164 671 1219 alili
695 1169 736 1215 est
764 1162 795 1216 in
819 1170 840 1215 t.
866 1179 968 1233 queque
989 1170 1051 1217 sunt
1077 1163 1279 1218 delectationis.

129 1242 203 1301 cut.
222 1258 294 1312 puae
312 1240 422 1309 quidem
440 1236 639 1307 disputationis
657 1233 854 1287 delectationis
871 1241 944 1287 auset.
964 1233 1063 1288 Duisb.
1083 1235 1165 1302 plens
1183 1236 1281 1302 dispu-

129 1314 269 1399 tacianes
287 1312 386 1396 (supra
404 1310 458 1362 lin.
479 1309 503 1373 i)
520 1304 715 1362 delectationis
734 1308 832 1374 (supra
850 1305 904 1357 lin.
924 1306 1087 1392 dilationis)
1103 1313 1185 1361 sunt.
1221 1307 1282 1358 No·

129 1380 628 1535 iit'llitbiiultilit
645 1373 1281 1530 iasii‘i-bifvjdiiulit·‚iiiiii

118 1515 1282 1674 enitet-ttest‘resistitisne‘sustineretur

128 1655 769 1811 difidit“if‘'littltuntttt‘lt:
786 1654 1057 1811 {timidi
1077 1657 1282 1781 iid²³⁸‘¹²²

116 1801 539 1940 'assiduitati
557 1800 1003 1937 ttdditttitdtttdf'
1023 1797 1074 1922 d
1097 1795 1193 1925 sil?
1207 1802 1283 1923 it:

134 1946 297 2000 Orationem
320 1940 451 1995 latinam
477 1938 605 2008 profecto
636 1932 807 2007 legendis
834 1939 974 1991 nastris
995 1939 1104 2003 efficies
1133 1938 1286 2005 pleniorem

133 2016 155 2073 i.
176 2032 201 2069 a.
222 2014 348 2068 lectione
367 2018 544 2071 nostrorum,
563 2006 687 2082 legenda
704 2013 811 2060 nostra.
848 2008 891 2063 De
908 2011 978 2078 Rep.
997 2008 1052 2061 111.
1073 2007 1164 2074 [cib.
1183 2009 1285 2078 piffi.

134 2084 178 2141 ed.
198 2082 304 2151 noctu]
342 2082 445 2136 Noster
460 2078 585 2150 papulus,
607 2076 694 2130 sociis
711 2077 906 2144 defendendis,
926 2087 1068 2133 terrorum
1086 2080 1145 2132 iam
1161 2074 1287 2134 omnium

132 2156 242 2225 potitus
259 2161 315 2208 est-s
342 2154 361 2207 i.
382 2169 406 2205 e.
426 2145 606 2205 defendendo
624 2148 749 2200 socios.“
768 2148 912 2204 Passerat.
950 2147 1030 2216 Quod
1053 2150 1131 2204 velle
1158 2149 1286 2204 vidimus

134 2244 221 2296 supra
244 2222 442 2287 Bouhierium‚
467 2220 586 2283 Etenim,
613 2220 810 2272 necessarium
839 2237 898 2273 non
921 2227 974 2283 est,
998 2221 1023 2273 si
1048 2229 1127 2274 recte
1159 2221 1288 2290 explices

134 2296 249 2349 locum:
275 2313 331 2367 qua
354 2294 389 2347 de
412 2309 445 2347 re
468 2292 546 2344 inira
563 2286 734 2345 videbimus.
771 2289 919 2344 scribitur
941 2290 1019 2345 dum
1046 2288 1147 2346 medici
1164 2290 1196 2344 in
1216 2288 1285 2344 cot.

117 2365 213 2419 -Gud
233 2370 259 2422 2.
295 2360 374 2431 Quod
392 2361 507 2415 volebat
525 2358 616 2414 Bouh-
637 2366 736 2425 curato
753 2376 808 2430 pro
826 2363 950 2415 curanda
969 2376 1029 2415 non
1047 2363 1141 2436 meg-is
1158 2377 1288 2417 neeesse·
1348 2414 1352 2423 ,
1396 2364 1398 2369 ’

136 2435 216 2491 rium
241 2442 294 2500 est,
319 2448 413 2503 quam·
436 2430 556 2485 Etenim.
592 2426 694 2498 Neque
718 2427 750 2485 id
780 2432 947 2486 coniecisset
973 2431 1021 2485 vir
1048 2431 1161 2497 dactus,
1191 2433 1216 2487 si
1237 2427 1288 2485 vel

176 2505 359 2559 emmaticem
376 2502 496 2555 Latinae
514 2501 558 2553 lin
581 2497 794 2562 onerationem
812 2503 975 2557 accuratius
1003 2501 1215 2576 investigasset,
1239 2498 1289 2556 vol
1381 2562 1385 2569 .

157 2575 289 2633 esseratii
320 2577 537 2628 annotationem
560 2516 691 2644 legisset,
722 2588 809 2641 quam
833 2571 869 2631 ob
895 2571 926 2625 id
950 2573 1045 2642 ipsum
1069 2567 1198 2627 Olivetus
1222 2587 1289 2627 suae

136 2644 270 2701 Editioni
289 2644 422 2699 inseruit.
451 2641 598 2696 scribitur
615 2640 728 2694 minime
744 2659 799 2714 pro
817 2641 949 2712 minimas
963 2643 996 2696 in
1015 2637 1103 2696 codd.
1123 2643 1199 2698 Gud.
1220 2648 1243 2698 1.
1256 2646 1289 2707 Ἡ

136 2719 327 2779 nudarentur,
355 2730 388 2767 ro
407 2712 600 2767 meditatorio
619 2727 677 2764 uno
696 2711 746 2764 Ox.
783 2713 844 2767 Mr.
1043 2740 1046 2745 -

209 2788 258 2843 Sic
280 2733 487 2856 philisoplia,]
525 2779 611 2849 „Aut
634 2784 771 2836 omissum
796 2801 812 2837 a
838 2780 960 2837 libreria
986 2780 1107 2839 verbum
1133 2791 1186 2849 est,
1211 2782 1289 2854 quod

139 2858 285 2915 actionem
310 2851 512 2928 philosophiae
535 2850 592 2917 det,
617 2859 651 2904 ut
672 2854 811 2918 medetur,
837 2855 1004 2910 medicinam
1027 2856 1109 2921 iacit,
1134 2852 1290 2910 remedium

139 2932 239 2997 offert3
259 2935 317 2988 aut,
337 2923 413 2995 quod
431 2923 524 2998 magis
543 2921 679 2987 arbitror,
698 2924 876 2990 esuritione,
894 2925 971 2995 quod
983 2923 1174 2980 ἀνακόλουθον
1183 2925 1290 2981 Graeci
1381 2966 1387 2975 .

138 3008 255 3063 vocent,
275 2994 344 3050 alibi
363 2994 450 3047 etiam
468 3011 484 3046 a
503 2992 583 3045 nobie
601 2991 633 3044 in
651 2992 751 3045 Tullio
769 3009 828 3047 non
846 2996 938 3050 semel
955 2998 1202 3052 animadversum.
1222 3012 1290 3049 nem
1387 3010 1395 3019 ⁸

141 3072 244 3123 etiam
262 3064 440 3133 singularum
457 3078 512 3133 pro
532 3059 606 3115 elsi
623 3063 809 3129 singrelarum,
837 3064 912 3137 quod
929 3062 997 3119 aliis
1023 3060 1170 3131 [Turnebo
1188 3076 1218 3121 et
1236 3065 1290 3119 Ga·

139 3136 284 3204 rrsernrio]¹
308 3133 452 3206 placuisse
475 3130 577 3196 video,
604 3130 680 3184 mihi
711 3132 828 3205 quidem
859 3153 918 3189 non
947 3136 1087 3189 arridet.“
1114 3134 1145 3191 P.
1175 3137 1290 3190 Manui.

140 3206 222 3276 „llic
239 3207 320 3262 locus
339 3219 397 3257 non
414 3203 532 3258 videtur
550 3199 715 3255 cohaerere.
745 3220 811 3256 nam
827 3198 1007 3273 plilosopln‘a
1030 3222 1089 3260 non
1112 3206 1200 3259 babet
1224 3223 1291 3259 ver·

139 3280 219 3344 bum,
238 3276 286 3333 cui
304 3277 452 3351 iungetur.
489 3271 615 3338 Gouieci,
634 3273 763 3344 primum
780 3272 936 3359 legendum
953 3275 1074 3330 hicesee
1089 3271 1290 3346 philosophiae,

141 3349 245 3405 deinde
265 3348 297 3403 in
315 3342 513 3417 consequenti,
532 3343 609 3414 quod
628 3351 672 3409 est
689 3345 720 3396 in
738 3344 835 3398 verbus
854 3349 907 3400 cisi
925 3346 1105 3413 singularum
1124 3364 1218 3401 rerem
1232 3354 1288 3399 etc.

140 3420 281 3497 legerim:
310 3416 345 3473 si
365 3416 439 3484 sing.
465 3430 522 3467 rer.
542 3413 760 3483 suntpraprias
776 3418 992 3473 consolationes.
1031 3413 1080 3472 Sic
1097 3426 1128 3474 et
1144 3416 1288 3471 Davisius.

132 3492 228 3546 Proin
266 3505 299 3543 ro
317 3485 429 3542 aliunde
448 3485 549 3539 malim
569 3483 729 3540 alicunds.“
748 3486 817 3540 lien.
855 3487 958 3553 „Ecca
982 3484 1190 3543 anacoluthonl
1213 3486 1291 3558 quot

142 3577 210 3616 cum
257 3558 373 3613 sautius
391 3557 568 3633 agnovisset,
586 3556 716 3611 desertus
734 3564 777 3610 est
794 3575 811 3611 a
832 3558 1027 3630 sequentibus.
1064 3557 1177 3614 Abeunt
1201 3558 1289 3623 enim,

142 3648 216 3705 quse
234 3646 299 3683 cum
314 3626 489 3699 philosophia
505 3626 690 3691 cohaereant,
709 3643 767 3681 non
785 3644 827 3693 re,
846 3628 896 3682 sed
912 3624 1066 3683 verborum
1094 3630 1204 3695 ordine.
1242 3628 1292 3682 Sa·

136 3698 276 3775 'quuntm
302 3698 381 3753 enim
403 3699 434 3751 in
455 3696 503 3751 his
526 3697 584 3752 set
599 3697 639 3751 ad
656 3694 771 3750 eundem
788 3698 890 3761 [antem
906 3700 1104 3754 recurrendum
1131 3706 1179 3753 est.
1216 3698 1291 3753 Nam

143 3790 161 3827 a
179 3770 382 3824 coniunctione
400 3773 427 3821 et
444 3773 545 3834 tumen,
574 3774 604 3822 et
625 3761 827 3838 philosophiae
852 3770 929 3823 lacte
946 3786 1013 3822 cum
1036 3768 1157 3825 medicis
1175 3786 1292 3840 compa·

144 3841 267 3909 ratione,
287 3837 340 3910 qui
356 3839 416 3907 ipsa
434 3840 523 3891 totius
542 3839 673 3909 corporis
693 3840 844 3892 curatione
860 3839 1000 3893 minimae
1019 3839 1106 3895 etiam
1129 3841 1207 3911 parti
1230 3856 1292 3893 me·

144 3911 262 3974 dentur,
282 3904 471 3982 intelligitur,
490 3925 605 3961 sensum
623 3925 694 3974 esee,
712 3906 940 3980 philosophiam,
960 3927 1032 3980 quae
1048 3908 1155 3976 doceat,
1167 3913 1292 3965 'omnem

143 3996 177 4036 eo
199 3978 358 4033 ritndinem
384 3974 488 4047 procui
513 3996 530 4031 a
554 3977 683 4049 sapiente
707 3995 776 4045 esse,
802 3995 835 4033 eo
863 3978 964 4033 cuivis.
975 3981 1152 4057 aegritudini
1170 3981 1290 4035 mederi.

144 4000 203 4109 Sei
221 4049 296 4102 illud
313 4045 507 4102 anacoluthon
525 4048 550 4101 si
569 4048 618 4100 cui
640 4047 805 4114 molestum,
832 4047 980 4104 lenissime
1008 4052 1050 4105 sic
1072 4052 1233 4116 curabitur,
1258 4057 1292 4103 ut

144 4120 302 4178 scribatur:
327 4117 370 4173 sia
386 4116 422 4170 in
438 4111 646 4186 philosophia.“
680 4112 790 4171 Nissen.

185 4260 189 4265 .
217 4211 251 4264 Et
269 4216 360 4263 tumen
381 4211 412 4261 ut
436 4203 554 4271 medici]
588 4205 720 4271 „Tamen
737 4207 859 4276 ponitur
877 4207 959 4276 quasi
985 4208 1178 4281 anticipando,
1203 4222 1292 4277 quere

144 4289 243 4352 postea
262 4297 312 4335 suo
329 4279 395 4334 loco
413 4276 565 4346 repetitur.
603 4276 670 4328 Post
686 4275 730 4327 sic
744 4274 922 4344 pbilosophis
940 4296 1064 4355 pergere
1082 4281 1197 4333 valebat
1214 4277 1293 4329 simi·

125 4364 128 4369 ·
148 4352 215 4405 liter
232 4352 367 4413 medetur:
387 4346 660 4420 quopraetermieso
678 4346 727 4399 rel
744 4346 879 4418 neglecto
891 4357 995 4418 postea
1013 4345 1209 4408 arsenoitae
1225 4362 1293 4415 per·

146 4423 193 4498 git
208 4423 385 4489 singularem
395 4433 496 4483 rernm
513 4416 725 4487 semproniae
741 4417 951 4491 ¹ctstteolatitnes.
968 4468 971 4473 .
988 4419 1081 4487 Quare
1098 4426 1126 4474 et
1144 4417 1173 4472 ri
1195 4417 1294 4473 delen·

173 4537 254 4606 cusu
269 4522 334 4605 ruia
348 4518 565 4618 acaunum.
582 4554 608 4603 r.
622 4555 657 4599 tt.
1018 4525 1058 4588 16
