2842 5070
113 304 142 373 g
209 277 275 346 sto
421 268 1174 342 uosnonnuuscummn1soumn.

211 439 372 505 siendum
393 439 641 506 iudicaverunt.
665 438 756 502 Num
777 446 932 522 putamus
952 432 1035 504 haee
1055 441 1133 504 fieri
1153 440 1226 502 sine
1238 451 1371 508 sumana

214 522 410 606 cupiditatis
431 521 554 585 ardore
578 519 745 605 potuisset
812 583 815 589 ,
1194 576 1197 580 ,
1225 550 1229 562 ·

150 612 192 672 20
294 606 403 689 Ipsam
425 604 694 691 aegritudinem*
709 624 808 686 quam
830 620 890 667 nos
911 615 952 669 nt
972 613 1115 667 taetram
1135 613 1169 666 et
1189 606 1372 672 immanem

147 695 194 751 45.
213 689 344 751 beluam
365 686 557 774 fugiendam
578 686 742 764 diximus,
769 704 836 748 non
859 687 930 750 sine
951 708 1071 788 magna
1092 688 1244 752 utilitate
1272 709 1372 752 ana-

211 780 291 834 tura
313 770 430 832 dicunt
451 772 686 844 constitutam
707 778 746 830 ut
766 769 919 831 homines
941 771 1227 856 eastsgationibus‚
1252 786 1370 854 repre-

210 854 441 932 hensionibus,
473 855 664 937 ignominiis
686 853 776 913 affici
796 870 832 913 se
852 853 888 912 in
910 852 1032 915 delicto
1054 853 1214 916 dolerent.
1256 854 1371 938 Impu-

209 938 298 999 nitas
320 938 408 998 enim
422 945 644 1017 peccatorum
664 933 744 996 data
763 933 902 997 videtur
923 936 982 1013 eis,
1016 939 1072 1019 qui
1097 939 1104 953 '
1129 939 1315 999 nominiam
1336 948 1373 1001 et

210 1020 380 1080 infamiam
403 1020 520 1083 ierunt
541 1020 614 1080 sine
635 1015 770 1082 doloret
803 1015 954 1079 morderi
975 1027 1029 1080 est
1055 1039 1108 1083 me
1122 1023 1173 1083 ius
1196 1022 1371 1083 conscien-

208 1102 271 1165 tia.
311 1102 360 1162 Ex
382 1120 446 1184 quo
467 1108 519 1162 est
538 1099 626 1174 illud
647 1101 756 1163 evita
777 1097 914 1161 ductum
936 1100 977 1165 ab
992 1099 1152 1167 Ainesios
1174 1122 1252 1165 nam
1266 1123 1370 1186 quum

209 1182 393 1248 dissolutus
414 1184 514 1261 filius,
942 1219 945 1223 Δ

211 1355 286 1412 Gud
324 1355 360 1408 Iu
377 1354 474 1409 Duisb.
494 1354 605 1429 legitur
622 1368 690 1423 noo
709 1358 849 1421 putamus.
885 1351 966 1404 Idem
988 1351 1101 1408 omittit
1123 1354 1185 1408 sine
1206 1371 1276 1409 eum
1300 1356 1368 1421 Gnd,

209 1431 287 1483 Mon
308 1430 332 1481 1.
369 1424 546 1478 Vocabulum
572 1425 677 1478 ardore
704 1421 812 1477 excidit
830 1424 862 1479 in
879 1422 954 1480 uus.
973 1424 1000 1481 2.
1020 1421 1087 1493 Cep.
1106 1440 1163 1492 seq.
1191 1424 1278 1480 initio
1296 1446 1370 1481 unus

212 1498 264 1554 Ox.
283 1495 370 1549 habet
388 1494 571 1550 inhumanam
587 1511 642 1566 pro
659 1494 822 1549 immunem.
854 1494 915 1547 Mr.
969 1494 972 1499 ’
1063 1525 1073 1543 .
1271 1496 1273 1500 “

282 1568 349 1638 Cap.
369 1568 415 1625 2⁰.
450 1567 626 1634 Fugiandam
644 1565 771 1620 diximus
788 1597 821 1609 -
840 1564 890 1633 qui
907 1562 1104 1632 ignominiam]
1133 1568 1239 1643 Vulgo,
1257 1566 1370 1636 fugien-

210 1640 278 1693 dam
295 1656 354 1692 esse
373 1637 499 1692 diximus
517 1669 550 1681 -
571 1637 622 1708 qui
640 1645 669 1690 et
687 1636 882 1704 ignominium.
919 1635 1025 1689 Contra
1043 1639 1196 1694 blsstomm
1222 1640 1370 1710 ipsiusque

209 1710 336 1793 Victorii
355 1709 451 1833 tidelm.
487 1709 565 1763 Haeo
587 1725 656 1762 oum
678 1710 790 1761 minuta
815 1708 884 1773 sint,
915 1707 996 1777 quasi
1013 1725 1067 1778 per
1093 1718 1219 1795 saturam
1235 1719 1371 1786 onngesta

232 1797 368 1833 osuunus.
435 1818 441 1831 .
1248 1832 1250 1837 ¹

210 1798 231 1850 p
281 1849 450 1919 fugiendum
477 1847 612 1915 diximus]
649 1849 729 1915 Quod
754 1850 850 1904 abesse
872 1848 915 1902 ait
937 1865 952 1901 a
975 1848 1061 1903 codd
1090 1866 1151 1914 esee
1170 1851 1315 1920 Davisius,
1340 1853 1370 1906 id

125 1943 132 1950 2
211 1918 321 1975 non'ab
340 1923 471 1975 omuibus
489 1922 575 1987 abest,
594 1921 644 1974 sed
660 1921 768 1975 babent
787 1938 850 1977 eam
866 1936 969 1973 vocem
988 1920 1118 1991 quinque
1136 1924 1207 1979 Oxx.
1232 1924 1370 1994 (quonum

210 1993 272 2047 duo
286 1993 423 2050 exhibent
441 1992 579 2057 duximus)
599 1993 717 2062 eiusque
735 1992 895 2065 vestigium
913 1999 956 2046 est
979 1991 1011 2044 in
1029 1993 1117 2059 (lud,
1141 1995 1192 2065 qui
1214 1994 1300 2049 babet
1323 1997 1371 2061 fu·

210 2064 348 2132 giendam
365 2071 398 2117 et
418 2062 549 2118 diximus.
571 2063 644 2120 Gud.
665 2067 689 2118 l.
709 2063 796 2117 babet
813 2062 961 2130 fugienda.
999 2063 1165 2123 omiserunt
1187 2080 1256 2128 esse,
1280 2083 1368 2135 prae-

211 2145 259 2189 ter
278 2135 373 2200 Vict,
401 2135 489 2193 etism
512 2134 585 2191 Edd-
610 2133 678 2189 llob.
702 2131 802 2204 Stepln
831 2133 918 2188 Leod.
943 2133 1013 2187 Dav.
1044 2134 1186 2193 unwolf.
1216 2137 1265 2190 Or.
1290 2135 1363 2187 Tbn,

211 2206 312 2280 Pergit
330 2205 398 2265 God-
417 2206 505 2261 Marb.
521 2207 557 2261 'st
574 2204 637 2258 sine
654 2220 766 2272 magau.
793 2207 869 2260 stou
889 2208 917 2259 1.
935 2203 1023 2258 babet
1036 2205 1185 2263 sissimus
1204 2207 1295 2271 -Neb
1313 2223 1366 2259 no-

122 2304 128 2316 *
213 2283 287 2331 tura.
315 2276 399 2329 Vind.
420 2281 444 2332 l.
474 2277 594 2329 dicant
619 2291 638 2327 a
663 2283 775 2334 natura.
797 2275 882 2328 Vind.
902 2277 929 2331 2.
953 2276 1053 2335 dicunt
1071 2292 1091 2332 a
1107 2283 1217 2331 setara.
1242 2276 1320 2330 Gud.
1339 2279 1368 2331 λ
1397 2280 1399 2285 ’

214 2345 391 2409 constituta,
410 2345 467 2397 Dui
482 2347 507 2402 b.
527 2347 705 2412 institutam,
723 2346 772 2400 sed
789 2364 875 2416 supra
892 2347 945 2398 lin.
965 2352 1051 2402 const.
1067 2349 1120 2404 Pro
1137 2345 1281 2413 dominans
1290 2347 1371 2417 quod

214 2419 308 2470 solum
326 2432 429 2468 verum
448 2364 499 2482 ed,
519 2417 551 2471 in
568 2417 669 2471 inultis
686 2418 770 2473 libris
789 2427 832 2472 est
849 2434 915 2479 vox,
940 2435 1013 2486 quae
1036 2419 1198 2489 saepissime
1223 2436 1291 2471 oum
1316 2418 1371 2470 illa

214 2487 414 2553 confunditur,
433 2504 541 2542 amnesi
569 2497 669 2559 estque
688 2490 728 2542 ita
746 2490 777 2541 in
796 2487 882 2543 Codd.
901 2489 943 2541 lle
966 2528 972 2540 .
993 2489 1067 2543 Gnd.
1085 2494 1113 2549 l.
1131 2493 1157 2546 2.
1176 2489 1252 2565 Aug.
1271 2489 1370 2542 Duisb.

214 2557 296 2623 (ome)
320 2558 409 2611 Rebd
435 2561 509 2611 Mon.
530 2563 555 2614 1.
575 2559 662 2612 Marb.
687 2561 773 2613 Vind.
792 2563 819 2617 2.
844 2507 964 2626 (ammiod
981 2560 1054 2615 Edd
1077 2561 1107 2617 P.
1126 2559 1160 2613 Α.
1178 2561 1210 2613 Β.
1233 2560 1263 2616 S.
1282 2561 1317 2615 E.
1339 2560 1369 2614 0.

214 2632 248 2689 V.
268 2634 339 2683 Van.
358 2637 448 2681 nostr.
468 2629 532 2681 Aso.
554 2633 578 2684 1.
598 2633 623 2686 2
643 2632 725 2682 Junt.
754 2639 784 2684 st
807 2631 900 2683 tribus
919 2630 1006 2703 Godd.
1025 2632 1097 2685 Oxx·
1121 2631 1240 2700 Reliqui
1262 2630 1334 2682 libri
1355 2649 1371 2684 a

214 2702 321 2756 nostris
339 2709 416 2753 stant
437 2701 576 2770 partibus.
606 2700 697 2756 Gebh.
716 2700 753 2757 ad
770 2699 800 2753 h.
819 2701 856 2754 l.:
894 2701 1096 2766 „Nonausim
1120 2702 1229 2755 eiicere
1247 2700 1370 2759 bominis

215 2773 320 2843 illique
344 2771 516 2828 substituere
541 2788 643 2837 omnes,
672 2769 748 2841 qnod
774 2779 866 2824 exstat
890 2772 922 2823 in
946 2771 1077 2841 quinque
1094 2772 1164 2825 Pall.
1185 2773 1252 2825 nab.
1276 2774 1368 2829 Vatis.

215 2844 259 2896 ed.
285 2842 419 2906 Victorii,
447 2842 524 2910 quod
546 2842 619 2896 item
641 2858 670 2894 se
701 2850 820 2896 tueatur
847 2850 918 2896 vett.
949 2842 1121 2897 editionibus
1136 2841 1279 2913 'huicque
1306 2845 1369 2896 loeo

216 2911 340 2984 aptius.“
375 2913 456 2965 Unus
481 2913 531 2967 Ox.
558 2912 673 2966 omittit
690 2912 772 2979 offici
795 2929 835 2979 se,
859 2929 966 2984 eorum
989 2914 1145 2969 verborum
1171 2915 1237 2968 looo
1264 2915 1372 2969 babent

216 2987 286 3058 Reg.
312 2984 386 3039 Gud.
408 2988 433 3038 l.
458 2983 596 3055 adficisse,
624 2984 698 3058 Aug.
719 2983 853 3050 officiose,
872 2985 946 3041 Gud.
965 2986 992 3041 2.
1023 2986 1161 3051 offecisse.
1198 2986 1275 3039 Tum
1292 3002 1369 3041 ,unus

217 3057 268 3114 01.
294 3064 323 3109 at
341 3055 430 3109 Rehd.
460 3055 618 3122 impunitos
641 3055 778 3109 etenim.
815 3057 881 3110 Post
908 3055 957 3122 qui
982 3054 1098 3109 additur
1121 3057 1210 3111 etin
1238 3059 1369 3111 omnibns

216 3127 288 3183 Edd.
309 3135 375 3179 ante
392 3125 462 3178 Dav.
483 3127 611 3197 exeeptis
628 3127 703 3180 Vict.
733 3135 762 3180 et
779 3126 846 3180 Rob.
868 3125 968 3196 Steph.
987 3127 1117 3196 itemque
1138 3127 1174 3190 in
1190 3129 1264 3182 Edd.
1284 3128 1367 3182 Venb.

216 3200 289 3259 Eris.
309 3198 383 3257 Lall.
420 3199 482 3256 Nec
506 3205 603 3251 tamen
628 3206 775 3269 comparet
796 3197 829 3250 iu
847 3198 932 3251 Codd.
951 3198 1090 3268 (exceptis
1108 3207 1233 3269 quatuor
1251 3201 1323 3258 Oxx.
1342 3206 1370 3252 ot

217 3273 338 3325 fortasse
361 3268 446 3322 Vind·
460 3267 504 3335 fl.)
521 3269 662 3323 omnibus.
689 3269 778 3323 Rohd.
791 3268 909 3323 omittit
928 3269 1016 3321 etiam
1040 3269 1097 3341 qui.
1134 3270 1226 3324 Verba
1243 3276 1272 3324 et
1297 3270 1370 3338 infn-

218 3342 305 3406 ,αἰανῆ
323 3342 425 3394 desunt
443 3341 475 3392 in
493 3340 560 3394 coda
578 3340 675 3395 Duisb.
700 3342 781 3394 Unus
800 3341 850 3393 Ox.
875 3339 962 3394 habet
984 3343 1121 3406 feruntur.
1158 3343 1193 3395 In
1211 3341 1311 3397 Duisb.
1330 3343 1372 3396 le·

218 3415 300 3488 gitur
317 3409 453 3467 Mordere·
470 3407 599 3466 melius
617 3417 683 3474 est,
709 3412 740 3463 in
758 3414 878 3466 Monet.
905 3411 1035 3467 morderi
1060 3418 1102 3465 ast
1122 3411 1223 3471 melius
1247 3429 1290 3467 ea
1307 3429 1371 3468 ooo-

218 3482 346 3549 ses'entia,
370 3483 402 3534 in
427 3498 485 3535 uno
504 3484 555 3536 Ox.
578 3480 705 3536 mordet-i
729 3481 822 3535 enim
844 3487 885 3536 est
907 3481 1024 3548 melium
1054 3483 1085 3544 iu
1109 3483 1167 3547 alio
1184 3484 1306 3540 Morbi
1329 3489 1371 3539 eat

217 3557 327 3612 melius.
366 3554 426 3610 Mr.
589 3587 592 3594 ·
1074 3568 1087 3576 ¹*

262 3673 265 3679 .
289 3625 364 3680 illud
381 3641 397 3679 e
415 3623 475 3679 otto
493 3624 614 3692 doctum]
651 3625 742 3689 „Non
768 3624 884 3695 reperio
907 3624 1003 3678 ullum
1025 3624 1182 3699 vestigium
1208 3626 1240 3681 in
1265 3626 1373 3681 nostris

220 3696 306 3752 codd.
326 3696 535 3750 emendationis
553 3695 685 3749 Lambini
703 3711 736 3749 es
753 3710 806 3765 quo
825 3702 867 3749 ast
885 3694 961 3749 ittet
977 3694 1069 3750 seito
1085 3697 1105 3750 d
1111 3696 1224 3751 tetum
1238 3699 1275 3752 ab
1287 3697 1373 3764 stro

219 3768 293 3892 agab
316 3767 399 3821 Solus
423 3766 481 3821 Pul.
509 3766 603 3836 quint.
631 3783 697 3818 cum
719 3766 848 3823 Vatioau.
875 3767 989 3822 eniotn.
1014 3766 1083 3821 Feb.
1102 3768 1175 3823 item
1201 3769 1282 3823 delet
1305 3768 1374 3825 αὸ.“

245 3840 301 3892 ab.
1046 3851 1051 3855 “

291 3908 367 3961 Illud
385 3924 400 3961 e
417 3906 478 3959 vita
494 3905 626 3972 ductum]
656 3904 711 3963 „sie
730 3922 826 3961 omnes
843 3903 943 3967 Msstis'
961 3910 1064 3980 quibus
1083 3909 1194 3977 invitis,
1218 3912 1375 3977 Lambinus

219 3979 310 4034 edidit
335 3978 409 4033 illud
435 3976 506 4037 scite
529 3976 640 4031 dictum.
678 3976 710 4031 si
736 3985 815 4031 tants
838 3979 960 4035 licentia
982 3981 1104 4066 grassari
1131 3982 1169 4034 sit
1195 3999 1376 4050 concessum,

218 4050 296 4103 nihil
314 4049 346 4107 in
363 4058 496 4104 veterum
514 4049 597 4104 libris
616 4047 674 4102 erit
691 4050 774 4116 moni,
794 4049 871 4103 nihil
889 4051 1062 4105 intaminati.
1098 4052 1164 4107 D..

289 4121 403 4176 illude
430 4120 492 4175 vito
516 4120 640 4187 ductum]
677 4121 722 4186 ,‚i.
742 4139 767 4175 e.
795 4140 831 4175 ex
853 4142 907 4177 uss
930 4123 1039 4178 vitae.“
1058 4123 1127 4193 Eoos.
1164 4123 1273 4178 Nullus
1299 4125 1378 4180 liber

218 4192 276 4248 MS.
301 4192 418 4246 assentit
436 4193 584 4260 Lambino,
613 4209 707 4262 neque
732 4194 883 4264 quisquam
906 4195 967 4248 eius
995 4195 1226 4260 emendationem
1251 4199 1377 4270 recepit,

215 4273 334 4335 praeter
357 4265 423 4318 Fre.
443 4266 537 4330 Fabii,
563 4265 613 4336 qui
638 4281 692 4318 nec
716 4283 800 4318 suum
824 4265 960 4329 Codioem
987 4268 1227 4323 consentimus·
1249 4272 1380 4338 .‚‚P0&ts

202 4338 276 4410 ‚suit
294 4336 438 4402 Afranius,
456 4337 589 4391 eonditor
607 4342 771 4412 togatarum
788 4337 973 4404 clarissimus,
992 4339 1026 4392 de
1045 4356 1106 4409 qno.
1114 4339 1271 4395 limatius:

341 4473 349 4479 .
382 4408 500 4466 Dicitur
516 4407 639 4481 Astomi
656 4415 727 4476 tego
744 4408 904 4466 convenisse
922 4411 1094 4467 Menandro.
1189 4420 1193 4426 '
