2842 5070
564 301 695 366 menn
714 254 850 383 1V,'s⁷.
1214 297 1277 364 as

123 474 256 543 natura,
276 463 335 528 sed
356 465 454 546 culpa
473 465 589 527 vitiosi
610 484 680 528 esse
701 463 871 539 dicuntur,
895 481 1013 524 eorum
1026 461 1111 523 vitia
1125 468 1279 523 constant

125 567 143 609 e
164 549 256 609 falsis
278 549 494 626 opinionibus
515 567 630 608 rerum
654 548 816 607 bonarum
834 554 869 607 et
887 545 1061 621 malarum,
1082 553 1122 604 ut
1138 544 1184 604 sit
1195 542 1279 603 alius

74 700 77 705 ¹
124 628 167 691 ad
197 631 282 692 alios
314 638 424 690 motus
456 630 794 711 perturbationesque
827 628 1023 711 proclivior.
1074 624 1278 686 Inveteratio

124 719 248 787 autem,
269 719 308 772 ut
327 713 363 771 in
384 712 595 793 corporibuS,
617 713 751 796 aegrius
774 709 965 792 depellitur,
988 728 1086 788 quam
1100 706 1280 788 perturba-

125 796 190 854 tio:
223 795 387 874 citiusque
419 796 614 874 repentinus
647 794 822 855 oculorum
854 800 968 861 tumor
1000 797 1148 866 sanatur,
1182 800 1279 868 quam

126 873 288 935 diuturna
309 874 475 958 lippitudo
497 873 686 957 depellitur.

67 1072 71 1078 ·
125 1058 199 1142 Aug.
216 1057 384 1126 propensior
401 1067 465 1112 est.-
483 1075 540 1111 non
559 1059 649 1111 male:
670 1057 718 1110 sed
737 1058 855 1111 debetur
873 1058 1041 1112 correctori.
1066 1057 1101 1109 ln
1120 1056 1186 1110 Cod.
1205 1055 1280 1111 Gud.

126 1129 238 1201 legitur
255 1129 296 1180 sic
315 1129 413 1182 alius
435 1129 584 1184 unimus.
623 1129 703 1186 Mr..

196 1198 249 1253 Qui
267 1205 357 1251 autem
377 1216 431 1252 non
450 1207 562 1262 natura,
581 1200 632 1251 sed
650 1199 731 1266 culpa
748 1197 841 1253 vitiosi
859 1199 935 1268 esse]
969 1199 1036 1253 Cod.
1056 1202 1132 1253 Mon.
1143 1203 1167 1253 1.
1188 1197 1282 1252 Quid

125 1274 224 1321 autem.
245 1268 317 1342 Aug.
337 1270 435 1322 vitiosi
453 1271 593 1332 dicuntur,
613 1270 718 1338 omisso
734 1286 804 1322 esse.
840 1272 921 1324 Unus
941 1270 991 1332 Ox.
1012 1273 1093 1339 eulpa
1111 1267 1282 1323 uitiorum

127 1355 195 1392 esse.
231 1341 297 1390 Mox
316 1341 453 1392 scribitur
471 1348 504 1394 et
521 1340 606 1406 falsis
625 1335 658 1391 iu'
675 1339 742 1393 Cod.
760 1358 817 1393 uno
837 1343 904 1405 Ox.,
929 1357 963 1392 ea
986 1339 1073 1405 falsis
1099 1341 1131 1393 in
1149 1339 1233 1394 vind.
1254 1343 1280 1393 l.

126 1410 198 1462 Edd.
214 1417 284 1461 vett.
301 1419 366 1462 ante
377 1409 467 1462 Gebh.
489 1428 556 1464 exce
576 1419 605 1462 ta
623 1411 663 1476 P.,
684 1426 701 1462 a
719 1411 805 1474 falsis
823 1411 853 1461 in·
864 1411 930 1464 Cod.
944 1414 1017 1466 ltlon.
1029 1415 1053 1465 l.
1074 1411 1106 1462 in
1125 1409 1282 1480 quostiam

125 1495 219 1532 aerum
236 1480 265 1531 le
288 1481 348 1531 itur
365 1497 419 1550 pro
439 1496 540 1533 rerum.
587 1481 633 1533 edi
652 1489 748 1532 antem
766 1482 902 1542 bonarum
922 1488 954 1534 et
980 1481 1119 1533 malarum
1139 1495 1176 1532 ex
1194 1478 1280 1532 Godd.

125 1552 194 1622 Reg.
214 1497 300 1601 Mari).
323 1550 395 1602 Gud.
408 1553 434 1604 2.
455 1550 540 1603 Vind.
562 1555 586 1604 l·
605 1554 630 1605 2.
649 1551 737 1604 Rehd.
765 1552 838 1605 Gud.
862 1551 957 1606 Dnisb.
977 1553 1052 1603 Mon.
1073 1556 1098 1605 1.
1118 1553 1150 1616 23
1173 1548 1283 1620 reliqui

124 1619 229 1672 habeut
246 1621 380 1673 bonarum
398 1637 439 1673 ae
461 1623 601 1674 malarum
627 1639 691 1673 cum
709 1621 781 1674 Edd.
804 1631 922 1691 excepta
939 1621 1008 1673 Dav.
1035 1640 1106 1691 quae
1133 1620 1282 1672 nobiscum

123 1691 207 1754 {facit
245 1692 325 1744 Unus
350 1691 399 1747 Ox.
420 1688 529 1744 omittit
557 1697 582 1744 el
605 1692 755 1744 malarum.
791 1693 903 1744 Habent
929 1698 956 1743 et
981 1692 1042 1746 sine
1074 1692 1159 1744 dubio
1182 1692 1282 1759 plures

126 1761 205 1826 Oxx,
232 1765 405 1830 quamquam
423 1762 502 1814 nihil
521 1769 667 1814 enotatum
686 1771 737 1815 est.
774 1764 874 1837 Pergit
892 1762 967 1815 Gud.
988 1769 1020 1823 el
1038 1769 1067 1815 ul
1085 1763 1133 1818 sil.
1171 1763 1229 1814 Mr.

196 1838 225 1885 ut
243 1834 279 1886 sit
299 1833 376 1885 alius
395 1834 432 1885 ad
450 1833 523 1887 alios
540 1838 632 1885 motus
648 1832 928 1902 perturbationesque
944 1833 1124 1902 proclivior]
1159 1833 1229 1899 „Ut
1243 1833 1282 1887 sit

126 1904 202 1955 alius
225 1904 264 1955 ad
288 1905 363 1956 alia
387 1903 482 1955 vitia
510 1911 542 1956 et
565 1911 654 1956 motus
673 1936 707 1946 -
726 1913 768 1956 est
792 1905 823 1955 in
842 1923 929 1956 rnanu
947 1905 1086 1974 sbript0.“
1113 1905 1176 1957 tte.
1196 1905 1280 1957 Fabr.

126 1974 207 2025 Hanc
226 1973 330 2025 codicis
354 1975 559 2027 collectionem
587 1976 713 2026 enotavit
732 1973 818 2030 Goth.
839 1975 871 2027 iu
895 1993 986 2048 marg.
1014 1973 1181 2044 [eademque
1206 1974 1282 2026 indi-

126 2044 192 2096 dem
216 2053 259 2096 est
282 2045 312 2095 in
333 2062 423 2118 marg.
448 2045 563 2097 Larnbb.
589 2054 619 2097 et
642 2044 739 2110 Verb]
764 2045 909 2100 immerito
938 2054 1050 2098 notatus
1074 2065 1091 2100 a
1108 2045 1224 2098 Kleinio
1250 2045 1282 2096 in

126 2130 198 2166 nova
216 2115 269 2166 Ed.
288 2114 490 2166 Tullianarnm
507 2116 748 2172 Emendationnm
766 2116 897 2168 Lambini
915 2135 942 2186 p.
962 2119 1014 2171 472
1032 2134 1074 2186 sq.
1094 2115 1160 2168 Cod.
1173 2115 1246 2168 Gud.
1254 2118 1280 2170 2.

125 2185 210 2237 habet
229 2191 259 2238 ut
278 2184 317 2236 sit
334 2185 408 2239 alio
428 2186 466 2237 ad
485 2185 570 2254 alios,
589 2194 652 2238 orto
672 2203 771 2239 errore
790 2204 825 2238 ex
840 2186 1087 2257 compendioalip.
1106 2184 1282 2240 Rehd.alius

127 2255 165 2307 ad
183 2255 258 2308 alia
276 2256 309 2308 ai
316 2256 346 2327 ti
354 2271 371 2307 a
387 2262 457 2323 pert.
482 2256 580 2308 Dnisb.
601 2264 630 2308 ct
649 2258 722 2308 Mon.
745 2261 770 2310 l.
789 2265 824 2308 ut
842 2257 908 2310 Cod.
929 2258 988 2310 Col.
1020 2258 1055 2308 ln
1078 2256 1184 2309 duobus
1209 2258 1280 2325 015.

126 2335 168 2378 est
186 2333 216 2376 ut
233 2327 267 2379 si
284 2326 367 2391 alius,
388 2327 419 2377 in
438 2343 494 2378 uuo
509 2327 768 2396 perturbationis,
788 2327 890 2380 omisso
912 2329 1075 2396 proclivior.
1113 2329 1172 2381 Mr.

196 2413 362 2466 lnaeteratio
382 2421 478 2479 autern,
498 2423 528 2468 ut
546 2414 577 2469 in
595 2416 759 2484 corporibus
781 2414 899 2485 aegrius
924 2416 1084 2484 depellitur,
1114 2431 1197 2486 quam
1213 2432 1280 2484 per·

127 2483 259 2549 turbatio]
295 2485 362 2549 „Ut
379 2485 525 2544 Victorius
546 2485 644 2550 edidit,
672 2486 712 2538 sic
731 2488 829 2555 reperi
848 2487 879 2537 in
898 2487 969 2540 Pall.
988 2488 1075 2556 prim.
1095 2495 1165 2539 tert.
1186 2495 1282 2557 quart.

75 2554 78 2563 “
127 2556 221 2625 quint.
248 2555 375 2606 Vatican.
412 2555 504 2613 Alias:
529 2555 646 2622 aegrius
669 2556 830 2624 depellitur,
855 2557 905 2609 sic
928 2557 968 2608 in
996 2556 1124 2610 animis
1149 2572 1292 2627 quoquev

124 2625 327 2695 perturbatio.“
347 2624 428 2678 Gebb.
466 2627 570 2692 „Haec
588 2626 676 2679 lectio
695 2628 719 2679 si
736 2646 806 2681 vera
831 2636 883 2687 est,
908 2627 1026 2680 videtur
1045 2627 1179 2680 Ciceroni
1199 2629 1282 2682 inve·

125 2705 218 2750 terata
234 2697 414 2766 perturbatio
439 2713 498 2749 non
526 2697 647 2767 amplius
674 2715 733 2750 csse
759 2698 948 2766 perturbatio.
985 2699 1135 2751 Praeterea
1159 2698 1228 2750 alibi
1247 2699 1282 2751 de

127 2767 256 2838 corporis
282 2768 525 2839 aegrotationibus
552 2770 611 2819 non
636 2769 732 2820 utitur
753 2768 977 2839 perturbationis
1003 2769 1148 2823 vocabulo.
1191 2770 1283 2834 Quare

96 2852 100 2856 ·
127 2856 193 2891 cum
211 2839 250 2889 sit
268 2839 299 2889 in
316 2839 387 2892 Edd.
408 2847 478 2891 vett.
498 2839 628 2891 omnibus
648 2838 764 2905 aegrius
783 2838 941 2907 depellitur,
960 2837 1003 2892 sic
1021 2839 1161 2892 inanimis
1179 2856 1283 2910 quoque
1352 2854 1355 2861 ’

126 2907 309 2978 perturbatio,
329 2927 415 2979 quam
433 2909 589 2961 lectionem
608 2908 744 2962 Codicum
762 2912 933 2967 auctoritate
946 2927 1004 2962 non
1018 2911 1102 2980 plane
1116 2912 1284 2964 destitutam

126 2980 262 3041 arbitror,
292 2995 354 3030 eam
377 2996 462 3031 verae
487 2979 608 3031 lectioni
637 2981 823 3049 reperiendae
852 2998 949 3032 ansam
978 2982 1115 3051 praebere
1148 2981 1285 3035 existimo
1349 2979 1356 2984 ’

125 3049 209 3102 huic:
243 3047 411 3101 inveteratio
439 3056 544 3114 autem,
566 3056 596 3102 ut
621 3049 652 3102 in
675 3052 837 3119 corporibus
860 3051 974 3118 aegrius
997 3051 1160 3119 depellitur,
1188 3054 1230 3106 ste
1252 3050 1284 3119 in

127 3119 231 3172 animis
251 3136 355 3188 quaque
371 3119 556 3187 perturbatio.
593 3120 660 3173 Vel:
681 3129 710 3174 ut
728 3125 758 3177 in
776 3124 939 3189 corporibus
956 3122 1055 3190 aegris
1070 3122 1187 3188 aegrius
1205 3119 1283 3179 cet'.“

73 3186 75 3197 '
126 3189 214 3244 Boub.
252 3191 333 3242 Unus
357 3191 407 3243 Ox.
434 3193 609 3255 inveterato,
631 3192 717 3245 Verb.
741 3193 773 3244 in
796 3210 888 3269 marg.
913 3211 949 3246 ex
967 3193 1024 3248 MS.
1052 3195 1149 3246 nescio
1177 3209 1232 3262 quo
1251 3193 1283 3247 ia

126 3261 289 3329 corporibus
308 3261 434 3327 aegris
453 3263 601 3315 tardius
619 3262 778 3329 depellitur,
799 3263 853 3316 duo
873 3263 942 3316 Oxx.
964 3263 1037 3316 Gud.
1057 3267 1084 3318 2.
1103 3264 1175 3316 Edd.
1197 3263 1231 3317 A.
1250 3263 1281 3317 B.

127 3333 155 3387 S.
175 3332 206 3385 C.
225 3334 328 3407 (marg.
349 3331 380 3388 C.
401 3331 525 3398 aegrius)
544 3333 615 3382 Ven.
635 3341 724 3388 nostr.
744 3333 806 3386 Asc.
825 3337 851 3388 2.
871 3335 952 3386 Junt.
972 3332 1096 3400 aegris
1123 3334 1282 3402 depellitur,

126 3412 253 3478 pergunt
272 3403 356 3456 Codd.
376 3404 466 3456 Rehd.
486 3402 548 3471 (qui
567 3419 620 3470 pro
640 3404 758 3472 aegrius
775 3404 862 3457 habet
878 3403 1004 3472 pigrius)
1024 3405 1098 3480 Aug.
1110 3407 1187 3457 idon.
1209 3408 1233 3460 1.
1254 3413 1284 3458 et

126 3494 199 3528 unus
219 3475 268 3527 Ox.
290 3490 357 3526 cum
375 3474 446 3528 Edd.
467 3473 607 3541 (exceptis
625 3474 655 3525 P.
675 3476 707 3525 V.
728 3476 796 3529 Rob.
817 3475 929 3544 Steph.)
957 3484 1022 3527 ante
1050 3475 1141 3528 Gebh·
1166 3474 1220 3528 sic
1247 3477 1284 3529 ia

127 3544 261 3598 animis
280 3562 413 3613 quoque
430 3544 617 3614 perturbatio.
655 3546 789 3597 Ceterum
807 3545 892 3598 habes
910 3546 967 3597 hoc
987 3563 1099 3616 quoque
1125 3547 1190 3600 loco
1208 3545 1284 3606 ἅπαξ

110 3609 287 3682 λεγόμενον,
306 3615 486 3669 inveteratio.
524 3616 569 3668 Ad
586 3634 615 3667 v.
636 3614 788 3685 citiusque
812 3625 911 3670 monet
935 3616 1078 3672 Goerenz.
1105 3615 1151 3681 (ad
1169 3617 1229 3670 cic.
1249 3616 1283 3670 de

128 3687 214 3737 Finn.
233 3703 261 3755 p.
282 3687 326 3739 43.
346 3687 468 3752 stass.)
487 3686 659 3756 particulam
678 3703 727 3757 que
746 3705 804 3740 esse
824 3688 1005 3757 explicantis,
1026 3687 1072 3740 rel
1091 3688 1110 3740 i.
1133 3706 1160 3757 q.
1179 3703 1282 3755 nempe.

128 3758 190 3808 Hoc
209 3773 275 3807 cnm
293 3771 352 3807 non
369 3756 483 3810 videret
501 3759 613 3810 Nissen.
635 3757 655 3809 l.
676 3775 700 3809 c.
714 3776 749 3828 p.
772 3760 823 3813 105
842 3754 882 3828 sq.
912 3774 970 3811 non
993 3757 1063 3812 bene
1085 3758 1156 3811 haec
1183 3758 1285 3812 cohae-

128 3845 193 3879 rere
218 3844 284 3878 cum
311 3825 456 3894 prioribus
480 3827 674 3893 existimabat,
713 3847 801 3896 quare
829 3847 915 3900 supra
938 3828 1002 3904 legi
1032 3830 1148 3882 volebat
1174 3836 1208 3882 et
1233 3829 1284 3883 vel

128 3897 177 3950 eti
181 3915 198 3949 a
205 3916 232 3948 ne
250 3897 281 3949 in
299 3897 462 3964 corporibus.
483 3899 518 3950 ln
536 3899 677 3968 proximis
697 3900 833 3953 diuturna
851 3899 929 3953 deest
949 3901 980 3952 in
996 3901 1102 3954 duobus
1113 3901 1199 3955 codd.
1210 3901 1281 3977 ⁰⁸⁸:

195 3987 283 4042 Quam
302 3976 437 4039 diuturna
455 3985 592 4054 lippitudo
611 3987 779 4057 depellitur]
812 3989 954 4042 Ultimam
971 4006 1071 4042 vocem
1089 4007 1147 4043 non
1165 3992 1283 4044 ornnino
1369 3989 1373 3992 ’

125 4058 253 4128 postulat
271 4058 421 4109 sententia.
442 4057 527 4110 Certe
548 4076 637 4125 quum
655 4060 752 4128 paullo
771 4069 836 4112 ante
855 4060 973 4124 dixerit,
992 4061 1160 4116 inveteratio
1169 4061 1285 4130 aegrius

122 4129 294 4199 depellitur,
315 4143 396 4196 quam
411 4129 584 4197 perturbatio
591 4146 601 4191 ;
618 4129 670 4181 vix
689 4130 826 4194 dubitem,
853 4131 926 4199 quin
950 4131 1044 4184 invito
1064 4132 1213 4198 Cicerone,
1237 4149 1284 4185 re·

126 4198 411 4322 petitiqnembnullo
431 4199 514 4289 modo
532 4199 581 4252 vel
599 4200 703 4254 utilem
720 4200 769 4254 vel
788 4201 960 4275 elegantem,
979 4204 1086 4256 fecerit
1096 4203 1284 4256 librariorum

128 4272 279 4409 smltbiibin
298 4308 434 4396 diaturna
453 4339 589 4409 lippitudo
609 4341 770 4411 depellitur]
806 4341 921 4396 Davisio
940 4343 980 4397 ita
999 4331 1285 4416 obtemperavit‘Bil-
1312 4357 1316 4361 ·

128 4412 301 4479 lerbeckius,
319 4422 353 4466 ut
371 4412 511 4491 ultimum
529 4413 632 4484 capitis
650 4414 780 4480 verbum,
807 4423 843 4468 ut
859 4414 1050 4469 concinnitati
1068 4417 1228 4480 adversum,
1255 4420 1285 4469 et
