2842 5070
145 283 236 352 sto·
341 282 571 351 cronuoms
593 270 1095 351 rosconmsnnruuar.
1163 323 1166 328 -

107 519 110 525 Ι
145 451 389 512 turbationem:
419 471 459 512 ex
482 470 547 533 quo
576 452 611 515 in
640 453 715 513 aliis
737 453 895 530 anxietas,
917 448 1006 512 uude
1026 452 1136 515 anxii:
1166 451 1202 513 in
1224 455 1302 517 aliis

145 533 314 596 iracundia
336 533 589 616 dicitur,1quae
611 534 652 594 ab
675 537 726 596 ira
747 533 875 594 differt:
908 530 1022 614 estque
1053 532 1143 594 aliud
1165 536 1303 599 iracun-

145 615 223 676 dum
245 634 326 692 esse,
352 615 445 677 aliud
466 619 610 680 iratum:
643 624 683 676 ut
703 615 817 678 differt
838 619 987 677 anxietas
1008 615 1048 676 ab
1071 636 1211 698 angore:
1243 641 1302 683 ne·

144 717 209 778 que
242 698 330 760 enim
365 716 478 760 omnes
509 700 613 776 anxii,
645 700 704 779 qui
736 706 906 782 anguntur
933 697 1124 778 aliquando,
1158 719 1220 762 nec
1241 703 1301 783 qui

144 781 247 858 auxii,
271 799 401 862 semper
424 787 609 867 anguntur:
632 781 774 841 utinter
795 781 991 842 ebrietatem
1014 788 1047 840 et
1069 781 1300 847 ebriositatem

68 892 71 897 ·
143 863 302 936 interest:
324 861 479 945 aliudque
500 871 549 925 est
569 869 753 924 amatorem
775 881 856 932 esse,
878 861 968 923 aliud
989 871 1165 951 amantem.
1188 865 1300 948 Atque

133 1031 171 1084 xp.
196 1015 258 1068 415.
295 1011 443 1080 „Antiqui
471 1012 676 1067 anxietudinem
701 1011 856 1076 dixerunt,
868 1029 943 1081 quae
965 1013 1047 1066 nobis
1074 1013 1211 1066 anxietas.
1248 1013 1299 1070 Sic

143 1089 179 1138 Μ.
201 1083 316 1151 Tullius
341 1083 418 1136 libro
436 1082 471 1136 de
487 1082 720 1153 Rep.-secundo:
752 1083 957 1137 Aneietndo
977 1099 1068 1152 prona
1095 1085 1133 1137 ad
1151 1085 1254 1138 luctam
1273 1090 1313 1139 et=

142 1170 270 1212 maerens
293 1169 409 1222 semper,
433 1157 496 1221 ipsa
520 1170 550 1206 :e
568 1153 722 1209 solicitam.
758 1153 913 1209 Pacuvius:
948 1154 1077 1207 Tristitia
1100 1161 1181 1224 atque
1208 1155 1300 1209 animi

142 1227 319 1282 intoleranda
345 1224 557 1278 anxietudine.“
582 1222 717 1276 Beraatd.
755 1223 831 1277 Loco
861 1223 895 1277 de
922 1224 992 1294 Ilep.
1019 1225 1058 1277 ll.
1082 1229 1132 1280 tl:
1157 1243 1235 1279 nunc
1261 1244 1297 1280 ex

142 1298 238 1352 Nonio
257 1304 300 1349 est
319 1295 507 1348 anxitudo:
535 1313 563 1347 v.
590 1295 633 1347 ed.
658 1301 747 1349 nostr.
773 1293 883 1364 pum.
922 1295 1003 1362 Quod
1027 1312 1080 1371 ego
1106 1295 1213 1349 ibidem
1233 1295 1296 1351 dixi

142 1369 213 1423 alibi
232 1384 294 1420 eam
313 1382 414 1419 vocem
432 1380 490 1419 non
509 1365 579 1439 legi,
599 1365 639 1419 ita
657 1381 760 1416 verum
779 1372 833 1431 est,
851 1372 884 1417 ut
902 1366 975 1436 apud
985 1365 1156 1419 Ciceronem
1176 1366 1295 1436 quidem

144 1441 183 1493 sit
200 1439 275 1497 ἅπαξ
294 1432 451 1506 λεγόμενον.
488 1436 581 1488 llabet
599 1443 696 1511 putem
716 1435 834 1488 eandem
853 1437 950 1489 Attius
969 1437 1036 1488 ibid.
1059 1445 1087 1488 et
1105 1437 1244 1489 Pacuvius
1263 1440 1295 1492 in

142 1512 204 1578 ipso
223 1525 256 1562 eo
274 1508 349 1571 loco,
369 1524 456 1576 quem
470 1505 600 1560 laudavit
609 1504 774 1559 Beroaldus.
794 1505 858 1558 via.
877 1506 1018 1561 Scriverii
1028 1506 1212 1560 collectanea
1222 1516 1293 1566 vett.

142 1580 222 1656 'l'rag
243 1618 249 1631 .
268 1597 296 1649 p.
319 1581 378 1633 loo.
400 1585 429 1631 et
447 1595 474 1647 p.
495 1580 537 1632 61.
576 1576 737 1629 Ansietada
759 1578 957 1631 recentiorum
978 1585 1027 1631 est.
1065 1577 1126 1630 Mr.

211 1597 365 1704 Igracnndia
384 1647 524 1714 efficitur]
560 1647 656 1721 Vulgo
676 1648 787 1699 dicitnr.
826 1645 881 1700 Sed
901 1666 966 1701 cum
993 1648 1047 1700 illa
1063 1648 1153 1701 lectio
1178 1667 1293 1703 sensum

141 1737 199 1775 non
217 1728 333 1792 pareret
352 1719 503 1781 idoneum3
522 1734 574 1771 nos
594 1716 789 1771 coniecturam
807 1726 945 1780 nostram,
974 1737 1046 1789 quae
1065 1720 1159 1772 ltlsstis
1183 1722 1294 1774 accedit

142 1810 228 1862 quam
253 1791 399 1861 proxime,
426 1790 601 1860 recepimus.
638 1786 688 1840 Sic
706 1789 785 1841 infra
809 1807 870 1858 cap.
889 1789 966 1844 XIII.
1005 1789 1124 1842 Morbus
1148 1791 1294 1844 efficiatur

141 1870 168 1916 et
193 1861 365 1931 aegrotatio.
394 1860 494 1912 Livius
516 1861 551 1922 V,
565 1861 595 1914 ²5.
634 1856 669 1910 Si
686 1861 748 1927 qni:
767 1876 854 1926 aegro
875 1889 904 1898 -
927 1861 983 1914 cibi
1008 1862 1108 1926 gratia
1133 1861 1295 1930 praesenti:

63 1974 65 1981 ,
141 1940 188 1987 ant
203 1933 337 2002 potionis,
358 1930 538 1998 longinquam
558 1936 582 1981 et
592 1928 927 2001 forsitaninsaaabilem
945 1930 1080 1987 morbum
1099 1931 1216 1985 efficiat.
1254 1933 1290 1986 D.

210 2006 241 2058 in
258 2003 327 2058 aliis
343 2002 494 2056 iracundia
514 1999 663 2064 dicitnr,
684 2016 752 2068 quae
772 2001 821 2067 .-]
857 2038 878 2066 „
888 2002 1017 2056 coniicit
1041 1999 1111 2056 Dav.
1139 2005 1292 2056 iracundia

141 2075 331 2140 efficitur:
369 2072 418 2125 sed
443 2071 544 2135 lectio,
577 2086 663 2140 quam
691 2077 824 2134 temerat,
854 2073 943 2125 talem
971 2075 1158 2140 βραχυλογίαν
1186 2077 1300 2137 refert,

140 2164 213 2215 quae
232 2144 330 2197 'l'ullio
349 2143 537 2196 usitatissima
555 2139 644 2192 fuit.“
662 2140 741 2192 llaec
765 2142 861 2209 Wopk.
900 2143 939 2194 Et
957 2150 1038 2195 recte
1055 2142 1114 2195 ille.
1133 2141 1197 2196 seo
1215 2160 1288 2210 quae

139 2215 224 2268 affert
243 2215 278 2267 ad
294 2213 469 2284 probandam
489 2211 672 2274 sententiam,
691 2212 786 2262 minus
805 2220 871 2266 sunt
888 2213 1053 2283 probabilia.
1080 2213 1200 2267 Meliora
1209 2213 1291 2265 llan-

139 2285 213 2350 dius,
231 2287 314 2337 cuius
333 2283 505 2336 sententiam
523 2280 624 2350 paullo
643 2283 772 2351 superius
790 2284 982 2354 apposuimus.
1021 2283 1199 2354 Improbavit
1216 2286 1291 2336 item

138 2355 250 2406 Davisii
268 2352 441 2406 sententiam
464 2350 647 2406 Bouhierius.
682 2352 822 2415 Ernestus
847 2370 917 2409 vero
942 2354 1055 2419 ‚,Bene,
1080 2354 1130 2418 ait,
1153 2353 1291 2407 Davisius

58 2478 64 2485 ,
139 2425 269 2477 correxit
287 2423 419 2490 efficitur,
440 2422 496 2474 etsi
515 2423 577 2474 sine
596 2421 689 2474 libris.
728 2423 799 2474 Puto
819 2441 913 2480 ossea
952 2424 1124 2478 lassatore.“
1159 2424 1206 2476 Ex
1224 2443 1292 2494 per-

111 2500 115 2507 '
159 2513 235 2549 eram
254 2496 330 2549 lecto
350 2492 520 2562 compendio
537 2511 612 2545 unus
630 2492 681 2548 Ox.
699 2509 754 2563 pro
773 2493 879 2548 dicitnr
896 2444 982 2549 babet
1001 2495 1054 2548 dei.
1074 2494 1109 2546 In
1127 2494 1196 2548 Cod.
1217 2497 1290 2572 Aug.

121 2513 249 2640 ¹legitur
267 2565 384 2635 etalii:
400 2565 437 2615 ir.
456 2579 510 2632 pro
529 2564 619 2616 inat.
639 2563 677 2615 ir.
716 2565 770 2616 Pro
789 2572 880 2634 estque
900 2566 973 2618 Gud.
996 2570 1021 2620 l.
1041 2583 1056 2617 a
1075 2583 1121 2636 pr.
1141 2585 1180 2621 m.
1205 2564 1292 2620 habet

134 2642 189 2702 est,
209 2636 258 2689 sed
272 2652 360 2705 supra
377 2633 430 2685 lin.
450 2632 578 2684 additum
599 2641 640 2686 est
663 2651 691 2710 q·
728 2634 809 2687 Unus
829 2635 878 2689 Ox.
899 2643 941 2688 est
958 2636 1061 2704 qnod:
1075 2653 1116 2707 ¹ex
1134 2637 1290 2705 depravato

134 2706 183 2760 vel
201 2707 324 2760 distorto
344 2705 523 2774 compendio.
549 2705 616 2759 Cod.
637 2705 712 2780 Aug.
734 2703 853 2759 exhibet
872 2707 951 2759 atired
969 2707 1074 2758 iratam
1099 2723 1189 2777 ecee.
1228 2708 1288 2760 Mr.

205 2777 299 2845 Neque
318 2776 390 2827 enim
409 2791 501 2827 omnes
520 2774 623 2840 annii]
663 2775 730 2827 Cod.
754 2775 843 2828 Rehd.
872 2778 900 2831 N
906 2795 945 2830 on
969 2779 1150 2831 enimultlou.
1174 2783 1201 2831 le
1223 2779 1290 2832 He·

136 2854 198 2917 qtte,
218 2848 325 2899 omisso
345 2845 432 2899 enim.
458 2846 583 2899 'Literna
601 2846 631 2897 H
648 2853 676 2898 et
694 2845 725 2897 N
739 2846 916 2900 maiusculae
939 2849 971 2899 iu
994 2847 1096 2900 multis
1117 2849 1207 2902 noda.
1234 2849 1289 2902 sibi

135 2918 268 2970 invicemv
282 2925 350 2970 sunt
368 2914 543 2969 simillimae.
581 2915 647 2973 Post
665 2932 758 2968 omnes
776 2917 893 2971 additur
911 2923 976 2970 sant
996 2919 1027 2969 in
1045 2919 1119 2970 Edd.
1140 2920 1239 2972 Larnb.
1259 2927 1289 2973 et

135 2986 184 3039 rr.
204 2987 287 3043 Fabr.
325 2986 416 3038 Verba
436 2987 484 3055 qai
501 2987 640 3055 arrg‘nntnr
659 2987 817 3055 aliqnando,
837 3007 885 3042 nec
904 2989 951 3058 qai
969 2989 1048 3043 annii
1066 2991 1097 3041 iu
1116 2989 1171 3041 Ed.
1189 2990 1288 3042 Rathii

135 3058 316 3111 exciderunt.
354 3057 534 3110 omittuntur
558 3058 648 3109 simili
674 3057 854 3133 negligentia
886 3060 918 3110 iu
944 3058 1012 3110 Coo.
1034 3059 1119 3112 Vind.
1142 3066 1166 3114 1.
1200 3060 1288 3113 verba

134 3135 276 3198 angantur
294 3128 452 3196 aliqnando,
471 3145 520 3180 nec
538 3131 586 3198 qni
603 3127 694 3192 annii,
712 3144 834 3195 semper:
855 3130 952 3182 eadem
970 3129 1074 3183 desunt
1092 3131 1122 3182 in
1133 3131 1286 3185 CodGud.

133 3200 188 3252 Pro
206 3215 256 3253 nec
274 3206 316 3251 est
334 3214 419 3267 neque
437 3199 468 3249 in
488 3198 665 3254 Ccd.,Rehd.
686 3199 739 3250 Ed.
760 3199 806 3264 P.;
833 3198 939 3276 becqin
960 3199 1047 3253 codo.
1067 3200 1136 3275 Reg.
1164 3210 1193 3255 et
1212 3203 1287 3256 Gud.

133 3274 157 3325 1.
177 3273 203 3327 2.
225 3286 325 3325 errore
343 3271 427 3322 modo
446 3277 554 3322 notato.
590 3270 650 3324 Mr.
1014 3308 1023 3330 ,
1174 3314 1179 3336 q

202 3358 252 3394 nec
277 3339 326 3409 qai
351 3340 450 3405 anxii]
484 3340 559 3404 „lta
577 3338 693 3408 reposui
722 3355 757 3391 ex
777 3340 905 3408 quinque
924 3341 995 3393 Pall.
1024 3343 1153 3395 Vaticau.
1189 3343 1286 3420 Vulgo

132 3426 217 3479 neque
236 3409 349 3463 annii.“
369 3408 449 3467 Gebb.
489 3410 577 3474 Quam
603 3409 676 3460 dicit
702 3408 792 3460 Gebh.
819 3410 976 3465 lectionem
1002 3411 1052 3464 vul
1076 3421 1151 3465 atam
1178 3412 1287 3467 habent

131 3479 202 3533 Edd.
223 3488 289 3534 aute
307 3476 398 3534 Gebh.
419 3497 529 3555 omnes,
549 3480 677 3546 exceptis
697 3479 725 3531 S.
746 3478 780 3530 E.
799 3481 920 3538 HWolf,
958 3481 1041 3535 Solus
1055 3431 1135 3536 ioan.
1157 3489 1287 3552 bneque

131 3566 247 3619 semper,
267 3551 316 3620 qai
333 3551 415 3603 anxii
432 3556 584 3616 anguntur.
604 3548 671 3601 Ood.
689 3548 763 3601 (tua.
784 3553 809 3604 2.
831 3554 879 3621 qni
895 3569 1003 3620 semper
1021 3554 1102 3607 annii
1113 3560 1148 3607 'et
1167 3555 1286 3608 intereat
1329 3580 1333 3583 ·

130 3622 271 3689 aliumque
290 3628 332 3674 eat
351 3627 504 3673 amatorem
523 3636 591 3672 esse.
629 3621 688 3672 Mr.
1098 3650 1101 3657 ·

203 3692 240 3746 Ut
258 3691 333 3744 inter
351 3693 512 3745 ebrietatem
530 3698 555 3742 et
573 3690 762 3742 ebriositatem
788 3689 918 3758 interest]
957 3694 1055 3757 „Pall.
1083 3704 1209 3765 quatuor
1231 3713 1287 3766 po·

129 3763 263 3815 steriores
282 3770 314 3813 ut
336 3771 364 3815 et
382 3761 473 3814 Vatia.
495 3766 624 3813 exterrent
645 3768 670 3812 et
689 3760 908 3814 ebriositatem.“
946 3766 1006 3817 Mr.
1281 3789 1284 3795 ·

198 3836 272 3886 inter
290 3832 448 3884 ebrietatem
467 3838 494 3882 et
514 3823 733 3896 ibriaeitatemJ'
756 3831 903 3884 Omittunt
926 3833 982 3887 duo
1007 3827 1169 3905 posteriora
1196 3840 1285 3892 verba

129 3919 179 3956 sex
203 3901 385 3955 Codd.'0xx.
411 3900 481 3974 Reg.
508 3898 582 3953 Gud.
608 3899 695 3952 Marb.
730 3901 764 3952 Iu
789 3903 873 3955 Vina.
897 3909 918 3955 1.
945 3905 1056 3978 legitur
1082 3907 1159 3960 inter
1178 3909 1285 3963 ebriam

128 3975 242 4025 interest
261 3980 288 4025 et
306 3970 454 4035 ebriosum,
482 3972 514 4022 in
532 3969 622 4023 Rehd.
643 3971 716 4023 inter
735 3973 842 4025 ebrium
866 3980 893 4026 et
912 3976 1087 4043 ebrietatem,
1110 3979 1142 4030 in
1161 3979 1236 4032 ltlon.
1259 3987 1282 4036 l.

129 4049 158 4095 ct
174 4047 248 4118 Aug.
269 4043 342 4094 inter
359 4041 518 4109 ebrietatem
536 4048 562 4093 et
582 4040 699 4101 ebriam.
738 4044 798 4098 Mr.

162 4137 164 4143 v
197 4118 348 4171 amatorem
368 4142 398 4152 -
420 4111 566 4176 amantem]
584 4150 586 4155 ,
603 4111 663 4175 „lu
682 4121 809 4166 amatore
827 4115 999 4183 proclivitas
1019 4125 1062 4170 est
1080 4120 1223 4174 naturalis
1248 4121 1284 4174 ad

126 4183 286 4236 amandum.
323 4181 429 4234 Amans
446 4190 517 4235 vero
537 4190 615 4234 arnat
634 4200 669 4235 ex
688 4188 793 4235 causa.v
818 4186 944 4250 Amator,
973 4196 1006 4240 ut
1025 4189 1123 4256 inquit
1139 4189 1280 4255 Donatus,

124 4254 200 4326 fingi
218 4259 330 4322 potest:
350 4268 446 4305 amans
466 4271 534 4306 vere
553 4254 659 4307 amat.“
683 4254 816 4307 Beroald.
854 4255 927 4320 „Ira
952 4266 996 4309 est
1023 4260 1099 4328 ὀργή,
1130 4261 1281 4313 iracundia

124 4319 283 4392 ὀργιλότηςτ
306 4321 428 4391 μέθυσος
445 4323 582 4388 ebriosus,
602 4324 716 4393 nentium
734 4326 845 4380 ebrius:
870 4324 1049 4397 ἐρωτομανεῖς
1078 4338 1108 4382 et
1126 4332 1280 4400 φιλέρωτες,

124 4399 158 4447 ut
177 4395 293 4464 opinor,
321 4401 469 4448 amatores.
507 4394 547 4448 Ut
574 4394 651 4463 apud
676 4394 821 4464 Plautum,
849 4397 976 4464 Magnas
999 4407 1109 4453 errator
1133 4402 1280 4456 mulierum
