2842 5070
199 300 262 370 334
341 336 344 340 ⁴
406 300 635 367 CICERONIS
655 295 901 386 TUSCULAN.
923 299 1155 367 DISPUTAT.

199 471 328 543 tionem
349 468 482 529 animus
510 467 678 553 ingeniosi
705 465 814 541 cadit3
846 485 913 527 non
934 468 1089 527 enimin
1117 467 1187 535 ulla
1216 467 1357 544 efferata

199 560 234 613 et
255 553 427 614 immania:
450 547 608 634 quaedam
629 557 739 612 autem
761 549 977 624 humanitatis
997 552 1126 632 'quoque
1141 549 1264 610 habeut
1283 555 1357 632 pri-

198 653 287 694 mam
308 636 462 716 speciem,
483 641 522 693 ut
543 631 788 706 misericordia,
809 631 999 718 aegritudo,
1029 643 1146 694 metus.
1189 631 1358 720 Aegrota-

198 720 310 779 tiones
338 725 450 781 autem
483 717 658 796 morbique
689 717 879 775 animorum
913 714 1083 777 difficilius
1121 715 1223 786 evelli
1258 736 1358 798 posse

166 866 169 872 .
198 807 372 881 putantur,
401 819 498 881 quam
518 797 719 860 summania
741 800 835 877 vitia,
857 816 939 880 quae
960 798 1143 858 virtutibus
1169 807 1249 859 sunt
1277 819 1359 859 con·

198 885 315 944 traria.
345 881 476 943 Morbis
499 882 590 945 enim
611 878 831 954 manantibus,
854 881 937 943 vitia
958 881 1087 942 sublata
1109 899 1180 943 esse
1201 890 1357 964 possunt,

270 1084 326 1129 non
344 1069 416 1123 enim
433 1066 524 1121 multa
542 1068 659 1133 efferata
678 1071 704 1118 et
723 1065 875 1136 immania]
911 1067 1017 1134 „Bene
1043 1068 1248 1123 animadvertit
1270 1062 1362 1123 Bentss

200 1138 285 1204 laius,
299 1139 446 1192 'librorum
464 1138 542 1193 MSS.
562 1138 716 1191 lectionem
734 1137 808 1189 ferri
827 1153 885 1190 non
902 1154 991 1206 posse.
1024 1138 1115 1205 Quare
1134 1141 1270 1193 coniecit:
1291 1143 1357 1196 Non

201 1213 275 1264 enim
293 1210 329 1274 in
347 1210 424 1263 nlla
449 1211 563 1275 efferata
587 1215 615 1261 et
634 1207 779 1273 immania,
806 1209 869 1261 vel:
901 1207 1048 1262 nonenim
1073 1213 1108 1265 in
1126 1211 1195 1264 niti
1201 1230 1219 1264 α
1237 1214 1358 1280 efferato

155 1325 156 1329 ,
202 1289 227 1335 et
245 1281 390 1334 immania.
429 1281 512 1333 Mihi·
529 1274 761 1365 quidem-magis
784 1279 922 1352 probatur
945 1281 1089 1350 posterior
1107 1284 1266 1349 correcti05
1298 1282 1358 1339 uisi

201 1352 298 1404 malis:
314 1355 354 1406 -in
373 1351 403 1409 il
411 1353 444 1404 la
462 1353 587 1418 efferata.
625 1349 756 1402 Davisius
769 1360 772 1364 ’
783 1367 836 1402 cur
854 1351 887 1402 in
903 1351 1108 1422 posterioribus
1125 1353 1197 1406 Edd.
1218 1354 1358 1410 maluerit

146 1468 155 1483 „
203 1420 350 1494 recipere:
371 1424 407 1476 in
425 1423 534 1476 ullam
553 1425 730 1489 reseratam,
749 1427 774 1474 et
792 1423 962 1488 inmanem,
983 1439 1042 1477 non
1059 1423 1175 1478 video.“
1194 1423 1282 1480 Βοιώ.

272 1512 334 1567 Non
360 1513 439 1567 enim,
463 1512 494 1565 in
517 1512 609 1567 ullam
637 1512 792 1567 ecferatam
819 1511 1032 1581 etimnanem]
1069 1512 1175 1588 Vulgo,
1207 1529 1263 1569 non
1285 1517 1358 1569 enim

200 1583 290 1641 muita
307 1584 426 1650 efferata
445 1589 470 1636 et
487 1583 631 1637 immania.
669 1581 724 1637 Sed
740 1582 799 1636 loci
815 1599 896 1635 mens
915 1591 944 1636 et
961 1584 1023 1654 ipsa
1040 1585 1219 1639 constructio
1235 1584 1359 1657 διόρθω·

175 1672 178 1676 ·
200 1670 247 1710 σιν
263 1655 461 1708 Bentleianam
477 1655 617 1727 flagitant.
655 1653 693 1705 D.

272 1725 309 1804 ip
342 1726 416 1778 ulla
444 1724 575 1791 efferata]
612 1721 724 1791 „codd
757 1742 824 1777 oum
847 1723 973 1799 vulgatis
1004 1727 1117 1781 multa
1140 1729 1273 1795 efferata3
1309 1729 1380 1784 sed>

201 1813 303 1851 vocem
328 1798 416 1849 multo
442 1814 479 1848 ex
503 1795 536 1848 in
562 1805 591 1849 et
617 1797 674 1850 ulla
700 1795 923 1849 coalescentibus
954 1799 1061 1849 factam
1088 1815 1148 1853 esse
1174 1808 1254 1854 recte
1281 1801 1359 1855 vidit

200 1867 382 1923 Bentleius.“
409 1866 614 1923 tollenonum.
657 1867 746 1934 „Non
773 1867 951 1921 eatm'mutea
974 1869 1093 1936 efferata
1112 1901 1143 1915 -
1162 1871 1258 1926 Multo
1275 1873 1368 1926 vario

201 1947 356 2006 tentatum,
385 1947 445 1993 tam
468 1955 505 1991 ne
532 1939 725 1992 anacoluthon
753 1939 899 2003 existeret,
949 1957 1016 1992 uam
1040 1940 1118 2011 qnod
1134 1940 1179 1995 vis
1197 1942 1281 1997 verbi
1299 1960 1359 1996 non

201 2010 338 2080 placeret.
367 2009 424 2063 Sed
442 2009 516 2063 illud
534 2026 592 2063 non
611 2010 841 2065 nimisinsolens
860 2017 910 2073 est,
969 2028 1004 2063 eo.
1012 2027 1082 2064 vero
1093 2010 1186 2065 etiam
1198 2013 1356 2082 aptissima.

201 2083 277 2135 Nam
294 2081 325 2134 in
342 2081 412 2146 ulta,
438 2081 512 2150 quod
535 2090 585 2135 aut
603 2082 792 2147 coniecerunt
808 2089 858 2132 aut
877 2080 1037 2147 ediderunt,
1061 2098 1118 2139 uon
1135 2080 1216 2135 valdo
1234 2084 1354 2138 arridet.

201 2153 322 2209 Etenim
340 2152 373 2204 si.
396 2153 484 2216 'nulla
501 2152 647 2218 humanis,
668 2153 687 2207 i.
708 2170 732 2205 e.
756 2150 923 2217 inhumana,
951 2153 983 2204 in
1001 2150 1128 2206 animum
1145 2152 1288 2226 ingeniosi
1307 2170 1355 2205 ca-

202 2223 314 2289 derent,
341 2224 412 2293 quid
431 2241 500 2294 opus
517 2232 580 2275 erat
598 2223 764 2296 adiungere,
790 2223 927 2293 quaedam
953 2222 1136 2278 humanitatis
1157 2239 1273 2292 quoqne
1290 2223 1358 2295 pri-

198 2312 279 2351 ·mam
297 2290 429 2365 speciem
440 2293 564 2347 habere?
583 2293 634 2347 Sin
653 2310 708 2349 non
725 2293 822 2360 multa,
841 2293 900 2358 iam
917 2292 1091 2369 gradationis
1105 2309 1186 2351 causa
1204 2293 1359 2364 apparet.“

202 2364 314 2418 Nissen.
352 2366 429 2418 Haeo
447 2372 547 2417 contra
564 2365 720 2426 Ernestum
747 2374 814 2416 sunt
832 2364 982 2434 disputata,
1013 2365 1064 2434 qui
1090 2363 1216 2418 servavit
1239 2365 1360 2434 quidem

203 2436 362 2510 vulgatam,
388 2436 423 2488 ad
439 2453 468 2492 v.
494 2452 549 2489 aon
575 2435 651 2489 enim
670 2436 758 2489 nauita
781 2438 898 2507 effmatn
916 2444 943 2492 et
960 2435 1096 2491 immania
1114 2434 1299 2510 intelligens:
1329 2436 1359 2488 in

204 2523 238 2561 eo
257 2523 315 2560 esse
335 2506 441 2560 solenti
475 2507 524 2559 sed
542 2507 635 2561 addit:
668 2507 738 2574 „sed
752 2524 808 2578 pro
832 2509 918 2561 multa
936 2507 1061 2582 legerim
1081 2508 1113 2561 in
1130 2506 1189 2560 ulla
1206 2525 1245 2559 sc.
1265 2507 1360 2567 cadite

203 2587 332 2643 autnon
354 2581 426 2632 enim
449 2578 528 2632 allo
552 2579 597 2644 eff.
624 2595 662 2634 sc.
685 2578 718 2631 in
741 2596 775 2632 ιο
800 2585 872 2636 sunt.
911 2578 1088 2652 Quamquam
1104 2577 1253 2633 Bentleius
1273 2579 1360 2631 etiam

203 2649 281 2732 legit
302 2651 471 2775 inpium
494 2650 620 2716 efferato
637 2656 665 2704 et
689 2648 858 2707 immania.“
881 2650 948 2704 God.
968 2647 1055 2703 Marb.
1080 2649 1211 2705 inanima
1233 2666 1288 2720 pro
1307 2649 1360 2703 im-

202 2736 308 2775 manta.
382 2737 407 2772 r.
1169 2760 1171 2765 ⁴

274 2793 287 2843 i
293 2809 311 2845 n
335 2794 411 2845 ulla
434 2792 551 2856 efferato
575 2797 602 2844 et
624 2790 778 2858 immuta]
814 2790 940 2857 „Paullo
968 2788 1070 2844 durior
1096 2793 1139 2844 est
1164 2790 1288 2845 Pluralis
1307 2790 1359 2847 ille

242 2864 318 2915 neris
336 2862 467 2914 neutrius
487 2861 540 2927 [ita
557 2862 697 2917 nimirum
716 2862 793 2916 dedit
812 2861 915 2923 FAW.
936 2863 967 2913 in
985 2861 1038 2914 Ed.
1060 2861 1108 2927 1.].
1135 2860 1280 2917 Audacter
1298 2863 1360 2933 qui-

133 2976 137 2980 .
203 2880 280 2998 dim,
299 2933 347 2986 sed
365 2933 523 2998 commode,
541 2934 689 2986 Bentleius
702 2933 826 3007 corrigit
843 2935 875 2988 in
893 2934 981 2986 ullam
993 2933 1178 2998 efferatomet
1196 2932 1358 2988 immanenti

204 3021 390 3075 quamquam,
416 3003 492 3072 quod
517 2999 658 3074 sequitur,
686 3005 832 3074 perardum,
859 3001 1002 3075 pluralem
1029 3003 1188 3056 desiderare
1204 3001 1359 3058 ¹videtur.“

204 3076 296 3142 Wolf.
321 3075 353 3127 in
381 3074 495 3128 scholis.
534 3078 709 3131 Postremam
732 3074 859 3129 Bentleii
882 3073 1112 3130 emendationem
1135 3076 1249 3146 recepit
1274 3074 1358 3131 sehr.

205 3147 333 3209 Nobbius
350 3145 494 3207 librorum
510 3146 666 3201 lectionem
677 3145 828 3217 ‘aequitum
847 3147 894 3199 Or.
914 3145 981 3198 Bill.
1002 3153 1031 3197 et
1045 3142 1117 3198 Tbn.
1158 3146 1262 3199 rimam
1272 3152 1361 3201 ‘reoc-

205 3227 313 3290 perunt
330 3217 455 3271 bentleii
473 3218 678 3285 coniecturam,
699 3235 771 3287 quae
789 3217 920 3288 proxime
938 3216 1049 3269 aceedit
1068 3217 1102 3269 ad
1119 3163 1265 3269 labrorum
1281 3216 1358 3271 MSS.

206 3290 410 3360 scriptionem.¹
442 3288 533 3356 Quam
550 3289 637 3345 facile
660 3305 731 3342 vero
757 3288 788 3340 in
811 3287 897 3342 Codd.
915 3286 995 3341 MSS.
1015 3288 1103 3349 multa
1122 3295 1151 3340 et
1170 3287 1202 3339 in
1220 3288 1278 3341 allo
1296 3305 1360 3358 per·

207 3369 367 3426 mutentur,
396 3377 481 3432 nemo
508 3361 609 3413 nescit.
646 3360 691 3417 lta
709 3359 771 3410 biv.
791 3358 880 3424 36,,6.
900 3361 926 3414 4.
951 3377 979 3411 m
1004 3373 1057 3427 pro
1082 3360 1114 3412 in
1136 3361 1264 3428 positum
1284 3375 1360 3412 com·

197 3440 296 3503 paret·
307 3432 339 3485 in
358 3446 415 3484 uno
427 3430 494 3485 cm
514 3440 548 3483 nt
566 3430 707 3485 scribatur
724 3445 805 3500 quam
823 3429 962 3499 colloquio
980 3445 1033 3499 pro
1053 3445 1106 3498 qno
1124 3428 1161 3482 in
1179 3430 1317 3498 colloquia
1328 3457 1360 3469 -

171 3545 173 3549 .
207 3504 286 3569 (urae
304 3503 385 3567 erat).
406 3501 488 3555 Coni.
509 3501 595 3571 Seiop
618 3539 623 3551 .
644 3501 678 3553 de
696 3499 768 3555 Arte
788 3501 897 3554 Critioa
916 3519 945 3571 p.
965 3502 1008 3556 bb.
1028 3501 1071 3553 51.
1092 3497 1140 3552 Sic
1158 3499 1192 3556 de
1210 3500 1277 3553 Div.
1297 3500 1360 3555 loco

207 3572 338 3643 quodam,
364 3591 455 3642 quem
477 3589 555 3625 nuno
635 3590 751 3640 inanum
777 3587 835 3624 non
852 3571 951 3636 habeo,
978 3570 1195 3623 confundantur
1212 3573 1314 3626 multae
1332 3579 1362 3625 et

207 3647 319 3711 innuas.
347 3643 419 3696 Add.
446 3643 554 3698 Clerici
579 3643 643 3695 Art.
671 3639 744 3696 crit.
765 3643 807 3707 ll.
827 3644 871 3698 51.
908 3642 971 3716 Ego
988 3657 1068 3707 vero,
1095 3659 1161 3697 cum
1180 3641 1362 3715 nonpossint

207 3732 267 3770 non
283 3713 422 3787 insulsam
439 3715 587 3783 appellare
605 3731 671 3767 cum
688 3715 825 3769 Kiihnero
842 3713 1000 3786 vulgatam,
1028 3712 1153 3781 primam
1171 3713 1243 3766 item
1261 3713 1362 3785 recepi

208 3785 442 3854 emendationem
458 3784 593 3849 Bentleii,
621 3785 698 3837 nihil
716 3787 778 3839 fere
797 3801 812 3836 a
829 3784 913 3836 libris
931 3783 1124 3837 recedentem.
1154 3781 1199 3835 Ad
1216 3783 1305 3837 verba
1324 3784 1361 3838 ci.

212 3856 273 3911 Cic.
293 3856 327 3907 de
345 3855 383 3906 N.
403 3856 435 3907 D.
456 3853 478 3906 1.
488 3857 544 3919 x232:
563 3862 660 3923 gentes
676 3853 851 3914 immanitate
870 3856 1011 3922 efferatae.
1037 3853 1119 3908 Solus
1138 3853 1212 3907 Gud
1232 3857 1259 3924 2.
1279 3853 1365 3909 habet

209 3932 246 3983 et
264 3927 397 3992 efferatae
430 3943 503 3977 unus
522 3926 571 3979 Ox.
598 3926 700 3982 inania
722 3943 775 3997 pro
794 3925 937 3979 immania.
961 3926 1029 3978 Cod.
1049 3923 1145 3979 Duisb·
1170 3925 1203 3982 in
1221 3944 1301 3998 seqq.
1321 3925 1365 3979 in·

211 3996 412 4058 versoonline
431 3995 548 4051 exhibet
565 4001 683 4068 speciem
698 3997 829 4068 primam.
866 3997 948 4055 Idem
965 4013 1034 4051 mox
1060 4003 1092 4053 et
1109 4003 1196 4050 metus
1213 4005 1246 4051 et
1265 3995 1365 4069 aegri-

208 4067 289 4131 tudo.
326 4067 551 4121 Misericordiam
569 4089 585 4124 a
604 4070 706 4141 Stoicis
731 4069 762 4121 in
774 4067 859 4121 ‘vitiis
876 4069 946 4140 poni
969 4077 1071 4124 notum
1089 4076 1139 4122 est.
1176 4067 1238 4125 Mr.

280 4155 498 4224 Aegrotationes
516 4166 604 4213 auam
623 4157 762 4227 morbique
779 4157 951 4223 animorum]
989 4157 1056 4213 cet
1076 4160 1151 4213 Mon·
1173 4161 1196 4211 1.
1226 4163 1365 4225 aegroto-

208 4228 299 4283 nones
322 4243 366 4280 aa
387 4230 484 4283 neorii>
499 4247 647 4301 qaoque.
674 4229 746 4282 md.
766 4237 832 4282 ante
851 4229 944 4283 Gebh.
962 4228 1068 4285 habent
1087 4236 1118 4283 et
1136 4230 1234 4292 morti,
1263 4237 1385 4293 contra¹

197 4301 316 4365 ·codd.;
342 4301 434 4353 morbi
457 4318 511 4375 pro
538 4302 680 4369 morbique
706 4309 749 4353 est
772 4301 803 4351 in
827 4317 889 4359 uno,
911 4301 978 4368 οη
1004 4300 1099 4355 morbi
1123 4307 1165 4353 et.
1202 4301 1286 4355 Unus
1314 4299 1363 4354 01.

208 4372 322 4425 omittit
339 4373 512 4440 ondrsorms
538 4374 610 4425 abus
635 4372 721 4424 habet
742 4370 870 4438 difficile
907 4373 969 4426 Mr.
1230 4389 1233 4395 ¹

282 4443 392 4498 Morbis
411 4446 482 4502 enim
497 4443 675 4503 mamithus
689 4441 771 4498 ‘oasa
783 4443 901 4500 attam
918 4458 979 4499 eree
992 4449 1118 4513 possum,
1149 4442 1218 4513 qm
1233 4419 1368 4501 κακὴ»
