<?xml version="1.0" encoding="UTF-8"?>
<!DOCTYPE html PUBLIC "-//W3C//DTD XHTML 1.0 Transitional//EN"
    "http://www.w3.org/TR/xhtml1/DTD/xhtml1-transitional.dtd">
<html xmlns="http://www.w3.org/1999/xhtml" xml:lang="en" lang="en">
 <head>
  <title>
</title>
<meta http-equiv="Content-Type" content="text/html;charset=utf-8" />
  <meta name='ocr-system' content='tesseract 3.04.00' />
  <meta name='ocr-capabilities' content='ocr_page ocr_carea ocr_par ocr_line ocrx_word'/>
</head>
<body>
  <div class='ocr_page' id='page_1' title='image "./mtulliiciceroni00davigoog_0080.png"; bbox 0 0 2842 5070; ppageno 0'>
   <div class='ocr_carea' id='block_1_1' title="bbox 504 266 1238 359">
    <p class='ocr_par' dir='ltr' id='par_1_1' title="bbox 504 266 1238 359">
     <span class='ocr_line' id='line_1_1' title="bbox 504 266 1238 359; baseline -0.001 -19"><span class='ocrx_word' id='word_1_1' title='bbox 504 269 647 341; x_wconf 76' lang='lat' dir='ltr'><strong>mour</strong></span> <span class='ocrx_word' id='word_1_2' title='bbox 669 274 729 356; x_wconf 89' lang='lat'><strong>111,</strong></span> <span class='ocrx_word' id='word_1_3' title='bbox 753 266 802 341; x_wconf 80' lang='lat' dir='ltr'><strong>ro.</strong></span> <span class='ocrx_word' id='word_1_4' title='bbox 922 266 932 323; x_wconf 76' lang='grc' dir='ltr'><em>ἰ</em></span> <span class='ocrx_word' id='word_1_5' title='bbox 1010 344 1015 359; x_wconf 63' lang='grc'><em>,</em></span> <span class='ocrx_word' id='word_1_6' title='bbox 1199 275 1238 340; x_wconf 82' lang='lat' dir='ltr'><strong>u</strong></span> 
     </span>
    </p>
   </div>
   <div class='ocr_carea' id='block_1_2' title="bbox 27 437 1303 4451">
    <p class='ocr_par' dir='ltr' id='par_1_2' title="bbox 27 437 1303 4451">
     <span class='ocr_line' id='line_1_2' title="bbox 86 437 1238 526; baseline -0.003 -22"><span class='ocrx_word' id='word_1_7' title='bbox 86 444 257 526; x_wconf 86' lang='lat' dir='ltr'><strong>praeclare</strong></span> <span class='ocrx_word' id='word_1_8' title='bbox 292 446 412 522; x_wconf 85' lang='lat' dir='ltr'><strong>nostri,</strong></span> <span class='ocrx_word' id='word_1_9' title='bbox 445 453 483 505; x_wconf 88' lang='lat' dir='ltr'><strong>nt</strong></span> <span class='ocrx_word' id='word_1_10' title='bbox 511 444 578 504; x_wconf 90' lang='lat' dir='ltr'><strong>alia</strong></span> <span class='ocrx_word' id='word_1_11' title='bbox 605 442 720 518; x_wconf 88' lang='lat' dir='ltr'><strong>multa,</strong></span> <span class='ocrx_word' id='word_1_12' title='bbox 743 438 940 516; x_wconf 80' lang='lat' dir='ltr'><strong>molestiam,</strong></span> <span class='ocrx_word' id='word_1_13' title='bbox 965 437 1238 516; x_wconf 79' lang='lat' dir='ltr'><strong>sollicitudinem,</strong></span> 
     </span>
     <span class='ocr_line' id='line_1_3' title="bbox 86 523 1239 625; baseline -0.004 -37"><span class='ocrx_word' id='word_1_14' title='bbox 86 547 256 625; x_wconf 73' lang='lat' dir='ltr'><strong>augerem,</strong></span> <span class='ocrx_word' id='word_1_15' title='bbox 294 535 435 609; x_wconf 84' lang='lat' dir='ltr'><strong>propter</strong></span> <span class='ocrx_word' id='word_1_16' title='bbox 468 523 718 594; x_wconf 83' lang='lat' dir='ltr'><strong>similitudinem</strong></span> <span class='ocrx_word' id='word_1_17' title='bbox 753 536 933 603; x_wconf 88' lang='lat' dir='ltr'><strong>corporum</strong></span> <span class='ocrx_word' id='word_1_18' title='bbox 964 530 1156 605; x_wconf 67' lang='lat' dir='ltr'><strong>aegrorum,</strong></span> <span class='ocrx_word' id='word_1_19' title='bbox 1184 541 1239 584; x_wconf 89' lang='lat' dir='ltr'><strong>ae·</strong></span> 
     </span>
     <span class='ocr_line' id='line_1_4' title="bbox 86 601 1301 693; baseline -0.007 -25"><span class='ocrx_word' id='word_1_20' title='bbox 86 608 292 693; x_wconf 80' lang='lat' dir='ltr'><strong>grrtudinem</strong></span> <span class='ocrx_word' id='word_1_21' title='bbox 311 610 585 670; x_wconf 87' lang='lat' dir='ltr'><strong>nominaverunt.</strong></span> <span class='ocrx_word' id='word_1_22' title='bbox 630 606 707 667; x_wconf 81' lang='lat' dir='ltr'><strong>Hoc</strong></span> <span class='ocrx_word' id='word_1_23' title='bbox 734 601 976 685; x_wconf 79' lang='lat' dir='ltr'><strong>propemodum</strong></span> <span class='ocrx_word' id='word_1_24' title='bbox 997 603 1101 665; x_wconf 84' lang='lat' dir='ltr'><strong>verbo</strong></span> <span class='ocrx_word' id='word_1_25' title='bbox 1115 602 1241 666; x_wconf 79' lang='lat' dir='ltr'><strong>&#39;Graeci</strong></span> <span class='ocrx_word' id='word_1_26' title='bbox 1259 608 1301 664; x_wconf 72' lang='lat'><strong>2³.</strong></span> 
     </span>
     <span class='ocr_line' id='line_1_5' title="bbox 86 677 1240 772; baseline -0.003 -21"><span class='ocrx_word' id='word_1_27' title='bbox 86 709 218 754; x_wconf 90' lang='lat' dir='ltr'><strong>omnem</strong></span> <span class='ocrx_word' id='word_1_28' title='bbox 239 693 341 751; x_wconf 86' lang='lat' dir='ltr'><strong>animi</strong></span> <span class='ocrx_word' id='word_1_29' title='bbox 356 691 641 772; x_wconf 74' lang='lat' dir='ltr'>perturbationem</span> <span class='ocrx_word' id='word_1_30' title='bbox 659 688 843 769; x_wconf 67' lang='lat' dir='ltr'><strong>appellante</strong></span> <span class='ocrx_word' id='word_1_31' title='bbox 867 694 989 747; x_wconf 88' lang='lat' dir='ltr'><strong>vocant</strong></span> <span class='ocrx_word' id='word_1_32' title='bbox 1008 685 1097 761; x_wconf 90' lang='lat' dir='ltr'><strong>enim</strong></span> <span class='ocrx_word' id='word_1_33' title='bbox 1113 677 1240 765; x_wconf 71' lang='grc' dir='ltr'><em>πάθος,</em></span> 
     </span>
     <span class='ocr_line' id='line_1_6' title="bbox 27 765 1240 855; baseline 0 -27"><span class='ocrx_word' id='word_1_34' title='bbox 27 822 30 828; x_wconf 91' lang='grc'><strong>.</strong></span> <span class='ocrx_word' id='word_1_35' title='bbox 86 770 121 832; x_wconf 89' lang='lat' dir='ltr'><strong>id</strong></span> <span class='ocrx_word' id='word_1_36' title='bbox 144 780 204 850; x_wconf 87' lang='lat' dir='ltr'><strong>est,</strong></span> <span class='ocrx_word' id='word_1_37' title='bbox 237 773 401 850; x_wconf 79' lang='lat' dir='ltr'><strong>morbum,</strong></span> <span class='ocrx_word' id='word_1_38' title='bbox 418 766 620 855; x_wconf 83' lang='lat' dir='ltr'><strong>¹quicunque</strong></span> <span class='ocrx_word' id='word_1_39' title='bbox 640 778 700 832; x_wconf 51' lang='lat' dir='ltr'><strong>&#39;est</strong></span> <span class='ocrx_word' id='word_1_40' title='bbox 721 777 831 830; x_wconf 85' lang='lat' dir='ltr'><strong>motus</strong></span> <span class='ocrx_word' id='word_1_41' title='bbox 862 768 899 828; x_wconf 90' lang='lat' dir='ltr'><strong>in</strong></span> <span class='ocrx_word' id='word_1_42' title='bbox 927 769 1038 833; x_wconf 90' lang='lat' dir='ltr'><strong>animo</strong></span> <span class='ocrx_word' id='word_1_43' title='bbox 1067 765 1240 828; x_wconf 71' lang='lat' dir='ltr'><strong>turbidum</strong></span> 
     </span>
     <span class='ocr_line' id='line_1_7' title="bbox 86 850 1242 940; baseline -0.003 -27"><span class='ocrx_word' id='word_1_44' title='bbox 86 872 147 914; x_wconf 86' lang='lat' dir='ltr'><strong>nos</strong></span> <span class='ocrx_word' id='word_1_45' title='bbox 170 855 298 917; x_wconf 88' lang='lat' dir='ltr'><strong>melius.</strong></span> <span class='ocrx_word' id='word_1_46' title='bbox 330 855 451 940; x_wconf 79' lang='lat' dir='ltr'><strong>Aegris</strong></span> <span class='ocrx_word' id='word_1_47' title='bbox 472 856 561 916; x_wconf 86' lang='lat' dir='ltr'><strong>euim</strong></span> <span class='ocrx_word' id='word_1_48' title='bbox 575 851 783 934; x_wconf 75' lang='lat' dir='ltr'><strong>&#39;corporibus</strong></span> <span class='ocrx_word' id='word_1_49' title='bbox 797 851 970 912; x_wconf 85' lang='lat' dir='ltr'><strong>simillima</strong></span> <span class='ocrx_word' id='word_1_50' title='bbox 991 850 1096 910; x_wconf 89' lang='lat' dir='ltr'><strong>animi</strong></span> <span class='ocrx_word' id='word_1_51' title='bbox 1117 858 1168 910; x_wconf 87' lang='lat' dir='ltr'><strong>est</strong></span> <span class='ocrx_word' id='word_1_52' title='bbox 1188 867 1242 910; x_wconf 84' lang='lat' dir='ltr'><strong>aa·</strong></span> 
     </span>
     <span class='ocr_line' id='line_1_8' title="bbox 157 1001 1240 1073; baseline -0.006 -15"><span class='ocrx_word' id='word_1_53' title='bbox 157 1004 207 1058; x_wconf 84' lang='lat' dir='ltr'><strong>Sic</strong></span> <span class='ocrx_word' id='word_1_54' title='bbox 225 1003 255 1058; x_wconf 83' lang='lat' dir='ltr'><strong>ia</strong></span> <span class='ocrx_word' id='word_1_55' title='bbox 272 1004 364 1060; x_wconf 84' lang='lat' dir='ltr'><strong>animo</strong></span> <span class='ocrx_word' id='word_1_56' title='bbox 383 1005 443 1059; x_wconf 82' lang='lat' dir='ltr'><strong>ista</strong></span> <span class='ocrx_word' id='word_1_57' title='bbox 460 1005 645 1073; x_wconf 73' lang='lat' dir='ltr'><strong>mediocritas</strong></span> <span class='ocrx_word' id='word_1_58' title='bbox 663 1010 741 1058; x_wconf 83' lang='lat' dir='ltr'><strong>caret</strong></span> <span class='ocrx_word' id='word_1_59' title='bbox 759 1002 897 1070; x_wconf 75' lang='lat' dir='ltr'><strong>sandeta]</strong></span> <span class='ocrx_word' id='word_1_60' title='bbox 934 1005 978 1056; x_wconf 85' lang='lat' dir='ltr'><strong>lta</strong></span> <span class='ocrx_word' id='word_1_61' title='bbox 1004 1020 1068 1055; x_wconf 88' lang='lat' dir='ltr'><strong>mar</strong></span> <span class='ocrx_word' id='word_1_62' title='bbox 1088 1041 1094 1053; x_wconf 94' lang='lat'><strong>.</strong></span> <span class='ocrx_word' id='word_1_63' title='bbox 1125 1001 1240 1054; x_wconf 84' lang='lat' dir='ltr'><strong>Lambb.</strong></span> 
     </span>
     <span class='ocr_line' id='line_1_9' title="bbox 86 1071 1240 1146; baseline 0 -21"><span class='ocrx_word' id='word_1_64' title='bbox 86 1082 115 1125; x_wconf 89' lang='lat' dir='ltr'><strong>et</strong></span> <span class='ocrx_word' id='word_1_65' title='bbox 143 1075 229 1128; x_wconf 86' lang='lat' dir='ltr'><strong>Goth.</strong></span> <span class='ocrx_word' id='word_1_66' title='bbox 253 1076 363 1146; x_wconf 86' lang='lat' dir='ltr'><strong>aliquot</strong></span> <span class='ocrx_word' id='word_1_67' title='bbox 388 1079 468 1145; x_wconf 57' lang='lat' dir='ltr'><strong>Orien,</strong></span> <span class='ocrx_word' id='word_1_68' title='bbox 496 1086 529 1130; x_wconf 88' lang='lat' dir='ltr'><strong>ut</strong></span> <span class='ocrx_word' id='word_1_69' title='bbox 552 1077 679 1142; x_wconf 87' lang='lat' dir='ltr'><strong>videtur,</strong></span> <span class='ocrx_word' id='word_1_70' title='bbox 713 1075 782 1127; x_wconf 87' lang='lat' dir='ltr'><strong>Pall.</strong></span> <span class='ocrx_word' id='word_1_71' title='bbox 808 1083 901 1144; x_wconf 81' lang='lat' dir='ltr'><strong>quart.</strong></span> <span class='ocrx_word' id='word_1_72' title='bbox 931 1071 1025 1144; x_wconf 77' lang='lat' dir='ltr'><strong>quint.</strong></span> <span class='ocrx_word' id='word_1_73' title='bbox 1078 1073 1135 1124; x_wconf 87' lang='lat' dir='ltr'><strong>abr.</strong></span> <span class='ocrx_word' id='word_1_74' title='bbox 1164 1071 1240 1125; x_wconf 86' lang='lat' dir='ltr'><strong>Pith.</strong></span> 
     </span>
     <span class='ocr_line' id='line_1_10' title="bbox 84 1142 1242 1222; baseline -0.001 -26"><span class='ocrx_word' id='word_1_75' title='bbox 84 1145 170 1216; x_wconf 77' lang='lat' dir='ltr'><strong>Marb.</strong></span> <span class='ocrx_word' id='word_1_76' title='bbox 190 1147 260 1219; x_wconf 79' lang='lat' dir='ltr'><strong>Reg.</strong></span> <span class='ocrx_word' id='word_1_77' title='bbox 281 1147 356 1200; x_wconf 85' lang='lat' dir='ltr'><strong>Gud.</strong></span> <span class='ocrx_word' id='word_1_78' title='bbox 378 1152 401 1203; x_wconf 92' lang='lat'><strong>1.</strong></span> <span class='ocrx_word' id='word_1_79' title='bbox 428 1147 525 1202; x_wconf 85' lang='lat' dir='ltr'><strong>Duisb.</strong></span> <span class='ocrx_word' id='word_1_80' title='bbox 554 1148 628 1222; x_wconf 83' lang='lat' dir='ltr'><strong>Aug.</strong></span> <span class='ocrx_word' id='word_1_81' title='bbox 648 1150 723 1200; x_wconf 86' lang='lat' dir='ltr'><strong>Mon.</strong></span> <span class='ocrx_word' id='word_1_82' title='bbox 745 1150 770 1201; x_wconf 73' lang='lat'><strong>1.</strong></span> <span class='ocrx_word' id='word_1_83' title='bbox 791 1148 816 1200; x_wconf 76' lang='lat'><strong>2.</strong></span> <span class='ocrx_word' id='word_1_84' title='bbox 836 1145 907 1197; x_wconf 81' lang='lat' dir='ltr'><strong>Edd.</strong></span> <span class='ocrx_word' id='word_1_85' title='bbox 931 1144 998 1197; x_wconf 89' lang='lat' dir='ltr'><strong>inde</strong></span> <span class='ocrx_word' id='word_1_86' title='bbox 1022 1142 1147 1197; x_wconf 88' lang='lat' dir='ltr'><strong>aGebh.</strong></span> <span class='ocrx_word' id='word_1_87' title='bbox 1186 1142 1242 1196; x_wconf 88' lang='lat' dir='ltr'><strong>Sed</strong></span> 
     </span>
     <span class='ocr_line' id='line_1_11' title="bbox 83 1213 1241 1292; baseline 0.001 -27"><span class='ocrx_word' id='word_1_88' title='bbox 83 1224 149 1268; x_wconf 86' lang='lat' dir='ltr'><strong>ante</strong></span> <span class='ocrx_word' id='word_1_89' title='bbox 169 1217 271 1269; x_wconf 70' lang='lat' dir='ltr'><strong>Gebh.</strong></span> <span class='ocrx_word' id='word_1_90' title='bbox 289 1219 379 1292; x_wconf 78' lang='lat' dir='ltr'><strong>vulgo</strong></span> <span class='ocrx_word' id='word_1_91' title='bbox 405 1219 542 1272; x_wconf 81' lang='lat' dir='ltr'><strong>edebatur</strong></span> <span class='ocrx_word' id='word_1_92' title='bbox 565 1219 609 1271; x_wconf 82' lang='lat' dir='ltr'><strong>sic</strong></span> <span class='ocrx_word' id='word_1_93' title='bbox 632 1218 659 1270; x_wconf 84' lang='lat' dir='ltr'><strong>si</strong></span> <span class='ocrx_word' id='word_1_94' title='bbox 683 1218 713 1271; x_wconf 85' lang='lat' dir='ltr'><strong>in</strong></span> <span class='ocrx_word' id='word_1_95' title='bbox 736 1216 830 1270; x_wconf 82' lang='lat' dir='ltr'><strong>anima</strong></span> <span class='ocrx_word' id='word_1_96' title='bbox 855 1223 896 1268; x_wconf 85' lang='lat' dir='ltr'><strong>est</strong></span> <span class='ocrx_word' id='word_1_97' title='bbox 919 1214 975 1268; x_wconf 87' lang='lat' dir='ltr'><strong>ista</strong></span> <span class='ocrx_word' id='word_1_98' title='bbox 1004 1224 1058 1267; x_wconf 88' lang='lat' dir='ltr'><strong>etc.</strong></span> <span class='ocrx_word' id='word_1_99' title='bbox 1096 1213 1241 1266; x_wconf 87' lang='lat' dir='ltr'><strong>Victorius</strong></span> 
     </span>
     <span class='ocr_line' id='line_1_12' title="bbox 83 1284 1239 1357; baseline 0 -20"><span class='ocrx_word' id='word_1_100' title='bbox 83 1294 181 1339; x_wconf 86' lang='lat' dir='ltr'><strong>autem</strong></span> <span class='ocrx_word' id='word_1_101' title='bbox 199 1288 288 1340; x_wconf 86' lang='lat' dir='ltr'><strong>edidit</strong></span> <span class='ocrx_word' id='word_1_102' title='bbox 306 1291 349 1342; x_wconf 86' lang='lat' dir='ltr'><strong>aie</strong></span> <span class='ocrx_word' id='word_1_103' title='bbox 367 1288 398 1342; x_wconf 87' lang='lat' dir='ltr'><strong>ia</strong></span> <span class='ocrx_word' id='word_1_104' title='bbox 416 1289 508 1349; x_wconf 84' lang='lat' dir='ltr'><strong>animo</strong></span> <span class='ocrx_word' id='word_1_105' title='bbox 528 1287 556 1342; x_wconf 84' lang='lat' dir='ltr'><strong>si</strong></span> <span class='ocrx_word' id='word_1_106' title='bbox 574 1295 617 1342; x_wconf 87' lang='lat' dir='ltr'><strong>est</strong></span> <span class='ocrx_word' id='word_1_107' title='bbox 635 1289 704 1355; x_wconf 83' lang='lat' dir='ltr'><strong>iata,</strong></span> <span class='ocrx_word' id='word_1_108' title='bbox 723 1288 851 1357; x_wconf 88' lang='lat' dir='ltr'><strong>itemque</strong></span> <span class='ocrx_word' id='word_1_109' title='bbox 869 1287 938 1342; x_wconf 86' lang='lat' dir='ltr'><strong>Rob.</strong></span> <span class='ocrx_word' id='word_1_110' title='bbox 952 1285 1051 1356; x_wconf 88' lang='lat' dir='ltr'><strong>Steph.</strong></span> <span class='ocrx_word' id='word_1_111' title='bbox 1071 1284 1144 1337; x_wconf 87' lang='lat' dir='ltr'><strong>Lall.</strong></span> <span class='ocrx_word' id='word_1_112' title='bbox 1165 1284 1239 1338; x_wconf 85' lang='lat' dir='ltr'><strong>Olir.</strong></span> 
     </span>
     <span class='ocr_line' id='line_1_13' title="bbox 84 1355 1241 1413; baseline -0.001 -4"><span class='ocrx_word' id='word_1_113' title='bbox 84 1365 113 1409; x_wconf 91' lang='lat' dir='ltr'><strong>et</strong></span> <span class='ocrx_word' id='word_1_114' title='bbox 131 1357 172 1409; x_wconf 89' lang='lat' dir='ltr'><strong>sic</strong></span> <span class='ocrx_word' id='word_1_115' title='bbox 191 1358 257 1410; x_wconf 80' lang='lat' dir='ltr'><strong>Ood.</strong></span> <span class='ocrx_word' id='word_1_116' title='bbox 277 1357 367 1412; x_wconf 83' lang='lat' dir='ltr'><strong>Rehd.</strong></span> <span class='ocrx_word' id='word_1_117' title='bbox 405 1363 487 1413; x_wconf 91' lang='lat' dir='ltr'><strong>Unus</strong></span> <span class='ocrx_word' id='word_1_118' title='bbox 506 1360 556 1413; x_wconf 86' lang='lat' dir='ltr'><strong>Ox.</strong></span> <span class='ocrx_word' id='word_1_119' title='bbox 585 1359 629 1413; x_wconf 81' lang='lat' dir='ltr'><strong>sic</strong></span> <span class='ocrx_word' id='word_1_120' title='bbox 647 1359 678 1412; x_wconf 87' lang='lat' dir='ltr'><strong>in</strong></span> <span class='ocrx_word' id='word_1_121' title='bbox 697 1359 790 1412; x_wconf 83' lang='lat' dir='ltr'><strong>animo</strong></span> <span class='ocrx_word' id='word_1_122' title='bbox 814 1364 864 1410; x_wconf 81' lang='lat' dir='ltr'><strong>eat</strong></span> <span class='ocrx_word' id='word_1_123' title='bbox 888 1356 952 1410; x_wconf 86' lang='lat' dir='ltr'><strong>ista.</strong></span> <span class='ocrx_word' id='word_1_124' title='bbox 981 1356 1054 1410; x_wconf 89' lang='lat' dir='ltr'><strong>Gud.</strong></span> <span class='ocrx_word' id='word_1_125' title='bbox 1074 1358 1100 1410; x_wconf 69' lang='grc'><strong>1.</strong></span> <span class='ocrx_word' id='word_1_126' title='bbox 1130 1355 1241 1408; x_wconf 89' lang='lat' dir='ltr'><strong>omittit</strong></span> 
     </span>
     <span class='ocr_line' id='line_1_14' title="bbox 83 1426 1241 1489; baseline -0.001 -11"><span class='ocrx_word' id='word_1_127' title='bbox 83 1426 171 1479; x_wconf 73' lang='lat' dir='ltr'><strong>rerba</strong></span> <span class='ocrx_word' id='word_1_128' title='bbox 189 1437 266 1482; x_wconf 85' lang='lat' dir='ltr'><strong>caret</strong></span> <span class='ocrx_word' id='word_1_129' title='bbox 284 1430 419 1483; x_wconf 76' lang='lat' dir='ltr'><strong>sanitate:</strong></span> <span class='ocrx_word' id='word_1_130' title='bbox 438 1429 470 1485; x_wconf 85' lang='lat' dir='ltr'><strong>in</strong></span> <span class='ocrx_word' id='word_1_131' title='bbox 489 1430 562 1484; x_wconf 80' lang='lat' dir='ltr'><strong>Gud.</strong></span> <span class='ocrx_word' id='word_1_132' title='bbox 583 1447 653 1484; x_wconf 86' lang='lat' dir='ltr'><strong>vero</strong></span> <span class='ocrx_word' id='word_1_133' title='bbox 672 1429 813 1489; x_wconf 78' lang='lat' dir='ltr'><strong>scritum</strong></span> <span class='ocrx_word' id='word_1_134' title='bbox 832 1437 874 1479; x_wconf 89' lang='lat' dir='ltr'><strong>est</strong></span> <span class='ocrx_word' id='word_1_135' title='bbox 892 1428 1012 1482; x_wconf 82' lang='lat' dir='ltr'><strong>sanitate</strong></span> <span class='ocrx_word' id='word_1_136' title='bbox 1032 1433 1117 1480; x_wconf 83' lang='lat' dir='ltr'><strong>caret.</strong></span> <span class='ocrx_word' id='word_1_137' title='bbox 1155 1427 1241 1478; x_wconf 75' lang='lat' dir='ltr'><strong>liero-</strong></span> 
     </span>
     <span class='ocr_line' id='line_1_15' title="bbox 84 1448 1240 1574; baseline -0.001 -25"><span class='ocrx_word' id='word_1_138' title='bbox 84 1497 163 1550; x_wconf 86' lang='lat' dir='ltr'><strong>aldus</strong></span> <span class='ocrx_word' id='word_1_139' title='bbox 184 1500 218 1552; x_wconf 86' lang='lat' dir='ltr'><strong>ad</strong></span> <span class='ocrx_word' id='word_1_140' title='bbox 234 1500 264 1552; x_wconf 87' lang='lat' dir='ltr'><strong>h.</strong></span> <span class='ocrx_word' id='word_1_141' title='bbox 283 1496 305 1552; x_wconf 90' lang='lat' dir='ltr'><strong>·l.</strong></span> <span class='ocrx_word' id='word_1_142' title='bbox 319 1500 443 1568; x_wconf 63' lang='lat' dir='ltr'><strong>Seneca,</strong></span> <span class='ocrx_word' id='word_1_143' title='bbox 462 1501 512 1566; x_wconf 89' lang='lat' dir='ltr'><strong>ait,</strong></span> <span class='ocrx_word' id='word_1_144' title='bbox 533 1501 583 1570; x_wconf 90' lang='lat' dir='ltr'><strong>qui</strong></span> <span class='ocrx_word' id='word_1_145' title='bbox 603 1509 631 1554; x_wconf 89' lang='lat' dir='ltr'><strong>et</strong></span> <span class='ocrx_word' id='word_1_146' title='bbox 650 1502 710 1571; x_wconf 85' lang='lat' dir='ltr'><strong>ipse</strong></span> <span class='ocrx_word' id='word_1_147' title='bbox 728 1448 868 1574; x_wconf 79' lang='lat' dir='ltr'><strong>dogmatis</strong></span> <span class='ocrx_word' id='word_1_148' title='bbox 887 1496 978 1551; x_wconf 88' lang='lat' dir='ltr'><strong>Stoici</strong></span> <span class='ocrx_word' id='word_1_149' title='bbox 997 1498 1119 1550; x_wconf 84' lang='lat' dir='ltr'><strong>assertor</strong></span> <span class='ocrx_word' id='word_1_150' title='bbox 1138 1506 1189 1562; x_wconf 88' lang='lat' dir='ltr'><strong>est,</strong></span> <span class='ocrx_word' id='word_1_151' title='bbox 1209 1498 1240 1549; x_wconf 89' lang='lat' dir='ltr'><strong>in</strong></span> 
     </span>
     <span class='ocr_line' id='line_1_16' title="bbox 82 1567 1240 1638; baseline 0.002 -19"><span class='ocrx_word' id='word_1_152' title='bbox 82 1567 158 1621; x_wconf 88' lang='lat' dir='ltr'><strong>hanc</strong></span> <span class='ocrx_word' id='word_1_153' title='bbox 182 1573 354 1624; x_wconf 86' lang='lat' dir='ltr'><strong>sententiam</strong></span> <span class='ocrx_word' id='word_1_154' title='bbox 379 1572 420 1625; x_wconf 87' lang='lat' dir='ltr'><strong>sic</strong></span> <span class='ocrx_word' id='word_1_155' title='bbox 444 1572 561 1624; x_wconf 84' lang='lat' dir='ltr'><strong>scribit:</strong></span> <span class='ocrx_word' id='word_1_156' title='bbox 595 1573 658 1638; x_wconf 78' lang='lat' dir='ltr'><strong>Ego</strong></span> <span class='ocrx_word' id='word_1_157' title='bbox 686 1587 740 1624; x_wconf 86' lang='lat' dir='ltr'><strong>aaa</strong></span> <span class='ocrx_word' id='word_1_158' title='bbox 763 1569 854 1633; x_wconf 82' lang='lat' dir='ltr'><strong>videa,</strong></span> <span class='ocrx_word' id='word_1_159' title='bbox 882 1570 1015 1636; x_wconf 78' lang='lat' dir='ltr'><strong>quomodo</strong></span> <span class='ocrx_word' id='word_1_160' title='bbox 1034 1567 1161 1621; x_wconf 83' lang='lat' dir='ltr'><strong>salubris</strong></span> <span class='ocrx_word' id='word_1_161' title='bbox 1180 1584 1240 1621; x_wconf 81' lang='lat' dir='ltr'><strong>ease</strong></span> 
     </span>
     <span class='ocr_line' id='line_1_17' title="bbox 83 1639 1240 1715; baseline 0.002 -25"><span class='ocrx_word' id='word_1_162' title='bbox 83 1645 131 1691; x_wconf 84' lang='lat' dir='ltr'><strong>aat</strong></span> <span class='ocrx_word' id='word_1_163' title='bbox 150 1639 230 1693; x_wconf 83' lang='lat' dir='ltr'><strong>utilis</strong></span> <span class='ocrx_word' id='word_1_164' title='bbox 244 1641 336 1711; x_wconf 81' lang='lat' dir='ltr'><strong>possit</strong></span> <span class='ocrx_word' id='word_1_165' title='bbox 353 1641 413 1694; x_wconf 86' lang='lat' dir='ltr'><strong>ulla</strong></span> <span class='ocrx_word' id='word_1_166' title='bbox 431 1642 618 1696; x_wconf 77' lang='lat' dir='ltr'><strong>mediocritas</strong></span> <span class='ocrx_word' id='word_1_167' title='bbox 635 1642 735 1696; x_wconf 81' lang='lat' dir='ltr'><strong>morbi.</strong></span> <span class='ocrx_word' id='word_1_168' title='bbox 757 1674 789 1684; x_wconf 96' lang='lat'>-</span> <span class='ocrx_word' id='word_1_169' title='bbox 826 1642 926 1715; x_wconf 79' lang='lat' dir='ltr'><strong>Pergit</strong></span> <span class='ocrx_word' id='word_1_170' title='bbox 944 1640 1010 1693; x_wconf 87' lang='lat' dir='ltr'><strong>Cod.</strong></span> <span class='ocrx_word' id='word_1_171' title='bbox 1030 1639 1118 1695; x_wconf 84' lang='lat' dir='ltr'><strong>Marb.</strong></span> <span class='ocrx_word' id='word_1_172' title='bbox 1142 1639 1240 1709; x_wconf 81' lang='lat' dir='ltr'><strong>ltaque</strong></span> 
     </span>
     <span class='ocr_line' id='line_1_18' title="bbox 81 1710 1240 1779; baseline 0.001 -18"><span class='ocrx_word' id='word_1_173' title='bbox 81 1711 268 1779; x_wconf 77' lang='lat' dir='ltr'><strong>praeclari</strong></span> <span class='ocrx_word' id='word_1_174' title='bbox 290 1712 390 1765; x_wconf 81' lang='lat' dir='ltr'><strong>nostri.</strong></span> <span class='ocrx_word' id='word_1_175' title='bbox 428 1712 472 1764; x_wconf 84' lang='lat' dir='ltr'><strong>Ad</strong></span> <span class='ocrx_word' id='word_1_176' title='bbox 493 1732 521 1765; x_wconf 84' lang='lat' dir='ltr'><strong>v.</strong></span> <span class='ocrx_word' id='word_1_177' title='bbox 551 1719 582 1764; x_wconf 83' lang='lat' dir='ltr'><strong>ai</strong></span> <span class='ocrx_word' id='word_1_178' title='bbox 610 1714 670 1766; x_wconf 86' lang='lat' dir='ltr'><strong>alia</strong></span> <span class='ocrx_word' id='word_1_179' title='bbox 697 1713 782 1765; x_wconf 87' lang='lat' dir='ltr'><strong>malta</strong></span> <span class='ocrx_word' id='word_1_180' title='bbox 806 1711 877 1763; x_wconf 84' lang='lat' dir='ltr'><strong>Ern.</strong></span> <span class='ocrx_word' id='word_1_181' title='bbox 903 1719 1001 1763; x_wconf 86' lang='lat' dir='ltr'><strong>monet</strong></span> <span class='ocrx_word' id='word_1_182' title='bbox 1031 1728 1063 1764; x_wconf 92' lang='lat' dir='ltr'><strong>ea</strong></span> <span class='ocrx_word' id='word_1_183' title='bbox 1088 1710 1240 1762; x_wconf 85' lang='lat' dir='ltr'><strong>referenda</strong></span> 
     </span>
     <span class='ocr_line' id='line_1_19' title="bbox 84 1778 1240 1851; baseline 0.002 -19"><span class='ocrx_word' id='word_1_184' title='bbox 84 1797 144 1832; x_wconf 91' lang='lat' dir='ltr'><strong>esse</strong></span> <span class='ocrx_word' id='word_1_185' title='bbox 163 1780 198 1831; x_wconf 89' lang='lat' dir='ltr'><strong>ad</strong></span> <span class='ocrx_word' id='word_1_186' title='bbox 215 1782 386 1851; x_wconf 87' lang='lat' dir='ltr'><strong>praecedens</strong></span> <span class='ocrx_word' id='word_1_187' title='bbox 402 1783 561 1849; x_wconf 84' lang='lat' dir='ltr'><strong>praeclare.</strong></span> <span class='ocrx_word' id='word_1_188' title='bbox 597 1784 632 1834; x_wconf 90' lang='lat' dir='ltr'><strong>ln</strong></span> <span class='ocrx_word' id='word_1_189' title='bbox 651 1801 728 1851; x_wconf 83' lang='lat' dir='ltr'><strong>seqq.</strong></span> <span class='ocrx_word' id='word_1_190' title='bbox 750 1782 816 1834; x_wconf 83' lang='lat' dir='ltr'><strong>God.</strong></span> <span class='ocrx_word' id='word_1_191' title='bbox 837 1780 911 1833; x_wconf 89' lang='lat' dir='ltr'><strong>Gud.</strong></span> <span class='ocrx_word' id='word_1_192' title='bbox 931 1781 1047 1833; x_wconf 77' lang='lat' dir='ltr'><strong>exhibet</strong></span> <span class='ocrx_word' id='word_1_193' title='bbox 1074 1778 1125 1835; x_wconf 81' lang='lat' dir='ltr'><strong>doc</strong></span> <span class='ocrx_word' id='word_1_194' title='bbox 1139 1798 1240 1850; x_wconf 85' lang='lat' dir='ltr'><strong>prope·</strong></span> 
     </span>
     <span class='ocr_line' id='line_1_20' title="bbox 83 1851 1239 1927; baseline 0.002 -25"><span class='ocrx_word' id='word_1_195' title='bbox 83 1851 195 1902; x_wconf 86' lang='lat' dir='ltr'><strong>modam</strong></span> <span class='ocrx_word' id='word_1_196' title='bbox 221 1851 323 1904; x_wconf 82' lang='lat' dir='ltr'><strong>Graeci</strong></span> <span class='ocrx_word' id='word_1_197' title='bbox 347 1852 441 1904; x_wconf 80' lang='lat' dir='ltr'><strong>verbo:</strong></span> <span class='ocrx_word' id='word_1_198' title='bbox 479 1852 655 1927; x_wconf 84' lang='lat' dir='ltr'><strong>elegantiore</strong></span> <span class='ocrx_word' id='word_1_199' title='bbox 683 1851 798 1903; x_wconf 87' lang='lat' dir='ltr'><strong>seilicet</strong></span> <span class='ocrx_word' id='word_1_200' title='bbox 824 1852 979 1919; x_wconf 83' lang='lat' dir='ltr'><strong>verborum</strong></span> <span class='ocrx_word' id='word_1_201' title='bbox 1005 1851 1113 1903; x_wconf 88' lang='lat' dir='ltr'><strong>ordine.</strong></span> <span class='ocrx_word' id='word_1_202' title='bbox 1158 1854 1239 1905; x_wconf 91' lang='lat' dir='ltr'><strong>Unus</strong></span> 
     </span>
     <span class='ocr_line' id='line_1_21' title="bbox 83 1920 1240 1992; baseline 0.001 -18"><span class='ocrx_word' id='word_1_203' title='bbox 83 1920 134 1974; x_wconf 86' lang='lat' dir='ltr'><strong>Ox.</strong></span> <span class='ocrx_word' id='word_1_204' title='bbox 155 1922 266 1974; x_wconf 88' lang='lat' dir='ltr'><strong>omittit</strong></span> <span class='ocrx_word' id='word_1_205' title='bbox 284 1924 440 1992; x_wconf 76' lang='lat' dir='ltr'><strong>appellem,-</strong></span> <span class='ocrx_word' id='word_1_206' title='bbox 460 1931 488 1975; x_wconf 89' lang='lat' dir='ltr'><strong>et</strong></span> <span class='ocrx_word' id='word_1_207' title='bbox 507 1939 574 1975; x_wconf 80' lang='lat' dir='ltr'><strong>mox</strong></span> <span class='ocrx_word' id='word_1_208' title='bbox 590 1923 679 1988; x_wconf 66' lang='lat' dir='ltr'><strong>rerba</strong></span> <span class='ocrx_word' id='word_1_209' title='bbox 696 1921 769 1975; x_wconf 83' lang='lat' dir='ltr'><strong>enim</strong></span> <span class='ocrx_word' id='word_1_210' title='bbox 788 1939 877 1990; x_wconf 89' lang='lat' dir='ltr'><strong>usque</strong></span> <span class='ocrx_word' id='word_1_211' title='bbox 896 1921 930 1972; x_wconf 88' lang='lat' dir='ltr'><strong>ad</strong></span> <span class='ocrx_word' id='word_1_212' title='bbox 948 1921 1087 1985; x_wconf 80' lang='lat' dir='ltr'><strong>turbidus,</strong></span> <span class='ocrx_word' id='word_1_213' title='bbox 1112 1921 1161 1974; x_wconf 89' lang='lat' dir='ltr'><strong>sed</strong></span> <span class='ocrx_word' id='word_1_214' title='bbox 1178 1941 1240 1992; x_wconf 87' lang='lat' dir='ltr'><strong>spa-</strong></span> 
     </span>
     <span class='ocr_line' id='line_1_22' title="bbox 81 1989 1240 2066; baseline 0.002 -24"><span class='ocrx_word' id='word_1_215' title='bbox 81 1992 124 2044; x_wconf 88' lang='lat' dir='ltr'><strong>tio</strong></span> <span class='ocrx_word' id='word_1_216' title='bbox 143 1991 255 2044; x_wconf 88' lang='lat' dir='ltr'><strong>relicto.</strong></span> <span class='ocrx_word' id='word_1_217' title='bbox 294 1993 425 2063; x_wconf 82' lang='lat' dir='ltr'><strong>Quinque</strong></span> <span class='ocrx_word' id='word_1_218' title='bbox 450 1994 538 2046; x_wconf 89' lang='lat' dir='ltr'><strong>etiam</strong></span> <span class='ocrx_word' id='word_1_219' title='bbox 565 1993 617 2045; x_wconf 89' lang='lat' dir='ltr'><strong>alii</strong></span> <span class='ocrx_word' id='word_1_220' title='bbox 642 1995 711 2047; x_wconf 73' lang='lat' dir='ltr'><strong>(lxx.</strong></span> <span class='ocrx_word' id='word_1_221' title='bbox 742 2001 771 2046; x_wconf 86' lang='lat' dir='ltr'><strong>et</strong></span> <span class='ocrx_word' id='word_1_222' title='bbox 794 1989 868 2066; x_wconf 74' lang='lat' dir='ltr'><strong>Aug.</strong></span> <span class='ocrx_word' id='word_1_223' title='bbox 898 1992 1036 2061; x_wconf 85' lang='lat' dir='ltr'><strong>omittunt</strong></span> <span class='ocrx_word' id='word_1_224' title='bbox 1064 1992 1163 2055; x_wconf 80' lang='grc' dir='ltr'><em>πάθος,</em></span> <span class='ocrx_word' id='word_1_225' title='bbox 1191 1993 1240 2045; x_wconf 92' lang='lat' dir='ltr'><strong>sed</strong></span> 
     </span>
     <span class='ocr_line' id='line_1_23' title="bbox 82 2061 1238 2134; baseline -0.001 -20"><span class='ocrx_word' id='word_1_226' title='bbox 82 2078 150 2114; x_wconf 86' lang='lat' dir='ltr'><strong>eum</strong></span> <span class='ocrx_word' id='word_1_227' title='bbox 168 2064 285 2134; x_wconf 69' lang='lat' dir='ltr'><strong>spatior</strong></span> <span class='ocrx_word' id='word_1_228' title='bbox 299 2064 359 2116; x_wconf 90' lang='lat' dir='ltr'><strong>eius</strong></span> <span class='ocrx_word' id='word_1_229' title='bbox 377 2065 442 2116; x_wconf 90' lang='lat' dir='ltr'><strong>loco</strong></span> <span class='ocrx_word' id='word_1_230' title='bbox 461 2065 547 2116; x_wconf 86' lang='lat' dir='ltr'><strong>Marb.</strong></span> <span class='ocrx_word' id='word_1_231' title='bbox 573 2064 660 2117; x_wconf 83' lang='lat' dir='ltr'><strong>habet</strong></span> <span class='ocrx_word' id='word_1_232' title='bbox 678 2072 760 2128; x_wconf 80' lang='lat' dir='ltr'><strong>naon,</strong></span> <span class='ocrx_word' id='word_1_233' title='bbox 779 2081 812 2114; x_wconf 91' lang='lat' dir='ltr'><strong>su</strong></span> <span class='ocrx_word' id='word_1_234' title='bbox 834 2062 982 2131; x_wconf 87' lang='lat' dir='ltr'><strong>erscriptis</strong></span> <span class='ocrx_word' id='word_1_235' title='bbox 1000 2061 1100 2114; x_wconf 78' lang='lat' dir='ltr'><strong>literis·</strong></span> <span class='ocrx_word' id='word_1_236' title='bbox 1116 2062 1165 2113; x_wconf 88' lang='lat' dir='ltr'><strong>Gr.</strong></span> <span class='ocrx_word' id='word_1_237' title='bbox 1204 2063 1238 2114; x_wconf 88' lang='lat' dir='ltr'><strong>Iu</strong></span> 
     </span>
     <span class='ocr_line' id='line_1_24' title="bbox 83 2131 1239 2205; baseline -0.003 -18"><span class='ocrx_word' id='word_1_238' title='bbox 83 2133 156 2187; x_wconf 86' lang='lat' dir='ltr'><strong>Gud.</strong></span> <span class='ocrx_word' id='word_1_239' title='bbox 174 2141 229 2204; x_wconf 82' lang='lat' dir='ltr'><strong>&#39;pro</strong></span> <span class='ocrx_word' id='word_1_240' title='bbox 246 2140 346 2188; x_wconf 80' lang='lat' dir='ltr'><strong>uocant</strong></span> <span class='ocrx_word' id='word_1_241' title='bbox 365 2133 438 2188; x_wconf 79' lang='lat' dir='ltr'><strong>enim</strong></span> <span class='ocrx_word' id='word_1_242' title='bbox 456 2137 548 2195; x_wconf 75' lang='grc' dir='ltr'><em>’πάθος</em></span> <span class='ocrx_word' id='word_1_243' title='bbox 566 2136 709 2205; x_wconf 80' lang='lat' dir='ltr'><strong>scripturn</strong></span> <span class='ocrx_word' id='word_1_244' title='bbox 728 2142 771 2187; x_wconf 87' lang='lat' dir='ltr'><strong>est</strong></span> <span class='ocrx_word' id='word_1_245' title='bbox 789 2149 804 2185; x_wconf 86' lang='lat' dir='ltr'><strong>c</strong></span> <span class='ocrx_word' id='word_1_246' title='bbox 823 2133 873 2185; x_wconf 73' lang='lat' dir='ltr'><strong>tal</strong></span> <span class='ocrx_word' id='word_1_247' title='bbox 908 2133 1000 2186; x_wconf 85' lang='lat' dir='ltr'><strong>Verba</strong></span> <span class='ocrx_word' id='word_1_248' title='bbox 1026 2131 1059 2186; x_wconf 80' lang='lat' dir='ltr'><strong>id</strong></span> <span class='ocrx_word' id='word_1_249' title='bbox 1082 2139 1123 2185; x_wconf 80' lang='lat' dir='ltr'><strong>esi</strong></span> <span class='ocrx_word' id='word_1_250' title='bbox 1147 2131 1239 2184; x_wconf 81' lang='lat' dir='ltr'><strong>abesse</strong></span> 
     </span>
     <span class='ocr_line' id='line_1_25' title="bbox 82 2196 1240 2288; baseline -0.001 -32"><span class='ocrx_word' id='word_1_251' title='bbox 82 2204 122 2256; x_wconf 91' lang='lat' dir='ltr'><strong>ait</strong></span> <span class='ocrx_word' id='word_1_252' title='bbox 139 2196 222 2258; x_wconf 86' lang='lat' dir='ltr'><strong>Verb.</strong></span> <span class='ocrx_word' id='word_1_253' title='bbox 243 2206 274 2257; x_wconf 91' lang='lat' dir='ltr'><strong>in</strong></span> <span class='ocrx_word' id='word_1_254' title='bbox 293 2215 383 2281; x_wconf 81' lang='lat' dir='ltr'><strong>marg.</strong></span> <span class='ocrx_word' id='word_1_255' title='bbox 404 2225 419 2259; x_wconf 97' lang='lat' dir='ltr'><strong>a</strong></span> <span class='ocrx_word' id='word_1_256' title='bbox 437 2207 494 2260; x_wconf 83' lang='lat' dir='ltr'><strong>MS.</strong></span> <span class='ocrx_word' id='word_1_257' title='bbox 513 2206 609 2259; x_wconf 89' lang='lat' dir='ltr'><strong>nescio</strong></span> <span class='ocrx_word' id='word_1_258' title='bbox 630 2222 695 2277; x_wconf 88' lang='lat' dir='ltr'><strong>qno.</strong></span> <span class='ocrx_word' id='word_1_259' title='bbox 735 2207 866 2259; x_wconf 84' lang='lat' dir='ltr'><strong>Fortasse</strong></span> <span class='ocrx_word' id='word_1_260' title='bbox 885 2204 1042 2288; x_wconf 80' lang='lat' dir='ltr'><strong>suspicatus</strong></span> <span class='ocrx_word' id='word_1_261' title='bbox 1060 2213 1102 2255; x_wconf 86' lang='lat' dir='ltr'><strong>est</strong></span> <span class='ocrx_word' id='word_1_262' title='bbox 1119 2203 1174 2254; x_wconf 91' lang='lat' dir='ltr'><strong>hoc</strong></span> <span class='ocrx_word' id='word_1_263' title='bbox 1192 2203 1240 2256; x_wconf 85' lang='lat' dir='ltr'><strong>vir</strong></span> 
     </span>
     <span class='ocr_line' id='line_1_26' title="bbox 82 2273 1237 2330; baseline -0.004 -2"><span class='ocrx_word' id='word_1_264' title='bbox 82 2275 180 2328; x_wconf 90' lang='lat' dir='ltr'><strong>doctus</strong></span> <span class='ocrx_word' id='word_1_265' title='bbox 206 2291 241 2328; x_wconf 82' lang='lat' dir='ltr'><strong>ex</strong></span> <span class='ocrx_word' id='word_1_266' title='bbox 269 2277 361 2329; x_wconf 81' lang='lat' dir='ltr'><strong>obiter</strong></span> <span class='ocrx_word' id='word_1_267' title='bbox 391 2278 467 2330; x_wconf 88' lang='lat' dir='ltr'><strong>lecta</strong></span> <span class='ocrx_word' id='word_1_268' title='bbox 490 2276 635 2330; x_wconf 83' lang='lat' dir='ltr'><strong>Gebhardi</strong></span> <span class='ocrx_word' id='word_1_269' title='bbox 666 2276 859 2329; x_wconf 73' lang='lat' dir='ltr'><strong>annotatione.</strong></span> <span class='ocrx_word' id='word_1_270' title='bbox 907 2276 962 2326; x_wconf 88' lang='lat' dir='ltr'><strong>Hrc</strong></span> <span class='ocrx_word' id='word_1_271' title='bbox 990 2282 1085 2326; x_wconf 85' lang='lat' dir='ltr'><strong>autern</strong></span> <span class='ocrx_word' id='word_1_272' title='bbox 1121 2291 1156 2326; x_wconf 76' lang='lat' dir='ltr'><strong>ex</strong></span> <span class='ocrx_word' id='word_1_273' title='bbox 1180 2273 1237 2324; x_wconf 89' lang='lat' dir='ltr'><strong>Pal.</strong></span> 
     </span>
     <span class='ocr_line' id='line_1_27' title="bbox 83 2344 1237 2418; baseline -0.001 -22"><span class='ocrx_word' id='word_1_274' title='bbox 83 2346 177 2415; x_wconf 86' lang='lat' dir='ltr'><strong>quint.</strong></span> <span class='ocrx_word' id='word_1_275' title='bbox 199 2349 327 2399; x_wconf 85' lang='lat' dir='ltr'><strong>enotavit</strong></span> <span class='ocrx_word' id='word_1_276' title='bbox 344 2347 501 2401; x_wconf 84' lang='lat' dir='ltr'><strong>lectionem</strong></span> <span class='ocrx_word' id='word_1_277' title='bbox 518 2348 651 2417; x_wconf 76' lang='lat' dir='ltr'><strong>moriam,</strong></span> <span class='ocrx_word' id='word_1_278' title='bbox 680 2347 807 2418; x_wconf 80' lang='lat' dir='ltr'><strong>quibas</strong></span> <span class='ocrx_word' id='word_1_279' title='bbox 825 2345 977 2414; x_wconf 79' lang='lat' dir='ltr'><strong>quicunque</strong></span> <span class='ocrx_word' id='word_1_280' title='bbox 995 2352 1022 2397; x_wconf 84' lang='lat' dir='ltr'><strong>et</strong></span> <span class='ocrx_word' id='word_1_281' title='bbox 1040 2351 1137 2400; x_wconf 80' lang='lat' dir='ltr'><strong>motas.</strong></span> <span class='ocrx_word' id='word_1_282' title='bbox 1164 2344 1237 2396; x_wconf 89' lang='lat' dir='ltr'><strong>Gud.</strong></span> 
     </span>
     <span class='ocr_line' id='line_1_28' title="bbox 82 2414 1235 2486; baseline 0 -18"><span class='ocrx_word' id='word_1_283' title='bbox 82 2417 137 2468; x_wconf 89' lang='lat' dir='ltr'><strong>duo</strong></span> <span class='ocrx_word' id='word_1_284' title='bbox 157 2417 226 2470; x_wconf 80' lang='lat' dir='ltr'><strong>oxx.</strong></span> <span class='ocrx_word' id='word_1_285' title='bbox 252 2434 304 2486; x_wconf 89' lang='lat' dir='ltr'><strong>pro</strong></span> <span class='ocrx_word' id='word_1_286' title='bbox 327 2425 415 2470; x_wconf 81' lang='lat' dir='ltr'><strong>motus</strong></span> <span class='ocrx_word' id='word_1_287' title='bbox 440 2414 548 2470; x_wconf 86' lang='lat' dir='ltr'><strong>habent</strong></span> <span class='ocrx_word' id='word_1_288' title='bbox 570 2419 690 2471; x_wconf 81' lang='lat' dir='ltr'><strong>morbus.</strong></span> <span class='ocrx_word' id='word_1_289' title='bbox 716 2417 789 2471; x_wconf 87' lang='lat' dir='ltr'><strong>Gud.</strong></span> <span class='ocrx_word' id='word_1_290' title='bbox 818 2417 905 2469; x_wconf 87' lang='lat' dir='ltr'><strong>habet</strong></span> <span class='ocrx_word' id='word_1_291' title='bbox 934 2417 1022 2469; x_wconf 86' lang='lat' dir='ltr'><strong>etiam</strong></span> <span class='ocrx_word' id='word_1_292' title='bbox 1045 2414 1235 2484; x_wconf 82' lang='lat' dir='ltr'><strong>perturbidaa.</strong></span> 
     </span>
     <span class='ocr_line' id='line_1_29' title="bbox 82 2486 1256 2562; baseline -0.002 -24"><span class='ocrx_word' id='word_1_293' title='bbox 82 2487 155 2562; x_wconf 77' lang='lat' dir='ltr'><strong>Aug.</strong></span> <span class='ocrx_word' id='word_1_294' title='bbox 174 2486 271 2550; x_wconf 46' lang='lat' dir='ltr'><strong>habet,</strong></span> <span class='ocrx_word' id='word_1_295' title='bbox 287 2495 376 2541; x_wconf 82' lang='lat' dir='ltr'><strong>maias</strong></span> <span class='ocrx_word' id='word_1_296' title='bbox 397 2494 447 2540; x_wconf 81' lang='lat' dir='ltr'><strong>eat.</strong></span> <span class='ocrx_word' id='word_1_297' title='bbox 484 2489 544 2541; x_wconf 87' lang='lat' dir='ltr'><strong>Mr.</strong></span> <span class='ocrx_word' id='word_1_298' title='bbox 1254 2533 1256 2536; x_wconf 77' lang='grc'>,</span> 
     </span>
     <span class='ocr_line' id='line_1_30' title="bbox 151 2556 1238 2635; baseline 0.003 -26"><span class='ocrx_word' id='word_1_299' title='bbox 151 2560 284 2635; x_wconf 81' lang='lat' dir='ltr'><strong>morbum,</strong></span> <span class='ocrx_word' id='word_1_300' title='bbox 304 2559 455 2629; x_wconf 80' lang='lat' dir='ltr'><strong>quicunque</strong></span> <span class='ocrx_word' id='word_1_301' title='bbox 474 2561 549 2627; x_wconf 72' lang='lat' dir='ltr'><strong>ete]</strong></span> <span class='ocrx_word' id='word_1_302' title='bbox 577 2558 621 2611; x_wconf 89' lang='lat' dir='ltr'><strong>Ad</strong></span> <span class='ocrx_word' id='word_1_303' title='bbox 639 2557 810 2615; x_wconf 84' lang='lat' dir='ltr'><strong>sententiam</strong></span> <span class='ocrx_word' id='word_1_304' title='bbox 829 2556 921 2610; x_wconf 85' lang='lat' dir='ltr'><strong>nostri</strong></span> <span class='ocrx_word' id='word_1_305' title='bbox 938 2556 997 2609; x_wconf 91' lang='lat' dir='ltr'><strong>loci</strong></span> <span class='ocrx_word' id='word_1_306' title='bbox 1016 2556 1088 2609; x_wconf 85' lang='lat' dir='ltr'><strong>facit</strong></span> <span class='ocrx_word' id='word_1_307' title='bbox 1106 2558 1185 2609; x_wconf 90' lang='lat' dir='ltr'><strong>locus</strong></span> <span class='ocrx_word' id='word_1_308' title='bbox 1203 2559 1238 2612; x_wconf 89' lang='lat' dir='ltr'><strong>de</strong></span> 
     </span>
     <span class='ocr_line' id='line_1_31' title="bbox 82 2627 1236 2699; baseline 0.001 -19"><span class='ocrx_word' id='word_1_309' title='bbox 82 2627 166 2680; x_wconf 81' lang='lat' dir='ltr'><strong>Finn.</strong></span> <span class='ocrx_word' id='word_1_310' title='bbox 187 2631 240 2682; x_wconf 89' lang='grc'><strong>111.</strong></span> <span class='ocrx_word' id='word_1_311' title='bbox 262 2634 308 2685; x_wconf 80' lang='lat' dir='ltr'><strong>ld:</strong></span> <span class='ocrx_word' id='word_1_312' title='bbox 327 2629 555 2684; x_wconf 81' lang='lat' dir='ltr'><strong>Perturbationea</strong></span> <span class='ocrx_word' id='word_1_313' title='bbox 573 2629 736 2694; x_wconf 81' lang='lat' dir='ltr'><strong>animorum,</strong></span> <span class='ocrx_word' id='word_1_314' title='bbox 757 2644 827 2699; x_wconf 83' lang='lat' dir='ltr'><strong>quae</strong></span> <span class='ocrx_word' id='word_1_315' title='bbox 844 2629 930 2681; x_wconf 82' lang='lat' dir='ltr'><strong>vitam</strong></span> <span class='ocrx_word' id='word_1_316' title='bbox 948 2627 1137 2696; x_wconf 78' lang='lat' dir='ltr'><strong>insipientiam</strong></span> <span class='ocrx_word' id='word_1_317' title='bbox 1153 2627 1236 2681; x_wconf 85' lang='lat' dir='ltr'><strong>mire-</strong></span> 
     </span>
     <span class='ocr_line' id='line_1_32' title="bbox 82 2701 1235 2771; baseline -0.001 -20"><span class='ocrx_word' id='word_1_318' title='bbox 82 2716 143 2753; x_wconf 88' lang='lat' dir='ltr'><strong>ram</strong></span> <span class='ocrx_word' id='word_1_319' title='bbox 161 2702 342 2771; x_wconf 73' lang='lat' dir='ltr'><strong>acerbamque</strong></span> <span class='ocrx_word' id='word_1_320' title='bbox 360 2702 480 2755; x_wconf 83' lang='lat' dir='ltr'><strong>reddant</strong></span> <span class='ocrx_word' id='word_1_321' title='bbox 498 2734 530 2744; x_wconf 94' lang='lat'>-</span> <span class='ocrx_word' id='word_1_322' title='bbox 551 2701 653 2754; x_wconf 83' lang='lat' dir='ltr'><strong>Graeci</strong></span> <span class='ocrx_word' id='word_1_323' title='bbox 679 2704 754 2768; x_wconf 72' lang='grc' dir='ltr'><strong>πάθη</strong></span> <span class='ocrx_word' id='word_1_324' title='bbox 773 2702 927 2769; x_wconf 80' lang='lat' dir='ltr'><strong>appellant:</strong></span> <span class='ocrx_word' id='word_1_325' title='bbox 958 2706 1084 2766; x_wconf 80' lang='lat' dir='ltr'><strong>poteram</strong></span> <span class='ocrx_word' id='word_1_326' title='bbox 1103 2716 1155 2766; x_wconf 83' lang='lat' dir='ltr'><strong>ego</strong></span> <span class='ocrx_word' id='word_1_327' title='bbox 1170 2716 1235 2765; x_wconf 56' lang='lat' dir='ltr'><strong>,ver-</strong></span> 
     </span>
     <span class='ocr_line' id='line_1_33' title="bbox 81 2770 1234 2841; baseline -0.001 -19"><span class='ocrx_word' id='word_1_328' title='bbox 81 2771 143 2822; x_wconf 83' lang='lat' dir='ltr'><strong>bam</strong></span> <span class='ocrx_word' id='word_1_329' title='bbox 160 2771 250 2840; x_wconf 81' lang='lat' dir='ltr'><strong>ipsam</strong></span> <span class='ocrx_word' id='word_1_330' title='bbox 268 2773 580 2841; x_wconf 56' lang='lat' dir='ltr'><strong>raimpretanemorboa</strong></span> <span class='ocrx_word' id='word_1_331' title='bbox 591 2772 751 2840; x_wconf 75' lang='lat' dir='ltr'><strong>appellaris</strong></span> <span class='ocrx_word' id='word_1_332' title='bbox 769 2772 820 2824; x_wconf 78' lang='lat' dir='ltr'><strong>sed</strong></span> <span class='ocrx_word' id='word_1_333' title='bbox 838 2788 893 2824; x_wconf 85' lang='lat' dir='ltr'><strong>aaa</strong></span> <span class='ocrx_word' id='word_1_334' title='bbox 911 2770 1069 2823; x_wconf 80' lang='lat' dir='ltr'><strong>conueniret</strong></span> <span class='ocrx_word' id='word_1_335' title='bbox 1081 2771 1234 2822; x_wconf 87' lang='lat' dir='ltr'><strong>adomnia:</strong></span> 
     </span>
     <span class='ocr_line' id='line_1_34' title="bbox 81 2840 1236 2912; baseline 0.003 -21"><span class='ocrx_word' id='word_1_336' title='bbox 81 2840 145 2910; x_wconf 82' lang='lat' dir='ltr'><strong>qaia</strong></span> <span class='ocrx_word' id='word_1_337' title='bbox 163 2842 238 2896; x_wconf 78' lang='lat' dir='ltr'><strong>enim</strong></span> <span class='ocrx_word' id='word_1_338' title='bbox 254 2843 491 2910; x_wconf 82' lang='lat' dir='ltr'><strong>mirericordiam,</strong></span> <span class='ocrx_word' id='word_1_339' title='bbox 511 2849 559 2896; x_wconf 84' lang='lat' dir='ltr'><strong>aut</strong></span> <span class='ocrx_word' id='word_1_340' title='bbox 578 2845 669 2912; x_wconf 84' lang='lat' dir='ltr'><strong>ipsam</strong></span> <span class='ocrx_word' id='word_1_341' title='bbox 686 2842 865 2895; x_wconf 74' lang='lat' dir='ltr'><strong>iracundiam</strong></span> <span class='ocrx_word' id='word_1_342' title='bbox 882 2843 1005 2896; x_wconf 81' lang='lat' dir='ltr'><strong>moriam</strong></span> <span class='ocrx_word' id='word_1_343' title='bbox 1029 2842 1100 2894; x_wconf 84' lang='lat' dir='ltr'><strong>solet</strong></span> <span class='ocrx_word' id='word_1_344' title='bbox 1119 2842 1236 2895; x_wconf 73' lang='lat' dir='ltr'><strong>dicere.²</strong></span> 
     </span>
     <span class='ocr_line' id='line_1_35' title="bbox 81 2912 1234 2983; baseline 0.001 -19"><span class='ocrx_word' id='word_1_345' title='bbox 81 2912 177 2966; x_wconf 86' lang='lat' dir='ltr'><strong>atilli</strong></span> <span class='ocrx_word' id='word_1_346' title='bbox 195 2914 287 2966; x_wconf 83' lang='lat' dir='ltr'><strong>dicam</strong></span> <span class='ocrx_word' id='word_1_347' title='bbox 304 2918 400 2975; x_wconf 79' lang='grc' dir='ltr'><strong>πάθος.</strong></span> <span class='ocrx_word' id='word_1_348' title='bbox 430 2916 470 2967; x_wconf 81' lang='lat' dir='ltr'><strong>sit</strong></span> <span class='ocrx_word' id='word_1_349' title='bbox 491 2913 583 2983; x_wconf 81' lang='lat' dir='ltr'><strong>igitur</strong></span> <span class='ocrx_word' id='word_1_350' title='bbox 602 2912 790 2982; x_wconf 75' lang='lat' dir='ltr'><strong>perturbatio,</strong></span> <span class='ocrx_word' id='word_1_351' title='bbox 819 2929 890 2983; x_wconf 83' lang='lat' dir='ltr'><strong>qaae</strong></span> <span class='ocrx_word' id='word_1_352' title='bbox 915 2914 1024 2967; x_wconf 83' lang='lat' dir='ltr'><strong>nomine</strong></span> <span class='ocrx_word' id='word_1_353' title='bbox 1046 2913 1106 2981; x_wconf 82' lang='lat' dir='ltr'><strong>ipso</strong></span> <span class='ocrx_word' id='word_1_354' title='bbox 1130 2913 1234 2966; x_wconf 85' lang='lat' dir='ltr'><strong>uitiosa</strong></span> 
     </span>
     <span class='ocr_line' id='line_1_36' title="bbox 81 2982 1275 3054; baseline 0.002 -21"><span class='ocrx_word' id='word_1_355' title='bbox 81 2982 225 3051; x_wconf 86' lang='lat' dir='ltr'><strong>declarari</strong></span> <span class='ocrx_word' id='word_1_356' title='bbox 242 2983 359 3037; x_wconf 80' lang='lat' dir='ltr'><strong>videtur.</strong></span> <span class='ocrx_word' id='word_1_357' title='bbox 380 2985 423 3037; x_wconf 80' lang='lat' dir='ltr'><strong>Of.</strong></span> <span class='ocrx_word' id='word_1_358' title='bbox 444 2985 521 3037; x_wconf 83' lang='lat' dir='ltr'><strong>Gall.</strong></span> <span class='ocrx_word' id='word_1_359' title='bbox 541 2987 639 3037; x_wconf 88' lang='lat' dir='ltr'><strong>Noctt.</strong></span> <span class='ocrx_word' id='word_1_360' title='bbox 659 2989 717 3037; x_wconf 80' lang='lat' dir='ltr'><strong>att.</strong></span> <span class='ocrx_word' id='word_1_361' title='bbox 738 2986 760 3036; x_wconf 88' lang='lat'><strong>1.</strong></span> <span class='ocrx_word' id='word_1_362' title='bbox 781 2987 824 3039; x_wconf 76' lang='lat'><strong>26.</strong></span> <span class='ocrx_word' id='word_1_363' title='bbox 845 2993 918 3054; x_wconf 79' lang='lat' dir='ltr'><strong>extr.</strong></span> <span class='ocrx_word' id='word_1_364' title='bbox 944 2986 1017 3037; x_wconf 85' lang='lat' dir='ltr'><strong>XIX.</strong></span> <span class='ocrx_word' id='word_1_365' title='bbox 1041 2987 1083 3038; x_wconf 76' lang='lat'><strong>12.</strong></span> <span class='ocrx_word' id='word_1_366' title='bbox 1103 2984 1236 3050; x_wconf 83' lang='lat' dir='ltr'><strong>Quincti·</strong></span> <span class='ocrx_word' id='word_1_367' title='bbox 1273 2999 1275 3005; x_wconf 92' lang='lat'>·</span> 
     </span>
     <span class='ocr_line' id='line_1_37' title="bbox 81 3052 897 3124; baseline 0.007 -23"><span class='ocrx_word' id='word_1_368' title='bbox 81 3052 150 3102; x_wconf 85' lang='lat' dir='ltr'><strong>lien.</strong></span> <span class='ocrx_word' id='word_1_369' title='bbox 170 3053 241 3107; x_wconf 89' lang='lat' dir='ltr'><strong>Inst.</strong></span> <span class='ocrx_word' id='word_1_370' title='bbox 261 3054 308 3106; x_wconf 91' lang='lat' dir='ltr'><strong>Or.</strong></span> <span class='ocrx_word' id='word_1_371' title='bbox 327 3056 375 3105; x_wconf 91' lang='lat' dir='ltr'><strong>VI.</strong></span> <span class='ocrx_word' id='word_1_372' title='bbox 395 3057 422 3108; x_wconf 80' lang='lat'><strong>2.</strong></span> <span class='ocrx_word' id='word_1_373' title='bbox 445 3073 474 3124; x_wconf 81' lang='lat' dir='ltr'><strong>p.</strong></span> <span class='ocrx_word' id='word_1_374' title='bbox 494 3058 554 3109; x_wconf 80' lang='lat'><strong>517.</strong></span> <span class='ocrx_word' id='word_1_375' title='bbox 584 3054 626 3107; x_wconf 89' lang='lat' dir='ltr'><strong>ed.</strong></span> <span class='ocrx_word' id='word_1_376' title='bbox 645 3056 799 3106; x_wconf 83' lang='lat' dir='ltr'><strong>Burmann.</strong></span> <span class='ocrx_word' id='word_1_377' title='bbox 837 3057 897 3109; x_wconf 88' lang='lat' dir='ltr'><strong>Mr.</strong></span> 
     </span>
     <span class='ocr_line' id='line_1_38' title="bbox 149 3120 1235 3192; baseline 0.001 -18"><span class='ocrx_word' id='word_1_378' title='bbox 149 3120 261 3190; x_wconf 79' lang='lat' dir='ltr'><strong>-Aegris</strong></span> <span class='ocrx_word' id='word_1_379' title='bbox 284 3123 359 3175; x_wconf 81' lang='lat' dir='ltr'><strong>euim</strong></span> <span class='ocrx_word' id='word_1_380' title='bbox 382 3124 546 3191; x_wconf 79' lang='lat' dir='ltr'><strong>corporibus</strong></span> <span class='ocrx_word' id='word_1_381' title='bbox 573 3125 716 3178; x_wconf 81' lang='lat' dir='ltr'><strong>simillima</strong></span> <span class='ocrx_word' id='word_1_382' title='bbox 740 3123 828 3180; x_wconf 82' lang='lat' dir='ltr'><strong>animi</strong></span> <span class='ocrx_word' id='word_1_383' title='bbox 854 3132 894 3177; x_wconf 86' lang='lat' dir='ltr'><strong>est</strong></span> <span class='ocrx_word' id='word_1_384' title='bbox 919 3124 1085 3192; x_wconf 75' lang='lat' dir='ltr'><strong>aegritudo]</strong></span> <span class='ocrx_word' id='word_1_385' title='bbox 1114 3125 1183 3176; x_wconf 87' lang='lat' dir='ltr'><strong>Dav.</strong></span> <span class='ocrx_word' id='word_1_386' title='bbox 1204 3125 1235 3175; x_wconf 90' lang='lat' dir='ltr'><strong>in</strong></span> 
     </span>
     <span class='ocr_line' id='line_1_39' title="bbox 80 3193 1236 3264; baseline 0.002 -20"><span class='ocrx_word' id='word_1_387' title='bbox 80 3193 134 3244; x_wconf 76' lang='lat' dir='ltr'><strong>Ed:</strong></span> <span class='ocrx_word' id='word_1_388' title='bbox 154 3195 179 3248; x_wconf 75' lang='lat'><strong>2·</strong></span> <span class='ocrx_word' id='word_1_389' title='bbox 201 3193 283 3245; x_wconf 89' lang='lat' dir='ltr'><strong>nulla</strong></span> <span class='ocrx_word' id='word_1_390' title='bbox 299 3193 412 3247; x_wconf 86' lang='lat' dir='ltr'><strong>ratione</strong></span> <span class='ocrx_word' id='word_1_391' title='bbox 430 3195 525 3247; x_wconf 85' lang='lat' dir='ltr'><strong>addita</strong></span> <span class='ocrx_word' id='word_1_392' title='bbox 544 3194 661 3264; x_wconf 79' lang='lat' dir='ltr'><strong>scripsit</strong></span> <span class='ocrx_word' id='word_1_393' title='bbox 679 3195 783 3262; x_wconf 77' lang='lat' dir='ltr'><strong>aegri</strong></span> <span class='ocrx_word' id='word_1_394' title='bbox 800 3195 872 3248; x_wconf 80' lang='lat' dir='ltr'><strong>enim</strong></span> <span class='ocrx_word' id='word_1_395' title='bbox 891 3194 1064 3262; x_wconf 81' lang='lat' dir='ltr'><strong>corporis.</strong></span> <span class='ocrx_word' id='word_1_396' title='bbox 1094 3197 1134 3246; x_wconf 81' lang='lat' dir='ltr'><strong>Et</strong></span> <span class='ocrx_word' id='word_1_397' title='bbox 1151 3194 1236 3246; x_wconf 89' lang='lat' dir='ltr'><strong>habet</strong></span> 
     </span>
     <span class='ocr_line' id='line_1_40' title="bbox 79 3264 1233 3334; baseline 0 -18"><span class='ocrx_word' id='word_1_398' title='bbox 79 3264 165 3331; x_wconf 76' lang='lat' dir='ltr'><strong>aegri</strong></span> <span class='ocrx_word' id='word_1_399' title='bbox 190 3281 264 3316; x_wconf 86' lang='lat' dir='ltr'><strong>unus</strong></span> <span class='ocrx_word' id='word_1_400' title='bbox 291 3264 340 3316; x_wconf 87' lang='lat' dir='ltr'><strong>Ox.</strong></span> <span class='ocrx_word' id='word_1_401' title='bbox 381 3264 429 3318; x_wconf 80' lang='lat' dir='ltr'><strong>Ad</strong></span> <span class='ocrx_word' id='word_1_402' title='bbox 458 3282 517 3318; x_wconf 84' lang='lat' dir='ltr'><strong>earu</strong></span> <span class='ocrx_word' id='word_1_403' title='bbox 553 3266 766 3318; x_wconf 86' lang='lat' dir='ltr'><strong>correctionem</strong></span> <span class='ocrx_word' id='word_1_404' title='bbox 792 3265 990 3334; x_wconf 82' lang='lat' dir='ltr'><strong>Wopkensius</strong></span> <span class='ocrx_word' id='word_1_405' title='bbox 1014 3265 1036 3315; x_wconf 73' lang='lat'><strong>1:</strong></span> <span class='ocrx_word' id='word_1_406' title='bbox 1063 3280 1087 3315; x_wconf 92' lang='lat' dir='ltr'><strong>c.</strong></span> <span class='ocrx_word' id='word_1_407' title='bbox 1116 3282 1143 3331; x_wconf 85' lang='lat' dir='ltr'><strong>p.</strong></span> <span class='ocrx_word' id='word_1_408' title='bbox 1174 3268 1233 3319; x_wconf 77' lang='lat'><strong>1⁰7.</strong></span> 
     </span>
     <span class='ocr_line' id='line_1_41' title="bbox 80 3334 1235 3409; baseline 0.002 -23"><span class='ocrx_word' id='word_1_409' title='bbox 80 3334 251 3408; x_wconf 63' lang='lat' dir='ltr'><strong>„Analogiq</strong></span> <span class='ocrx_word' id='word_1_410' title='bbox 267 3334 321 3400; x_wconf 81' lang='lat' dir='ltr'><strong>ait,</strong></span> <span class='ocrx_word' id='word_1_411' title='bbox 349 3336 537 3409; x_wconf 80' lang='lat' dir='ltr'><strong>grammatica</strong></span> <span class='ocrx_word' id='word_1_412' title='bbox 554 3336 690 3404; x_wconf 86' lang='lat' dir='ltr'><strong>requirit,</strong></span> <span class='ocrx_word' id='word_1_413' title='bbox 720 3335 874 3402; x_wconf 85' lang='lat' dir='ltr'><strong>adsentior,</strong></span> <span class='ocrx_word' id='word_1_414' title='bbox 904 3352 991 3402; x_wconf 82' lang='lat' dir='ltr'><strong>aegro</strong></span> <span class='ocrx_word' id='word_1_415' title='bbox 1018 3334 1090 3387; x_wconf 84' lang='lat' dir='ltr'><strong>enim</strong></span> <span class='ocrx_word' id='word_1_416' title='bbox 1114 3335 1235 3404; x_wconf 81' lang='lat' dir='ltr'><strong>corpori,</strong></span> 
     </span>
     <span class='ocr_line' id='line_1_42' title="bbox 79 3405 1235 3477; baseline 0.003 -20"><span class='ocrx_word' id='word_1_417' title='bbox 79 3406 129 3458; x_wconf 85' lang='lat' dir='ltr'><strong>vel</strong></span> <span class='ocrx_word' id='word_1_418' title='bbox 145 3405 231 3474; x_wconf 79' lang='lat' dir='ltr'><strong>aegri</strong></span> <span class='ocrx_word' id='word_1_419' title='bbox 247 3405 322 3458; x_wconf 67' lang='lat' dir='ltr'><strong>enda</strong></span> <span class='ocrx_word' id='word_1_420' title='bbox 338 3408 476 3475; x_wconf 66' lang='lat' dir='ltr'><strong>corporea,</strong></span> <span class='ocrx_word' id='word_1_421' title='bbox 502 3415 536 3459; x_wconf 92' lang='lat' dir='ltr'><strong>ut</strong></span> <span class='ocrx_word' id='word_1_422' title='bbox 553 3407 669 3459; x_wconf 87' lang='lat' dir='ltr'><strong>numeri</strong></span> <span class='ocrx_word' id='word_1_423' title='bbox 692 3423 745 3459; x_wconf 86' lang='lat' dir='ltr'><strong>con</strong></span> <span class='ocrx_word' id='word_1_424' title='bbox 767 3416 860 3459; x_wconf 84' lang='lat' dir='ltr'><strong>ruant.</strong></span> <span class='ocrx_word' id='word_1_425' title='bbox 898 3406 955 3460; x_wconf 88' lang='lat' dir='ltr'><strong>Sed</strong></span> <span class='ocrx_word' id='word_1_426' title='bbox 981 3415 1235 3477; x_wconf 83' lang='lat' dir='ltr'><strong>quantumcunque</strong></span> 
     </span>
     <span class='ocr_line' id='line_1_43' title="bbox 80 3425 1235 3559; baseline 0.002 -31"><span class='ocrx_word' id='word_1_427' title='bbox 80 3477 119 3528; x_wconf 83' lang='lat' dir='ltr'><strong>sit</strong></span> <span class='ocrx_word' id='word_1_428' title='bbox 136 3476 211 3529; x_wconf 88' lang='lat' dir='ltr'><strong>illud</strong></span> <span class='ocrx_word' id='word_1_429' title='bbox 228 3476 350 3544; x_wconf 83' lang='lat' dir='ltr'><strong>facinus,</strong></span> <span class='ocrx_word' id='word_1_430' title='bbox 378 3487 476 3532; x_wconf 83' lang='lat' dir='ltr'><strong>noster</strong></span> <span class='ocrx_word' id='word_1_431' title='bbox 492 3477 570 3531; x_wconf 90' lang='lat' dir='ltr'><strong>haud</strong></span> <span class='ocrx_word' id='word_1_432' title='bbox 588 3478 628 3529; x_wconf 87' lang='lat' dir='ltr'><strong>ita</strong></span> <span class='ocrx_word' id='word_1_433' title='bbox 645 3478 705 3530; x_wconf 89' lang='lat' dir='ltr'><strong>fuit</strong></span> <span class='ocrx_word' id='word_1_434' title='bbox 726 3425 770 3531; x_wconf 54' lang='lat' dir='ltr'><strong>ede</strong></span> <span class='ocrx_word' id='word_1_435' title='bbox 793 3496 851 3542; x_wconf 88' lang='lat' dir='ltr'><strong>ans,</strong></span> <span class='ocrx_word' id='word_1_436' title='bbox 877 3479 948 3547; x_wconf 88' lang='lat' dir='ltr'><strong>quin</strong></span> <span class='ocrx_word' id='word_1_437' title='bbox 959 3474 1007 3529; x_wconf 83' lang='lat' dir='ltr'><strong>&#39;sic</strong></span> <span class='ocrx_word' id='word_1_438' title='bbox 1025 3477 1172 3559; x_wconf 76' lang='lat' dir='ltr'><strong>analogiae</strong></span> <span class='ocrx_word' id='word_1_439' title='bbox 1189 3495 1235 3530; x_wconf 89' lang='lat' dir='ltr'><strong>re-</strong></span> 
     </span>
     <span class='ocr_line' id='line_1_44' title="bbox 79 3495 1235 3621; baseline -0.001 -20"><span class='ocrx_word' id='word_1_440' title='bbox 79 3547 160 3621; x_wconf 80' lang='lat' dir='ltr'><strong>gulas</strong></span> <span class='ocrx_word' id='word_1_441' title='bbox 179 3563 261 3618; x_wconf 86' lang='lat' dir='ltr'><strong>saepe</strong></span> <span class='ocrx_word' id='word_1_442' title='bbox 279 3565 400 3602; x_wconf 88' lang='lat' dir='ltr'><strong>numero</strong></span> <span class='ocrx_word' id='word_1_443' title='bbox 419 3550 642 3603; x_wconf 84' lang='lat' dir='ltr'><strong>conculcaverit.</strong></span> <span class='ocrx_word' id='word_1_444' title='bbox 671 3548 762 3619; x_wconf 86' lang='lat' dir='ltr'><strong>Supra</strong></span> <span class='ocrx_word' id='word_1_445' title='bbox 773 3495 815 3602; x_wconf 64' lang='lat' dir='ltr'><strong>dl.</strong></span> <span class='ocrx_word' id='word_1_446' title='bbox 835 3552 882 3605; x_wconf 76' lang='lat'><strong>22:</strong></span> <span class='ocrx_word' id='word_1_447' title='bbox 902 3555 934 3613; x_wconf 75' lang='lat' dir='ltr'><strong>at</strong></span> <span class='ocrx_word' id='word_1_448' title='bbox 953 3548 1235 3602; x_wconf 78' lang='lat' dir='ltr'><strong>onera-armillime</strong></span> 
     </span>
     <span class='ocr_line' id='line_1_45' title="bbox 79 3616 1236 3688; baseline 0.001 -18"><span class='ocrx_word' id='word_1_449' title='bbox 79 3616 230 3672; x_wconf 79' lang='lat' dir='ltr'><strong>animas.</strong></span> <span class='ocrx_word' id='word_1_450' title='bbox 264 3618 342 3671; x_wconf 85' lang='lat' dir='ltr'><strong>infra</strong></span> <span class='ocrx_word' id='word_1_451' title='bbox 360 3621 407 3672; x_wconf 90' lang='lat' dir='ltr'><strong>IV.</strong></span> <span class='ocrx_word' id='word_1_452' title='bbox 436 3624 478 3676; x_wconf 80' lang='grc'><strong>10.</strong></span> <span class='ocrx_word' id='word_1_453' title='bbox 513 3619 620 3672; x_wconf 74' lang='lat' dir='ltr'><strong>morbis</strong></span> <span class='ocrx_word' id='word_1_454' title='bbox 643 3625 834 3687; x_wconf 84' lang='lat' dir='ltr'><strong>carpor&#39;am</strong></span> <span class='ocrx_word' id='word_1_455' title='bbox 857 3624 1043 3688; x_wconf 81' lang='lat' dir='ltr'><strong>&#39;eomparatur</strong></span> <span class='ocrx_word' id='word_1_456' title='bbox 1075 3619 1236 3671; x_wconf 82' lang='lat' dir='ltr'><strong>morborum</strong></span> 
     </span>
     <span class='ocr_line' id='line_1_46' title="bbox 78 3687 1236 3759; baseline 0.001 -17"><span class='ocrx_word' id='word_1_457' title='bbox 78 3688 198 3759; x_wconf 24' lang='lat' dir='ltr'><strong>animi,</strong></span> <span class='ocrx_word' id='word_1_458' title='bbox 209 3687 376 3742; x_wconf 77' lang='lat' dir='ltr'><strong>aiaalitado.</strong></span> <span class='ocrx_word' id='word_1_459' title='bbox 397 3692 429 3742; x_wconf 87' lang='lat' dir='ltr'><strong>V.</strong></span> <span class='ocrx_word' id='word_1_460' title='bbox 447 3694 497 3745; x_wconf 63' lang='grc' dir='ltr'><strong>θῦε</strong></span> <span class='ocrx_word' id='word_1_461' title='bbox 518 3697 608 3744; x_wconf 79' lang='lat' dir='ltr'><strong>matus</strong></span> <span class='ocrx_word' id='word_1_462' title='bbox 627 3689 739 3744; x_wconf 82' lang='lat' dir='ltr'><strong>animi</strong></span> <span class='ocrx_word' id='word_1_463' title='bbox 757 3690 899 3743; x_wconf 75' lang='lat' dir='ltr'><strong>leniuntur</strong></span> <span class='ocrx_word' id='word_1_464' title='bbox 917 3687 1056 3742; x_wconf 80' lang='lat' dir='ltr'><strong>trad-arlia</strong></span> <span class='ocrx_word' id='word_1_465' title='bbox 1073 3689 1178 3742; x_wconf 82' lang='lat' dir='ltr'><strong>animia</strong></span> <span class='ocrx_word' id='word_1_466' title='bbox 1197 3690 1236 3743; x_wconf 79' lang='lat' dir='ltr'><strong>ad</strong></span> 
     </span>
     <span class='ocr_line' id='line_1_47' title="bbox 78 3759 1235 3830; baseline 0.001 -17"><span class='ocrx_word' id='word_1_467' title='bbox 78 3760 256 3828; x_wconf 79' lang='lat' dir='ltr'><strong>uoluptatem.</strong></span> <span class='ocrx_word' id='word_1_468' title='bbox 295 3759 360 3814; x_wconf 87' lang='lat' dir='ltr'><strong>Sen.</strong></span> <span class='ocrx_word' id='word_1_469' title='bbox 385 3761 420 3815; x_wconf 86' lang='lat' dir='ltr'><strong>de</strong></span> <span class='ocrx_word' id='word_1_470' title='bbox 448 3763 495 3815; x_wconf 83' lang='lat' dir='ltr'><strong>ira</strong></span> <span class='ocrx_word' id='word_1_471' title='bbox 513 3763 550 3814; x_wconf 91' lang='lat'><strong>11.</strong></span> <span class='ocrx_word' id='word_1_472' title='bbox 572 3765 613 3816; x_wconf 85' lang='lat'><strong>16.</strong></span> <span class='ocrx_word' id='word_1_473' title='bbox 634 3768 723 3827; x_wconf 85' lang='lat' dir='ltr'><strong>errat,</strong></span> <span class='ocrx_word' id='word_1_474' title='bbox 755 3761 804 3830; x_wconf 85' lang='lat' dir='ltr'><strong>qui</strong></span> <span class='ocrx_word' id='word_1_475' title='bbox 823 3760 998 3813; x_wconf 75' lang='lat' dir='ltr'><strong>animalia</strong></span> <span class='ocrx_word' id='word_1_476' title='bbox 1025 3759 1057 3813; x_wconf 83' lang='lat' dir='ltr'><strong>ia</strong></span> <span class='ocrx_word' id='word_1_477' title='bbox 1082 3761 1235 3830; x_wconf 77' lang='lat' dir='ltr'><strong>exemplam</strong></span> 
     </span>
     <span class='ocr_line' id='line_1_48' title="bbox 80 3828 1289 3902; baseline 0.002 -20"><span class='ocrx_word' id='word_1_478' title='bbox 80 3828 399 3886; x_wconf 53' lang='lat' dir='ltr'><strong>reminisceremur</strong></span> <span class='ocrx_word' id='word_1_479' title='bbox 434 3832 479 3886; x_wconf 88' lang='lat' dir='ltr'><strong>Ad</strong></span> <span class='ocrx_word' id='word_1_480' title='bbox 497 3837 569 3902; x_wconf 79' lang='lat' dir='ltr'><strong>q&#39;u‘a&#39;e</strong></span> <span class='ocrx_word' id='word_1_481' title='bbox 588 3833 731 3886; x_wconf 85' lang='lat' dir='ltr'><strong>Handius:</strong></span> <span class='ocrx_word' id='word_1_482' title='bbox 760 3833 858 3897; x_wconf 82' lang='lat' dir='ltr'><strong>„llaec</strong></span> <span class='ocrx_word' id='word_1_483' title='bbox 886 3831 1056 3902; x_wconf 86' lang='lat' dir='ltr'><strong>compositio</strong></span> <span class='ocrx_word' id='word_1_484' title='bbox 1083 3831 1235 3901; x_wconf 76' lang='lat' dir='ltr'><strong>nominum</strong></span> <span class='ocrx_word' id='word_1_485' title='bbox 1285 3885 1289 3896; x_wconf 71' lang='grc'><strong>,</strong></span> 
     </span>
     <span class='ocr_line' id='line_1_49' title="bbox 80 3900 1236 3972; baseline 0.001 -18"><span class='ocrx_word' id='word_1_486' title='bbox 80 3900 296 3968; x_wconf 87' lang='lat' dir='ltr'><strong>abstractorum,</strong></span> <span class='ocrx_word' id='word_1_487' title='bbox 317 3920 388 3972; x_wconf 87' lang='lat' dir='ltr'><strong>quae</strong></span> <span class='ocrx_word' id='word_1_488' title='bbox 406 3911 520 3968; x_wconf 83' lang='lat' dir='ltr'><strong>vocant,</strong></span> <span class='ocrx_word' id='word_1_489' title='bbox 548 3912 615 3956; x_wconf 80' lang='lat' dir='ltr'><strong>culn</strong></span> <span class='ocrx_word' id='word_1_490' title='bbox 632 3904 717 3956; x_wconf 89' lang='lat' dir='ltr'><strong>rebus</strong></span> <span class='ocrx_word' id='word_1_491' title='bbox 734 3902 842 3972; x_wconf 85' lang='lat' dir='ltr'><strong>plurali</strong></span> <span class='ocrx_word' id='word_1_492' title='bbox 866 3918 987 3969; x_wconf 85' lang='lat' dir='ltr'><strong>numero</strong></span> <span class='ocrx_word' id='word_1_493' title='bbox 1012 3903 1152 3972; x_wconf 83' lang='lat' dir='ltr'><strong>expressis</strong></span> <span class='ocrx_word' id='word_1_494' title='bbox 1175 3905 1236 3956; x_wconf 80' lang='lat' dir='ltr'><strong>fre-</strong></span> 
     </span>
     <span class='ocr_line' id='line_1_50' title="bbox 79 3968 1303 4042; baseline 0.002 -18"><span class='ocrx_word' id='word_1_495' title='bbox 79 3988 169 4042; x_wconf 84' lang='lat' dir='ltr'><strong>quens</strong></span> <span class='ocrx_word' id='word_1_496' title='bbox 194 3981 237 4025; x_wconf 83' lang='lat' dir='ltr'><strong>&#39;est</strong></span> <span class='ocrx_word' id='word_1_497' title='bbox 265 3973 411 4040; x_wconf 84' lang='lat' dir='ltr'><strong>etiamin</strong></span> <span class='ocrx_word' id='word_1_498' title='bbox 426 3975 539 4029; x_wconf 77' lang='lat' dir='ltr'><strong>Graeca</strong></span> <span class='ocrx_word' id='word_1_499' title='bbox 564 3975 609 4025; x_wconf 89' lang='lat' dir='ltr'><strong>lin</strong></span> <span class='ocrx_word' id='word_1_500' title='bbox 631 3992 674 4026; x_wconf 89' lang='lat' dir='ltr'><strong>ua.</strong></span> <span class='ocrx_word' id='word_1_501' title='bbox 712 3974 752 4025; x_wconf 82' lang='lat' dir='ltr'><strong>Et</strong></span> <span class='ocrx_word' id='word_1_502' title='bbox 779 3980 846 4025; x_wconf 91' lang='lat' dir='ltr'><strong>sunt</strong></span> <span class='ocrx_word' id='word_1_503' title='bbox 874 3972 1012 4042; x_wconf 85' lang='lat' dir='ltr'><strong>quaedam</strong></span> <span class='ocrx_word' id='word_1_504' title='bbox 1030 3973 1147 4026; x_wconf 78' lang='lat' dir='ltr'><strong>nomina</strong></span> <span class='ocrx_word' id='word_1_505' title='bbox 1163 3973 1235 4026; x_wconf 89' lang='lat' dir='ltr'><strong>huic</strong></span> <span class='ocrx_word' id='word_1_506' title='bbox 1299 3968 1303 3975; x_wconf 76' lang='grc'><strong>’</strong></span> 
     </span>
     <span class='ocr_line' id='line_1_51' title="bbox 78 3992 1235 4116; baseline 0.002 -21"><span class='ocrx_word' id='word_1_507' title='bbox 78 4044 145 4095; x_wconf 73' lang='lat' dir='ltr'><strong>usui</strong></span> <span class='ocrx_word' id='word_1_508' title='bbox 164 4043 473 4113; x_wconf 71' lang='lat' dir='ltr'><strong>accommodatissima,</strong></span> <span class='ocrx_word' id='word_1_509' title='bbox 490 4035 584 4111; x_wconf 80' lang='lat' dir='ltr'><strong>&#39;veluti</strong></span> <span class='ocrx_word' id='word_1_510' title='bbox 609 3992 662 4111; x_wconf 65' lang='lat' dir='ltr'><strong>dle</strong></span> <span class='ocrx_word' id='word_1_511' title='bbox 680 4062 696 4096; x_wconf 90' lang='lat' dir='ltr'><strong>a</strong></span> <span class='ocrx_word' id='word_1_512' title='bbox 712 4042 895 4112; x_wconf 84' lang='lat' dir='ltr'><strong>Wopkensio</strong></span> <span class='ocrx_word' id='word_1_513' title='bbox 914 4050 1144 4116; x_wconf 77' lang='lat' dir='ltr'><strong>cotnm&#39;ernorata‚</strong></span> <span class='ocrx_word' id='word_1_514' title='bbox 1172 4060 1235 4097; x_wconf 85' lang='lat' dir='ltr'><strong>cor-</strong></span> 
     </span>
     <span class='ocr_line' id='line_1_52' title="bbox 77 4111 1235 4185; baseline 0.002 -19"><span class='ocrx_word' id='word_1_515' title='bbox 77 4125 140 4181; x_wconf 79' lang='lat' dir='ltr'><strong>pur,</strong></span> <span class='ocrx_word' id='word_1_516' title='bbox 158 4121 252 4182; x_wconf 73' lang='grc' dir='ltr'><strong><em>σῶμα,</em></strong></span> <span class='ocrx_word' id='word_1_517' title='bbox 270 4114 305 4166; x_wconf 85' lang='lat' dir='ltr'><strong>da</strong></span> <span class='ocrx_word' id='word_1_518' title='bbox 321 4113 520 4182; x_wconf 76' lang='lat' dir='ltr'><strong>quoElmslei.</strong></span> <span class='ocrx_word' id='word_1_519' title='bbox 541 4114 575 4166; x_wconf 85' lang='lat' dir='ltr'><strong>ad</strong></span> <span class='ocrx_word' id='word_1_520' title='bbox 583 4115 685 4185; x_wconf 73' lang='lat' dir='ltr'><strong>Etipip.</strong></span> <span class='ocrx_word' id='word_1_521' title='bbox 698 4114 771 4167; x_wconf 83' lang='lat' dir='ltr'><strong>Med.</strong></span> <span class='ocrx_word' id='word_1_522' title='bbox 784 4118 860 4169; x_wconf 79' lang='lat'><strong>1⁰77.</strong></span> <span class='ocrx_word' id='word_1_523' title='bbox 880 4113 999 4178; x_wconf 82' lang='lat' dir='ltr'><strong>animus,</strong></span> <span class='ocrx_word' id='word_1_524' title='bbox 1019 4111 1102 4184; x_wconf 70' lang='grc' dir='ltr'><em>ψυχὴ,</em></span> <span class='ocrx_word' id='word_1_525' title='bbox 1120 4112 1235 4168; x_wconf 82' lang='lat' dir='ltr'><strong>doma.“</strong></span> 
     </span>
     <span class='ocr_line' id='line_1_53' title="bbox 80 4183 1235 4254; baseline 0.001 -17"><span class='ocrx_word' id='word_1_526' title='bbox 80 4184 320 4237; x_wconf 81' lang='lat' dir='ltr'><strong>Probavitetiam</strong></span> <span class='ocrx_word' id='word_1_527' title='bbox 338 4183 428 4236; x_wconf 81' lang='lat' dir='ltr'><strong>Bouh.</strong></span> <span class='ocrx_word' id='word_1_528' title='bbox 448 4185 625 4254; x_wconf 83' lang='lat' dir='ltr'><strong>Wopkeusii</strong></span> <span class='ocrx_word' id='word_1_529' title='bbox 651 4186 801 4237; x_wconf 70' lang='lat' dir='ltr'><strong>rationem.</strong></span> <span class='ocrx_word' id='word_1_530' title='bbox 822 4216 854 4226; x_wconf 96' lang='lat'>-</span> <span class='ocrx_word' id='word_1_531' title='bbox 891 4187 946 4238; x_wconf 90' lang='lat' dir='ltr'><strong>Pro</strong></span> <span class='ocrx_word' id='word_1_532' title='bbox 973 4183 1061 4239; x_wconf 83' lang='lat' dir='ltr'><strong>animi</strong></span> <span class='ocrx_word' id='word_1_533' title='bbox 1079 4193 1130 4252; x_wconf 81' lang='lat' dir='ltr'><strong>est,</strong></span> <span class='ocrx_word' id='word_1_534' title='bbox 1159 4185 1235 4254; x_wconf 90' lang='lat' dir='ltr'><strong>quod</strong></span> 
     </span>
     <span class='ocr_line' id='line_1_54' title="bbox 80 4253 1235 4330; baseline -0.002 -22"><span class='ocrx_word' id='word_1_535' title='bbox 80 4254 189 4309; x_wconf 86' lang='lat' dir='ltr'><strong>habent</strong></span> <span class='ocrx_word' id='word_1_536' title='bbox 207 4255 293 4309; x_wconf 71' lang='lat' dir='ltr'><strong>codd.</strong></span> <span class='ocrx_word' id='word_1_537' title='bbox 312 4257 382 4330; x_wconf 52' lang='lat' dir='ltr'><strong>Regu</strong></span> <span class='ocrx_word' id='word_1_538' title='bbox 403 4253 477 4308; x_wconf 69' lang='lat' dir='ltr'><strong>Gud.</strong></span> <span class='ocrx_word' id='word_1_539' title='bbox 500 4259 523 4310; x_wconf 92' lang='lat'><strong>1.</strong></span> <span class='ocrx_word' id='word_1_540' title='bbox 544 4255 614 4308; x_wconf 79' lang='lat' dir='ltr'><strong>Edd.</strong></span> <span class='ocrx_word' id='word_1_541' title='bbox 633 4255 703 4308; x_wconf 82' lang='lat' dir='ltr'><strong>Da&#39;v.</strong></span> <span class='ocrx_word' id='word_1_542' title='bbox 724 4254 812 4308; x_wconf 78' lang='lat' dir='ltr'><strong>Orell.</strong></span> <span class='ocrx_word' id='word_1_543' title='bbox 842 4255 874 4305; x_wconf 93' lang='lat' dir='ltr'><strong>in</strong></span> <span class='ocrx_word' id='word_1_544' title='bbox 892 4255 1014 4324; x_wconf 86' lang='lat' dir='ltr'><strong>reliquis</strong></span> <span class='ocrx_word' id='word_1_545' title='bbox 1032 4257 1116 4310; x_wconf 85' lang='lat' dir='ltr'><strong>libris</strong></span> <span class='ocrx_word' id='word_1_546' title='bbox 1134 4256 1235 4308; x_wconf 88' lang='lat' dir='ltr'><strong>scribi-</strong></span> 
     </span>
     <span class='ocr_line' id='line_1_55' title="bbox 80 4324 1232 4395; baseline -0.003 -16"><span class='ocrx_word' id='word_1_547' title='bbox 80 4334 130 4379; x_wconf 82' lang='lat' dir='ltr'><strong>tur</strong></span> <span class='ocrx_word' id='word_1_548' title='bbox 154 4331 197 4380; x_wconf 81' lang='lat' dir='ltr'><strong>eat</strong></span> <span class='ocrx_word' id='word_1_549' title='bbox 217 4326 318 4393; x_wconf 79' lang='lat' dir='ltr'><strong>·oaimi‚</strong></span> <span class='ocrx_word' id='word_1_550' title='bbox 345 4328 377 4380; x_wconf 82' lang='lat' dir='ltr'><strong>in</strong></span> <span class='ocrx_word' id='word_1_551' title='bbox 401 4325 475 4380; x_wconf 83' lang='lat' dir='ltr'><strong>Gud.</strong></span> <span class='ocrx_word' id='word_1_552' title='bbox 505 4324 579 4377; x_wconf 77' lang='lat' dir='ltr'><strong>blan.</strong></span> <span class='ocrx_word' id='word_1_553' title='bbox 602 4327 672 4381; x_wconf 72' lang='grc'><strong>12.</strong></span> <span class='ocrx_word' id='word_1_554' title='bbox 704 4324 796 4380; x_wconf 83' lang='lat' dir='ltr'><strong>animi</strong></span> <span class='ocrx_word' id='word_1_555' title='bbox 819 4326 969 4395; x_wconf 73' lang='lat' dir='ltr'><strong>aegritudo</strong></span> <span class='ocrx_word' id='word_1_556' title='bbox 993 4333 1041 4379; x_wconf 78' lang='lat' dir='ltr'><strong>eei.</strong></span> <span class='ocrx_word' id='word_1_557' title='bbox 1079 4328 1159 4380; x_wconf 87' lang='lat' dir='ltr'><strong>Unus</strong></span> <span class='ocrx_word' id='word_1_558' title='bbox 1184 4324 1232 4377; x_wconf 88' lang='lat' dir='ltr'><strong>Ox.</strong></span> 
     </span>
     <span class='ocr_line' id='line_1_56' title="bbox 80 4396 844 4451; baseline 0 -1"><span class='ocrx_word' id='word_1_559' title='bbox 80 4396 193 4450; x_wconf 88' lang='lat' dir='ltr'><strong>omittit</strong></span> <span class='ocrx_word' id='word_1_560' title='bbox 212 4405 263 4451; x_wconf 72' lang='lat' dir='ltr'><strong>eat.</strong></span> <span class='ocrx_word' id='word_1_561' title='bbox 500 4410 503 4415; x_wconf 89' lang='grc'><strong><em>·</em></strong></span> <span class='ocrx_word' id='word_1_562' title='bbox 842 4427 844 4430; x_wconf 58' lang='lat'>&lt;</span> 
     </span>
    </p>
   </div>
   <div class='ocr_carea' id='block_1_3' title="bbox 0 0 1426 5070">
    <p class='ocr_par' dir='ltr' id='par_1_3' title="bbox 0 0 1426 5070">
     <span class='ocr_line' id='line_1_57' title="bbox 0 0 1426 5070; baseline 0 2"><span class='ocrx_word' id='word_1_563' title='bbox 0 0 1426 5070; x_wconf 95' lang='lat' dir='ltr'><strong> </strong></span> 
     </span>
    </p>
   </div>
  </div>
 </body>
</html>
