2842 5070
509 244 641 307 LIBER
663 241 725 323 111,
746 246 777 308 2.
1001 319 1005 322 ,
1193 247 1234 311 15

79 425 246 500 tamquam
273 416 401 497 imagot
430 412 619 494 quosquis
647 416 739 473 recte
767 411 934 472 factorum
959 412 1156 494 plerumque
1177 430 1234 477 co·

80 617 150 667 esse,
173 602 236 654 sine
261 597 325 652 ulla
347 596 505 660 additione,
540 603 672 665 tauquam
694 597 800 664 imago.
836 597 912 650 Nam
936 596 1176 666 quemadmodum
1201 601 1234 653 in

79 672 99 724 l
122 677 147 728 l·
165 678 283 742 poterat
301 678 331 722 et
347 669 499 723 videbatur
515 667 615 722 dicere
633 668 738 722 debere
755 668 886 721 uirtutem
899 670 1000 736 gloria
1017 668 1154 738 sequitur,
1172 676 1236 725 taso·

79 758 162 810 quom
180 742 278 797 aasbra
296 756 409 808 corpus:
428 739 504 809 quod
523 747 621 794 tamen
638 754 697 793 nou
715 740 803 793 fecit:
823 740 866 793 sic
883 738 913 791 b.
927 738 947 791 l.
968 739 1045 793 dixit
1057 739 1235 810 simpliciter

79 814 177 880 gloria
195 810 294 866 uirtuti
309 816 431 877 resonat,
451 817 584 879 tanquam
599 812 706 878 imago,
726 826 792 863 cum
810 808 945 865 videatur
963 811 1063 864 dicere
1086 808 1233 867 debuisse:

81 890 214 952 tanquam
232 880 337 949 imago,
355 880 388 934 id
406 887 448 934 est
466 879 537 951 ἠχὼ,
555 879 624 934 voci.
662 880 746 934 Unde
765 881 860 958 igitur
876 889 944 935 nata
971 889 1014 937 est
1037 896 1095 935 vox
1121 882 1235 949 gloriae

80 961 148 1023 post
171 969 274 1006 nomen
298 953 402 1021 imago,
428 958 548 1022 quaeret
575 952 691 1022 aliquis.
728 952 776 1004 Ex
802 968 853 1004 ora
870 951 950 1018 libri,
983 969 1034 1007 seu
1059 969 1094 1005 ex
1112 959 1183 1007 nota
1200 954 1235 1006 ed

13 1065 16 1069 ,
81 1039 162 1077 oram
182 1023 252 1075 libri
275 1022 423 1093 adscripta
446 1021 480 1075 ab
507 1022 627 1076 bomine
648 1039 752 1092 parum
771 1030 871 1076 acuto:
895 1022 929 1075 ab
947 1023 1006 1076 alio
1024 1031 1121 1077 autem
1145 1024 1236 1101 longe

80 1095 176 1151 minus
203 1102 288 1147 acuto
313 1095 345 1147 in
373 1100 540 1147 contextum
567 1093 736 1146 translata.“
763 1092 923 1147 Lambinus.
960 1093 1016 1148 Est
1039 1103 1134 1150 autem
1158 1095 1235 1165 apud

79 1164 249 1234 Turnebum
267 1164 359 1217 Adur.
380 1160 417 1220 ll.
437 1165 470 1220 os
495 1162 589 1231 „Non
610 1170 654 1217 est
670 1164 783 1234 publici
801 1172 904 1242 gustus
927 1181 981 1219 nec
1006 1164 1098 1236 palati
1116 1168 1236 1235 sentire,

80 1235 211 1307 quae'sit
228 1234 315 1288 huius
335 1233 394 1287 loci
413 1236 536 1288 suavitas
557 1241 586 1288 et
604 1252 690 1304 quam
708 1235 802 1289 dulcis
821 1251 906 1320 sapor
924 1235 959 1289 de
998 1234 1088 1290 loria:
1117 1252 1151 1290 ea
1175 1239 1240 1309 vir--

81 1306 185 1360 luti-
205 1305 300 1374 imago
327 1304 480 1374 gloriae.
527 1305 629 1376 Itaque
648 1304 754 1359 ultimo
785 1322 903 1360 nomme
924 1255 1021 1373 multi,
1046 1310 1080 1377 ut
1102 1308 1185 1362 acido
1205 1314 1237 1364 et
1251 1335 1263 1353 ·

80 1377 185 1443 inviso,
206 1376 318 1442 offensi,
337 1376 399 1429 naci
416 1376 611 1447 scripserunt:
632 1377 682 1446 qui
700 1376 775 1430 mibi
794 1376 933 1432 videntur
951 1377 1075 1431 nimium
1087 1378 1159 1433 iuris
1178 1378 1237 1435 sibi

81 1466 204 1514 sumere,
225 1448 249 1500 si
269 1448 314 1499 ius
333 1443 393 1500 dici
411 1446 493 1501 debet
510 1446 641 1500 licentia.
678 1448 742 1523 Ego
760 1449 872 1514 gloriae
890 1464 997 1503 nomeu
1021 1450 1053 1500 in
1072 1465 1123 1503 suo
1141 1450 1235 1503 domi·

46 1565 49 1569 ,
81 1518 151 1573 cilio
172 1521 287 1588 suisque
305 1519 458 1588 penatibus
476 1516 662 1572 retinendum
678 1536 738 1572 esse
757 1519 903 1586 existimo,
923 1530 951 1574 et
968 1519 1067 1575 locum
1082 1521 1124 1574 sic
1142 1521 1235 1574 inter·

80 1597 191 1676 pretor,
211 1587 336 1665 gloriam
356 1589 464 1642 virtuti
492 1590 535 1642 sic
555 1589 649 1643 solere
672 1602 817 1654 resonare,
845 1598 879 1643 ut
904 1591 1001 1664 imago
1025 1591 1099 1645 solet
1121 1590 1238 1668 glorius¹
1266 1648 1270 1655 ,

82 1681 103 1713 ι.
124 1680 148 1714 e.
168 1669 201 1712 ut
219 1661 337 1730 plausui
355 1667 385 1714 et
403 1660 668 1745 significationibus
689 1669 719 1714 et
737 1661 991 1736 gratulationibus,
1019 1660 1124 1734 quibus
1141 1678 1235 1734 popu·

81 1730 127 1784 lus
153 1747 225 1783 vnce
249 1729 325 1782 laeta
344 1736 373 1784 et
399 1729 570 1784 mirabundo
594 1738 623 1783 et
648 1729 739 1786 hilari
759 1730 888 1802 aliquem
917 1731 1053 1799 celebrat,
1080 1731 1237 1804 respondet

81 1800 175 1864 Echo,
195 1814 267 1870 quae
284 1798 375 1853 latine
394 1799 503 1854 dicitur
520 1801 625 1876 imago.
662 1799 755 1854 Huius
774 1802 885 1878 gloriae
902 1801 958 1857 boc
977 1804 1142 1875 exemplum
1160 1804 1236 1876 apud

81 1871 220 1926 Flaccum
239 1878 331 1925 exstat
350 1869 409 1936 (Od.
428 1873 451 1928 1.
471 1871 531 1939 20.)
550 1870 631 1925 dotus
648 1871 678 1925 ἐκ
696 1868 802 1927 tleatro
822 1888 882 1926 cum
900 1872 954 1926 tibi
967 1877 1085 1943 plausae
1103 1902 1137 1913 -
1154 1883 1185 1928 at
1201 1906 1235 1919 -

82 1942 178 1996 iocoso
196 1940 326 1996 redderet
345 1943 442 1996 laudes
460 1942 512 1996 tibi
533 1942 668 1996 Vaticani
684 1942 787 1997 rnonta‘s
805 1943 934 2011 imago.“
970 1945 1030 2000 Mr.

152 2041 284 2101 tanquam
300 2031 578 2100 imagolgtors‘ae}
614 2035 673 2101 „ln
693 2031 863 2103 quibusdam
882 2031 969 2087 Godd
997 2033 1108 2111 legitur
1134 2030 1237 2088 ‹lunta-

81 2109 141 2169 xet,
166 2110 299 2173 tauquam
316 2103 432 2173 imago;
457 2121 491 2157 ac
519 2104 560 2159 sic
583 2103 634 2157 bic
660 2104 742 2159 locus
760 2105 869 2159 citatur
886 2123 903 2159 a
920 2103 1033 2159 Budaso
1052 2106 1085 2158 in
1102 2105 1241 2159 Paridem(

80 2172 135 2229 Est
153 2183 249 2228 autem
267 2174 430 2231 similitudo
458 2175 543 2229 ducta
568 2177 602 2230 ab
621 2192 654 2230 eo
679 2191 758 2241 sono,
792 2177 843 2245 qui
866 2176 935 2229 voci
959 2174 1123 2247 respondet,
1191 2193 1238 2230 em

81 2243 157 2300 Echo
183 2247 298 2312 Graeci,
331 2246 491 2314 imaginem
508 2247 606 2299 Latini
631 2245 768 2301 vocant.“
787 2248 936 2302 Commeat.
962 2246 1054 2302 Aaron.
1080 2261 1125 2316 ap.
1191 2244 1236 2300 od.

81 2317 134 2384 „E
155 2317 253 2370 uidem
279 2318 310 2370 sb
334 2318 446 2385 gloriae
471 2317 560 2384 fodio,
588 2325 638 2372 aut
656 2317 718 2372 voci
742 2318 845 2372 subiici
869 2316 980 2385 malim,
1030 2319 1152 2373 uomodo
1176 2316 1237 2387 ἠχώ

82 2334 213 2441 reddidit
239 2387 270 2453 Q.
289 2386 412 2442 Flaccus
437 2389 469 2442 in
496 2386 596 2442 Odis.“
621 2387 656 2441 Α.
676 2385 812 2443 Solottur.
838 2389 912 2444 Nod.
934 2388 994 2444 cie.
1008 2337 1037 2443 l.
1050 2391 1100 2447 ll.
1124 2407 1153 2460 p·
1173 2392 1235 2446 m

84 2456 141 2513 Sed
158 2458 236 2528 idem
254 2457 307 2512 111.
327 2461 371 2517 22.
391 2477 419 2531 p.
440 2463 502 2516 ³³9.
530 2457 694 2526 Turnebus,
712 2461 764 2525 ait,
783 2460 927 2514 librorum
945 2460 1104 2514 lectionem
1121 2468 1238 2515 tueturs

82 2526 239 2583 Lambinus
257 2529 292 2584 de
310 2546 361 2585 suo
380 2539 473 2585 mutat
491 2537 622 2600 tanquam
641 2530 736 2598 imago
754 2530 824 2598 soci,
843 2537 877 2584 ut
888 2536 988 2583 tamen
997 2530 1118 2596 dubitet,
1136 2538 1238 2585 utrum

85 2608 231 2670 sequatur.
269 2601 355 2656 Certe
382 2603 414 2654 in
442 2610 499 2655 vet.
527 2600 598 2655 (lod.
625 2609 668 2655 est
698 2603 804 2671 gloau‘a.
839 2599 1003 2665 ‚Tentabam
1028 2602 1122 2724 iyltur
1147 2618 1239 2674 parva

84 2673 328 2727 commutationes
362 2674 408 2726 Ea
434 2673 535 2727 virtuti
560 2679 682 2739 resonat,
716 2680 847 2743 tanquam
872 2671 980 2741 imago,
1014 2671 1154 2742 gorio.
1198 2670 1240 2724 Ut

83 2736 237 2813 ἓμφατικῶς
260 2751 373 2815 repetat
396 2740 627 2815 provocabulum
652 2760 696 2809 ea,
719 2744 769 2798 vel
786 2761 830 2797 ex
855 2759 907 2797 ora
931 2744 1084 2814 irrepserit
1107 2741 1239 2810 gloria.“

83 2815 197 2879 „Varie
215 2815 339 2889 agitatus
358 2816 448 2869 locus.
485 2815 613 2869 Praetuli
632 2815 829 2868 coniecturam
846 2813 981 2869 Lambini
1005 2813 1181 2883 excutientis
1199 2812 1240 2869 ll·

83 2883 137 2939 lud
153 2887 277 2952 gloriae,
295 2885 373 2954 quod
393 2887 480 2946 etiam
498 2887 637 2941 omissum
656 2893 699 2940 est
717 2885 749 2938 iu
767 2885 824 2939 Pal.
847 2891 870 2941 l.
890 2891 916 2943 3.
935 2887 999 2938 Vat.
1017 2883 1076 2939 buc
1118 2903 1133 2939 e
1151 2882 1239 2939 incli-

85 2963 136 3009 nat
154 2956 243 3008 etiam
261 2956 294 3008 Α.
312 2954 480 3011 schottus.“
499 2950 653 3010 Gebhard..
672 2957 735 3022 „ln
759 2957 823 3012 Vel.
848 2952 986 3011 omissam
1005 2953 1074 3027 ¹equi
1095 2973 1142 3010 em
1163 2972 1238 3026 nour
1344 2960 1347 2965 ’

86 3023 146 3076 nisi
171 3041 208 3077 ex
231 3024 386 3094 Gebhardo
411 3018 506 3094 audio.
542 3025 598 3080 Sed
620 3045 658 3080 an
681 3028 715 3078 in
738 3035 818 3081 tauta
842 3030 925 3097 copia
947 3035 1082 3081 ueterum
1106 3026 1239 3080 codicum

87 3093 144 3150 soli
168 3094 223 3152 duo
241 3095 297 3162 ‚vel
315 3101 388 3166 tres·
403 3096 563 3164 sufficiunt,
591 3096 627 3158 ad
644 3113 746 3151 uocem
765 3097 976 3163 excutiendam,
1002 3115 1089 3167 quam
1114 3096 1240 3166 plurimi

85 3164 149 3231 alii,
180 3174 209 3219 et
227 3182 317 3234 aeque
340 3165 429 3230 boui,¹
446 3182 500 3236 pro
518 3167 647 3241 genuina
664 3170 837 3236 ostentanti,
867 3167 957 3234 Quam
981 3167 1091 3221 leniter
1115 3174 1144 3219 et
1160 3164 1239 3219 'com-

85 3236 171 3291 mode
189 3245 287 3306 posset
306 3239 470 3307 scripsisse:
488 3236 533 3290 ua
551 3235 650 3291 uirtuti
668 3243 791 3304 resonat,
810 3244 940 3306 tanquam
956 3237 1064 3305 imago.
1093 3234 1135 3290 01
1140 3237 1197 3290 ori
1203 3252 1240 3288 a·

86 3323 150 3378 qua
169 3307 236 3377 qaia
252 3315 326 3360 recte
343 3301 483 3374 factorum
501 3317 555 3363 etc.
595 3308 711 3375 Gronov.
801 3314 803 3319 '

156 3398 200 3450 Ea
218 3397 318 3450 virtuti
335 3402 447 3450 resonat
465 3404 594 3464 tanquam
611 3397 723 3466 imam
742 3413 812 3467 quae
830 3395 909 3467 quio]
946 3397 1020 3452 Gum
1037 3397 1068 3451 in
1086 3398 1242 3454 nonnullis

86 3471 182 3522 Msstis
209 3469 327 3543 legatur
352 3467 450 3537 imago
473 3469 605 3537 gloriae3
636 3468 707 3538 qaue
729 3469 813 3539 pata,-
836 3470 899 3524 Jse.
918 3469 1086 3523 Gronovius
1112 3473 1241 3541 reponit,

87 3551 174 3608 enque
188 3539 287 3592 virtuti
303 3545 418 3592 resonat
435 3546 568 3608 tanquam
583 3540 696 3607 imam
723 3540 885 3615 gloriaque,
913 3543 978 3611 quia
996 3550 1077 3596 recte
1094 3545 1240 3597 factorum

87 3620 141 3665 etc.
178 3610 233 3664 Sed
250 3629 364 3682 pannus
382 3610 511 3664 ille'non
528 3627 601 3680 prae
616 3629 647 3665 se
664 3613 725 3664 bert
743 3611 894 3666 Ciceronis
912 3613 1052 3677 colorum,
1079 3628 1243 3684 roceanue

86 3680 195 3748 gloriae
213 3690 294 3736 recte
311 3683 553 3753 praetermittunt
571 3680 668 3735 Ursin.
688 3683 780 3736 Vatic.
798 3683 870 3735 Pell.
890 3700 935 3752 pr.
954 3691 1023 3739 tert.
1041 3683 1142 3752 Imago
1168 3702 1240 3742 vero

87 3753 164 3805 idem
182 3753 261 3807 ualet
278 3770 314 3806 ac
329 3751 421 3807 Echo.
458 3752 540 3807 Phila
619 3753 662 3806 ‘us
689 3754 723 3806 i'n
739 3754 862 3829 Virgilii
884 3753 987 3881 Eclffi.
1014 3755 1063 3820 lV,
1081 3759 1124 3811 50.
1163 3759 1238 3821 Quae

87 3823 193 3878 &nece
209 3823 302 3890 εἰκὼν,
320 3824 423 3878 Latiae
441 3825 482 3878 im
551 3823 672 3878 ¹icitur.
710 3825 814 3880 Cicero
831 3824 914 3881 Tusc.
989 3845 997 3880 ι
1033 3827 1154 3883 Resonet
1178 3836 1239 3885 tan·

87 3910 171 3962 quam
188 3895 295 3963 e‘maga
331 3896 469 3949 Horatius
484 3841 538 3952 lff
558 3895 581 3947 1.
602 3896 652 3953 Od.
674 3898 755 3954 12³
773 3914 814 3967 sq.

253 4015 286 4026 —
307 3983 395 4037 Ouiae
413 3990 524 4037 resonet
542 3983 638 4040 iocoso
741 3998 743 4003 ·

252 4054 360 4108 Nomen
377 4055 481 4130 imago.

86 4142 127 4196 Et
145 4141 195 4197 Od.
214 4145 259 4210 20,
279 4146 295 4197 ⁷
315 4162 357 4214 sq.

252 4209 393 4268 Reddere!
412 4215 509 4268 laudes
527 4215 579 4270 tibi
599 4214 733 4272 Vaticani

104 4340 111 4347 ,
252 4286 362 4341 Montis
380 4286 486 4361 imago.

84 4376 195 4438 &dem
218 4383 262 4434 est
284 4377 365 4434 vocis
388 4383 520 4448 potestas
540 4375 617 4447 apud
633 4376 793 4434 Varronem
810 4376 842 4430 ll.
862 4376 895 4433 R.
922 4377 972 4431 lib.
998 4377 1052 4431 111.
1079 4391 1140 4444 cap.
1164 4372 1239 4431 xv1.
1299 4441 1304 4449 .
