2842 5070
464 308 481 351 ·-
518 331 521 335 ·
572 309 782 393 etenum,
809 310 861 380 22
940 280 942 285 ’
1231 319 1290 386 let

223 475 487 558 Cyrenaicorum
515 483 622 539 restet
644 480 827 540 sententie:
858 479 915 561 qni
942 485 1015 540 tum
1042 481 1287 544 acritudinem
1307 482 1350 546 22

105 626 110 633 ,
139 570 275 623 censent
298 562 454 637 existere,
475 559 504 620 si
524 578 586 620 nec
606 561 742 641 opinato
765 560 845 641 quid
867 563 1031 642 evenerit.¹
1102 573 1133 624 st
1153 563 1189 624 id
1214 568 1289 708 pipin
1307 562 1350 620 52.

139 641 213 705 dem
254 663 306 703 me
331 661 422 719 num,
455 648 495 703 ut
524 661 625 722 supra
654 641 742 709 dixit
770 646 871 705 etiem
900 641 1089 726 Chrysippo
1109 646 1158 708 its
1178 648 1213 706 vi

136 727 220 797 scio,
244 663 332 806 quoq
360 725 534 805 provisum
562 731 640 785 ente
667 743 734 786 non
765 729 819 803 sit,
846 723 881 786 id
909 727 1013 788 ferire
1038 726 1297 802 vehementium.

135 892 168 946 si
177 910 281 962 guum
298 893 330 944 in
348 892 432 946 codd.
451 893 520 967 Reg.
541 891 614 965 Gud.
637 897 661 946 1.
683 893 743 959 (sed
766 893 798 945 in
821 893 882 946 hoc
899 893 987 948 litere
1004 911 1026 962 g
1043 894 1160 966 punctis
1177 895 1299 960 notetu)‘

136 965 212 1017 Gud.
231 965 319 1018 Rehd.
347 963 409 1028 (hic
435 979 519 1032 supra
541 963 594 1015 lin.
614 962 700 1016 habet
716 963 819 1030 uuum)
843 964 950 1017 dnobus
968 965 1041 1022 Oxx,
1058 965 1146 1019 Merb.
1164 968 1239 1019 Mon.
1259 967 1285 1021 2.

135 1036 206 1088 Pell.
232 1044 300 1088 tert.
328 1040 421 1105 quart.
447 1035 522 1086 Pith.
559 1035 594 1086 In
613 1034 686 1086 Gud.
707 1038 733 1091 2.
761 1043 789 1088 et
813 1034 885 1109 Aug.
911 1043 954 1088 est
981 1034 1013 1088 in
1040 1036 1168 1090 sinum
1205 1039 1286 1091 Unus

135 1107 187 1159 Ox.
207 1104 354 1174 insignem.
383 1105 444 1156 *Est
465 1104 575 1157 locutio
597 1105 794 1172 proverbialis,
823 1105 857 1158 de
881 1122 936 1176 qua
958 1106 1024 1159 vide
1047 1108 1163 1162 Erasini
1181 1115 1210 1160 et
1233 1107 1283 1161 all.

134 1176 287 1250 Adagiasp.
307 1178 368 1230 674.
388 1175 441 1227 Ed.
461 1173 599 1230 Wechei.
612 1175 690 1229 ,Astu
709 1177 816 1228 Tibull.
836 1177 884 1228 IV.
907 1179 948 1232 te.
967 1177 1000 1230 8:
1117 1225 1119 1229 .

283 1245 350 1310 ‚Nil
367 1261 435 1314 opus
453 1245 563 1300 invidio
580 1252 639 1310 eet,·
662 1246 762 1314 procul
773 1245 854 1300 ,absit
871 1245 970 1315 gloria
987 1247 1085 1315 vulgis

300 1317 356 1372 Qui
374 1316 458 1384 sepit,
483 1318 619 1370 intersito
642 1317 769 1383 gaudeat
789 1319 838 1371 ille
855 1319 928 1370 sirus.

132 1386 188 1441 Ubi
213 1387 271 1441 vid.
298 1387 425 1441 Broukh.
452 1395 481 1440 et
502 1389 588 1457 Vulp.
624 1389 759 1459 Propert:
788 1389 824 1442 ΙΙ.
848 1390 891 1442 26.
911 1391 964 1444 3οε

300 1458 333 1510 lu
351 1457 439 1510 tacito
457 1455 551 1511 cohibe
568 1459 677 1526 gaudia
699 1459 798 1511 clausa
819 1458 892 1512 sinu.
1342 1509 1344 1516 .

131 1527 197 1589 vid.
215 1529 250 1582 ad
268 1547 334 1582 eum
360 1529 458 1581 locum
481 1546 553 1598 qnae
579 1529 723 1603 congessit
740 1531 874 1583 Passerat„
893 1546 922 1599 p.
941 1531 1003 1585 349.
1022 1529 1181 1583 Russus
1204 1533 1281 1586 16⁰8.

131 1601 154 1650 f.
173 1618 212 1651 m.
233 1600 332 1653 Senec.
352 1599 445 1668 Epist.
468 1603 531 1655 loe:
546 1601 575 1652 si
592 1601 662 1653 bonu
682 1607 730 1653 tua
748 1616 802 1652 nou
823 1599 983 1665 testaveris,
1003 1601 1032 1653 ei
1049 1600 1152 1656 scieris
1169 1601 1200 1654 iu
1217 1600 1285 1655 sinu

130 1672 322 1795 guodenen}
353 1671 412 1725 Pro
436 1671 563 1738 glutisse
582 1670 648 1723 cod.
667 1672 737 1746 Reg.
756 1670 910 1737 gloriosae,
935 1686 988 1741 pro
1012 1670 1142 1725 desinent
1162 1672 1236 1725 Gud.
1255 1675 1280 1727 2.

131 1740 239 1794 sinaut.
312 1758 335 1792 r.
1161 1787 1164 1791 .

167 1830 171 1836 ·
203 1813 270 1882 Gap.
290 1814 334 1866 22.
372 1811 426 1876 Qui
444 1817 501 1864 tum
518 1809 729 1878 aegritudinem
752 1818 870 1864 censent
887 1811 1029 1878 existere]
1065 1812 1179 1867 Belliol.
1200 1813 1283 1867 exhi·

130 1882 189 1945 bet,
207 1897 293 1951 quoe
311 1888 369 1934 tum
386 1881 597 1951 aegritudinem
615 1888 712 1934 censet
730 1884 861 1945 existere,
888 1889 923 1934 ut
940 1883 974 1934 ad
992 1883 1157 1937 senteutiam
1174 1885 1283 1938 refere-

130 1961 190 2004 tur.
233 1953 392 2027 Eleganter
416 1953 542 2022 quidem,
578 1962 608 2006 et
634 1953 675 2005 its
706 1952 779 2005 solet
802 1952 912 2005 Cicero.
957 1952 1005 2006 Sic
1032 1954 1148 2005 Tuscul.
1174 1957 1208 2019 V,
1236 1958 1280 2011 29.

131 2023 254 2079 Quorum
272 2024 364 2076 oratio
384 2021 537 2092 subitipsa
555 2023 673 2076 iudicat.
710 2023 750 2075 Et
767 2023 818 2074 liu
838 2023 890 2083 111.
910 2025 948 2076 Ν.
967 2023 1000 2076 D.
1020 2041 1080 2093 cup.
1101 2026 1127 2080 2.
1162 2024 1296 2079 Moueor‘

130 2095 295 2148 mestoritute
313 2101 372 2160 tue,
399 2094 497 2160 Bolbe,
522 2102 549 2147 et
571 2093 700 2148 oratioue
718 2109 751 2146 ea
769 2111 842 2162 quae
859 2110 903 2146 me
924 2093 956 2146 iu
972 2095 1132 2162 perorando
1150 2095 1284 2149 cohorte-

130 2165 223 2217 butur.
269 2165 425 2235 Ibi‘plura
450 2167 652 2240 congessimus,
687 2172 721 2216 ut
748 2173 779 2216 et
802 2164 837 2217 ad
859 2165 909 2217 lib.
936 2166 974 2218 11.
1001 2166 1035 2218 ds
1059 2164 1157 2218 Divin.
1188 2182 1213 2219 c.
1236 2169 1281 2222 35.

131 2235 301 2289 Lectionem
324 2245 421 2289 tumen
444 2237 592 2312 vulgatam
616 2245 711 2308 teneo,
739 2252 805 2288 cum
831 2237 900 2311 Reg.
928 2236 1001 2289 Med
1030 2236 1138 2305 aliique
1162 2237 1282 2291 Codices

131 2322 193 2358 eam
212 2325 244 2359 se
265 2315 436 2360 raesentent.
473 2308 510 2360 D.
1231 2344 1233 2351 ›

129 2325 1283 2503 ,nstitutumostemsetarumuu

129 2518 219 2570 lectio
243 2517 281 2569 sit
300 2463 526 2588 'praeferendam
548 2516 637 2571 Βοιώ.
679 2486 746 2571 Non
773 2518 924 2571 admodum
952 2469 1075 2572 dimitte
1101 2467 1280 2585 esiludiecliare,

116 2588 201 2657 quid
216 2589 247 2640 h.
267 2589 287 2640 l.
305 2605 410 2641 verum
428 2591 474 2655 sit,
503 2606 676 2659 quemquam
699 2589 760 2660 ipse
785 2588 855 2641 Dav.
874 2589 1035 2643 fluctuavit.
1074 2590 1177 2659 Inepte
1193 2591 1280 2660 plene

128 2658 158 2710 h.
178 2659 199 2710 l.
225 2660 286 2729 ipsa
310 2661 451 2713 sententie
474 2661 571 2714 dicere
589 2667 720 2721 censeret
736 2659 863 2729 aliquid,
886 2676 953 2713 cum
971 2660 1054 2713 inmo
1071 2662 1281 2730 praecesserint

129 2729 291 2800 Cyrenaici.
328 2731 394 2783 Non
418 2731 497 2783 enim
523 2731 552 2783 h.
578 2731 598 2782 l.
623 2730 657 2783 de
682 2730 835 2812 eomplexu
862 2730 985 2800 quodam
1010 2739 1040 2784 et
1063 2732 1281 2784 continuatione

129 2800 250 2870 quedem
273 2799 473 2871 disputationis
495 2802 547 2854 -itu
568 2801 702 2870 loquitur
727 2801 840 2866 Cicero,
872 2809 907 2853 ut
932 2801 1012 2854 Plato
1034 2816 1093 2854 non
1122 2818 1280 2870 nunquam,

128 2871 203 2954 apud
228 2888 315 2939 quem
341 2873 358 2925 ὁ
387 2874 468 2942 λόγος
494 2888 576 2956 saepe
599 2872 682 2942 quusi
708 2887 859 2941 personam
882 2871 987 2937 induit,
1015 2889 1072 2941 qua
1094 2872 1144 2956 vel
1172 2872 1281 2927 invitos
1296 2877 1306 2907 .-

128 2941 1172 3080 ffitdtsttt‘ttuttitt?mititte?,uetitis
1182 2951 1280 3082 titt:

122 3082 199 3147 dixi,
219 3081 345 3132 Platonis
361 3100 414 3133 usu
433 3080 619 3134 conveniunt.
657 3081 718 3133 lem
735 3081 814 3156 finge
832 3081 887 3134 tibi
905 3082 1075 3135 Ciceronem
1092 3081 1121 3135 h.
1141 3081 1280 3138 l.‚dicen·
1347 3145 1351 3149 ,

127 3161 202 3204 tem:
221 3149 249 3202 si
265 3165 317 3203 sec
334 3151 449 3218 opinato
475 3151 551 3222 quid
563 3151 693 3216 evenerit,
719 3157 776 3202 trun
795 3152 1014 3220 cyrenaicorum
1031 3153 1168 3206 sententia
1186 3160 1278 3207 censet

127 3223 248 3276 existere
265 3221 476 3288 aegritudinem
482 3239 493 3286 ς
523 3236 618 3273 nonne
640 3222 766 3290 ineptire
784 3222 838 3272 tibi
856 3222 1007 3275 videretur.
1028 3224 1062 3287 is,
1081 3223 1143 3291 qui,
1160 3223 1193 3275 in
1211 3225 1279 3275 stilo

126 3303 206 3347 certe
221 3292 386 3360 excolendo,
404 3294 470 3359 „nil
488 3292 611 3345 molitur
629 3291 677 3344 ine
698 3299 728 3343 te
735 3290 874 3356 “?.Quod
890 3309 926 3343 ex
943 3293 1047 3345 nostris
1065 3308 1179 3361 quoque
1192 3292 1278 3345 Godd.

126 3382 200 3417 unus
218 3363 336 3417 accedit·
347 3365 454 3419 duobus
472 3364 534 3416 illis
551 3363 637 3429 (Mon.
657 3309 706 3425 23,
725 3360 812 3415 nihil⁴
824 3362 926 3415 addere
948 3371 1042 3432 potest
1059 3362 1194 3432 ponderis
1212 3363 1279 3417 illo-

126 3453 192 3487 rum
210 3436 312 3506 errori.
349 3436 485 3489 (ieterum
504 3435 535 3486 in
551 3433 659 3486 *duobus
677 3433 748 3485 Oxx.
769 3441 811 3485 est
830 3438 921 3485 tomen
938 3449 992 3502 pro
1011 3438 1079 3498 esus,
1106 3434 1279 3503 permutetis

126 3505 301 3576 compendiis
318 3507 349 3560 tri
374 3516 402 3560 et
421 3511 458 3560 tsi.
478 3506 562 3570 Verb,
592 3520 627 3557 ex
644 3504 697 3556 Ed.
716 3504 779 3556 Vet.
798 3503 896 3557 nescio
914 3521 970 3572 qus
992 3504 1120 3557 enotavit
1139 3503 1278 3559 acciderit

124 3592 178 3646 pro
203 3576 330 3630 evenerit.
367 3579 426 3631 Me.
543 3605 546 3610 ,
1092 3610 1095 3615 ·

132 3676 134 3680 ν
196 3647 249 3698 Est
272 3647 304 3699 id
328 3649 440 3718 quidem
464 3646 613 3717 magnum]
650 3645 717 3699 Cod.
752 3645 825 3699 Gud.
850 3648 877 3700 2.
904 3645 1018 3698 Ostud
1047 3644 1136 3709 (sict)
1167 3642 1277 3711 quidem

124 3732 265 3784 maguum.
285 3718 375 3770 Bouh.
401 3736 491 3790 quum
508 3719 540 3771 in
559 3732 616 3769 uno
634 3716 715 3770 heid.
736 3718 829 3770 abesse
847 3716 968 3784 vidisset,
983 3728 1124 3783 maguum,
1151 3731 1277 3768 necessa-

124 3788 201 3839 riam
220 3804 282 3838 eum
299 3804 400 3841 vocem
426 3807 486 3842 esse
513 3789 579 3849 inde
597 3788 738 3858 probavit,
769 3789 837 3857 quia
860 3788 997 3856 respiciet
1023 3787 1103 3840 loeus
1121 3784 1157 3837 ed
1173 3787 1276 3851 e.·13.‚

123 3857 175 3910 ubi
192 3856 315 3930 legitur:
347 3860 398 3912 Est
415 3859 448 3912 id
464 3859 576 3929 quidem
595 3875 648 3912 non
663 3858 804 3912 mediocre
823 3858 861 3910 ud
878 3857 1093 3926 aegritudinem,
1107 3856 1274 3923 augendum.

123 3960 159 3973 -
178 3929 307 4001 Pergunt
324 3934 356 3981 ut
380 3929 632 3998 praedicitis.
652 3931 683 3980 in
701 3946 792 4004 inaug.
812 3930 896 3982 Verb.
917 3929 991 3982 Gau
1011 3930 1036 3984 2.
1065 3927 1151 3980 Mart.
1169 3936 1200 3980 et
1217 3942 1275 3980 uno

123 4002 186 4065 Ox,
212 4000 264 4067 qui
292 4000 401 4050 omittit
427 4007 546 4068 sequens
569 4001 664 4064 etium,
690 4017 745 4070 pro
772 4015 828 4070 quo
854 4003 929 4053 Mon.
948 4003 974 4054 2.
1002 3996 1088 4051 hebet
1111 4003 1147 4050 et.
1185 3997 1276 4062 Quem

122 4070 257 4141 proxime
276 4078 385 4138 spectet
403 4069 561 4140 Chrysippi
578 4070 695 4135 librum,
715 4080 756 4124 est
774 4071 799 4123 is
814 4071 879 4123 sine
897 4071 981 4125 dubio
1005 4073 1068 4139 περὶ
1083 4065 1208 4136 Ἀγαθῶν
1229 4069 1277 4120 uui

123 4141 225 4194 Κακαῖν
243 4139 386 4210 εὶςαγωγή,
406 4139 444 4191 de'
459 4155 515 4222 quo
533 4140 590 4192 vid.
609 4141 727 4215 Beguet.
749 4142 782 4194 de
802 4141 964 4211 Chrysippo
982 4139 1004 4204 ἕ.
1026 4140 1082 4193 CX.
1102 4156 1130 4208 p.
1146 4141 1274 4207 280sqq·

123 4213 186 4266 Duo
205 4213 275 4264 Oxx.
295 4211 437 4265 crnittunt
458 4217 514 4263 ete·
548 4211 608 4264 Mr.
812 4252 815 4257 .
901 4252 903 4257 .
1093 4268 1096 4272 ι

196 4281 229 4334 id
246 4283 363 4346 ferire
383 4279 586 4350 uehementius]
624 4280 694 4346 „Sic
712 4280 877 4334 emendavit
894 4278 965 4333 olim
982 4277 1094 4343 Rivius,
1114 4278 1163 4331 cui
1180 4292 1275 4335 essen-

122 4354 198 4406 tior:
232 4354 391 4406 confirmet¹
411 4351 488 4406 hene
511 4351 667 4409 lectionem
692 4351 796 4405 similis
819 4351 902 4405 iocus
927 4351 966 4409 eli
1008 4358 1040 4403 ot
1061 4356 1128 4418 post
1144 4346 1274 4400 versibus

123 4421 162 4489 [o.
173 4426 216 4481 22
229 4421 304 4489 §.es
326 4423 413 4490 extu]
432 4423 541 4490 feriunt
560 4423 635 4479 euim
650 4422 775 4490 fortusse
792 4421 943 4491 grauiue.“
1004 4420 1121 4479 iniisse
1148 4416 1274 4484 siluam·

1078 4583 1084 4596 ἱ
