2842 5070
477 260 876 400 ..ursaria-116.-.
1111 347 1114 353 ·
1173 318 1237 417 sss

79 471 325 573 aegritudinem
347 473 425 537 dico
458 484 491 536 ct
512 471 656 542 metum:
685 481 734 541 sic
755 479 933 559 hilariores
954 481 1044 560 illae,
1071 482 1235 568 cupiditas

78 557 178 619 avido
198 577 329 636 semper
350 557 474 640 aliquid
495 570 662 640 expetens,
685 571 718 633 et
740 565 850 623 inanis
868 563 1034 642 alacritas,
1056 562 1091 626 id
1113 576 1163 627 est
1173 568 1235 641 lae-¹

78 642 154 701 titia
174 643 331 739 gestiens,
352 662 420 703 uon
442 645 581 704 multum
605 642 764 707 differunt
785 646 825 706 ab
847 649 1002 726 amentia.
1029 647 1076 707 Ex
1097 669 1162 730 quo
1183 651 1236 710 ina

26 808 32 816 Ι
77 723 255 810 telligatur,
277 724 384 806 qualis
405 724 464 788 ille
484 726 540 803 sit,
562 745 661 807 quem
682 735 754 788 tum
776 726 997 808 moderatum,
1020 730 1101 792 alias
1122 730 1236 794 mode

125 850 1239 881 —-—-—-·-·-·-—-—-—--——u--—-—--..—.-..·.........-9

76 909 160 946 verso
179 891 288 947 ordine.
314 896 368 947 Pro
386 894 454 949 illae
473 897 542 970 Reg.
563 896 623 963 iile,
641 896 715 973 Aug.
736 897 799 957 illa,-
820 899 893 951 Gud.
914 899 1124 968 cupiditates,
1142 902 1248 958 ashur

78 964 284 1031 cupiditatis,
304 984 389 1036 supra
406 967 458 1019 lin.
478 974 532 1020 tas.
569 968 720 1022 Duo'Oxx.
740 979 803 1039 post
821 986 930 1038 semper
947 971 1054 1025 addunt
1073 979 1125 1039 est,
1138 974 1235 1034 ,iidem

78 1037 218 1090 omittunt
236 1043 370 1104 expetens,
390 1054 456 1113 cum
475 1038 559 1091 Codd.
582 1039 668 1091 atara.
689 1038 762 1124 Aug.
795 1041 829 1093 In
848 1059 911 1093 mar
933 1080 939 1092 .
959 1043 1073 1096 Lambb.
1094 1052 1122 1095 et
1142 1045 1231 1099 Goth.
1293 1042 1297 1050 ’

78 1115 132 1158 est:
152 1109 219 1159 fort.
236 1108 402 1176 appetens“;
423 1109 531 1179 Capitis
549 1125 619 1162 vero
638 1127 679 1180 sq.
700 1111 847 1181 principio
866 1059 1041 1166 multisoni
1059 1113 1233 1175 habentne

77 1178 208 1231 sitienter
226 1179 295 1248 quid
312 1180 566 1248 appetens,·ubi
585 1179 616 1231 in
635 1198 726 1256 marg.
746 1182 860 1234 Laxnbb'.
881 1191 909 1235 et
921 1183 1008 1237 Goth.
1029 1172 1169 1254 sdriptum
1189 1196 1233 1240 est
1271 1232 1274 1245 .

76 1248 180 1302 habere
200 1251 341 1318 quendam
360 1252 488 1305 codicem
504 1260 634 1304 veterem
654 1257 823 1321 exspectans,
843 1253 914 1306 alios
933 1262 1069 1323 expetens.
1108 1257 1142 1309 la
1162 1257 1248 1320 eoa,

75 1328 172 1372 autem
191 1320 264 1396 Aug.
283 1323 312 1376 le
335 1322 398 1375 itur
416 1329 545 1391 expetens
563 1322 674 1392 aliquid
691 1324 787 1377 inanis
804 1324 949 1384 alamitae.
988 1329 1042 1379 Pro
1061 1327 1156 1380 inanis
1175 1328 1248 1383 duo·
1285 1342 1288 1348 ⁴

75 1391 133 1456 sui,
161 1409 230 1462 quos
258 1410 341 1447 moa
367 1395 438 1458 sixt,
467 1395 536 1449 axx.
565 1392 673 1445 habens
699 1395 729 1447 n
755 1395 867 1448 animes.
905 1398 959 1450 aro
983 1415 1061 1468 quen
1086 1415 1160 1450 unus
1179 1399 1229 1453 ox.
1295 1388 1301 1403 '

76 1477 172 1532 quanm
192 1465 263 1517 alius
282 1473 347 1518 tam
365 1466 549 1530 moderatum,
568 1464 642 1516 alius
660 1470 774 1518 tamen
796 1467 975 1533 moderatum.
1015 1469 1073 1522 Mr.

147 1537 231 1591 Quem
258 1545 316 1590 tum
342 1538 526 1599 moderatum,
554 1534 623 1588 alias
652 1536 821 1600 modestum,
846 1543 1047 1606 temperantem,
1075 1538 1144 1591 alias
1163 1557 1231 1594 oon·

74 1612 206 1672 stantem,
226 1607 464 1677 continentemque
482 1604 613 1672 dicimus]
629 1647 632 1666 ,
650 1607 717 1660 Non
742 1606 840 1659 dubito
868 1609 939 1677 quin
962 1608 1038 1661 alias
1065 1610 1229 1678 modestam,
1315 1659 1320 1664 .

74 1677 151 1729 alias
169 1686 340 1733 constantem
358 1678 415 1731 huo
434 1678 605 1730 interserint
623 1677 776 1730 librarii(
794 1679 866 1730 com
886 1680 965 1733 enim
983 1672 1152 1733 exadversus
1169 1699 1230 1736 ma·

75 1749 210 1816 deratum,
234 1760 331 1803 notata
356 1750 437 1802 varia
455 1750 590 1812 lectione,
613 1749 785 1818 scripserant
811 1748 922 1818 priores
950 1752 992 1804 ais
1015 1751 1177 1818 modestum,
1193 1746 1230 1806 'et

75 1820 247 1889 exadversus
266 1826 470 1891 temperantem,
490 1820 628 1872 similiter
643 1823 687 1872 als
704 1825 874 1874 constantem
893 1822 981 1892 (quod
1000 1830 1029 1873 et
1047 1821 1230 1877 interlineas

74 1890 222 1945 interdum
240 1893 288 1958 sit)
308 1898 431 1962 quatuor
449 1892 513 1944 illas
533 1905 622 1944 vaces*
639 1891 774 1961 imperite
792 1891 891 1943 Tullio
919 1892 1086 1945 tribuerunt
1109 1895 1227 1963 posteri.

73 1964 183 2016 Locum
202 1965 294 2040 igitur
312 1965 353 2016 sic
371 1964 451 2037 lego:
473 1979 552 2031 quem
570 1977 630 2014 eam
648 1963 833 2026 moderatum,
856 1969 920 2014 tum
944 1969 1142 2031 temperantem
1164 1981 1230 2020 con·

73 2035 256 2106 tenentemque
275 2038 404 2090 dicimus.
442 2033 499 2087 Adi
516 2033 567 2085 lib.
587 2035 721 2103 111.,cap.
742 2037 784 2088 8.Δ
804 2032 840 2086 D.
902 2050 906 2059 ·
952 2074 955 2078 -

146 2123 223 2172 quem
243 2111 303 2160 tam
320 2107 501 2170 moderatam,
520 2105 596 2158 aliae
613 2105 777 2171 modestam,
798 2111 1001 2173 temperantem,
1018 2103 1229 2161 atiuseonstan·

71 2181 130 2227 'tem
148 2180 382 2247 continentemque
400 2175 549 2241 dicimuss]
588 2176 690 2242 „Quae
716 2175 872 2246 exstirpata
898 2176 964 2229 vult
981 2177 1121 2243 Davisius,
1148 2194 1230 2248 posse

72 2247 224 2301 adservari·
236 2251 318 2302 docet
341 2249 422 2302 locus
448 2247 500 2299 ille
516 2247 572 2299 111.
592 2249 623 2300 8:
657 2247 746 2301 Quam
771 2246 977 2319 (σωφροσύνην)
1002 2250 1078 2302 solea
1103 2249 1230 2316 equidem

71 2333 131 2369 eam
152 2318 377 2388 temperantiam,
405 2327 463 2371 tum
489 2317 706 2370 moderationem
733 2318 890 2387 appellare:
923 2334 1117 2389 nonnunquam
1142 2319 1230 2373 etiam

71 2391 262 2444 modestiam.
283 2427 290 2442 .
311 2429 317 2441 .
340 2429 346 2442 .
384 2389 455 2443 Eius
473 2389 584 2441 uidetur
602 2403 663 2440 esse
678 2391 834 2455 propriam,
853 2396 943 2442 motus
963 2390 1051 2442 animi
1073 2391 1238 2460 appetentis-

70 2476 169 2527 regere
189 2469 216 2514 et
234 2463 342 2524 sedare,
362 2474 523 2528 semperque
543 2488 576 2500 -
594 2473 709 2519 servare
727 2460 920 2512 constantiam.
942 2498 948 2511 .
971 2499 977 2512 .
1008 2461 1067 2529 Qut
1091 2462 1129 2512 sit
1147 2463 1229 2529 frugi

70 2531 175 2597 igitur,
194 2533 240 2585 oet
251 2532 284 2584 si
305 2533 395 2585 mauis
413 2533 575 2585 moderatus
594 2536 620 2582 et
638 2536 804 2597 temperans,
825 2547 885 2582 eum
904 2546 1013 2583 necesse
1032 2538 1074 2583 est
1092 2547 1228 2586 casecon-

70 2603 222 2656 stantem.“
244 2603 390 2671 Wopkens.
410 2604 431 2658 l.
452 2619 476 2655 c.
496 2619 524 2670 p.
547 2603 606 2656 128.
644 2601 687 2652 Ad
712 2603 784 2669 quae
808 2601 949 2654 Handius:
983 2602 1034 2667 „E
1057 2604 1136 2678 regie
1155 2604 1227 2656 haec
1321 2636 1323 2644 ·

70 2675 149 2726 inter
174 2692 202 2728 se
232 2675 357 2728 contulit
384 2671 590 2743 Wopkensius.
633 2671 752 2723 Nullam
784 2671 972 2725 offensionem
1002 2620 1108 2726 hadent
1141 2692 1153 2724 s
1176 2691 1227 2727 aa·

69 2762 166 2814 nyma,
194 2752 266 2814 quae
291 2746 404 2813 volunt,
436 2751 614 2797 coacervata:
648 2760 714 2793 nasu
741 2742 773 2794 in
797 2743 940 2796 reddendo
959 2760 1063 2827 graeco
1086 2694 1226 2798 vocaiulo

69 2817 250 2886 σωφροσύνης
268 2822 381 2886 seraper
399 2815 558 2888 alnbigebat
576 2815 686 2867 Cicero.
725 2813 780 2866 Sed
798 2813 878 2867 deest
894 2815 1038 2884 part1cula
1048 2815 1127 2886 inter
1138 2812 1239 2871 verba.

67 2889 222 2946 modestum
240 2894 431 2955 temperatum.
451 2885 576 2939 Orellius
596 2884 706 2954 recepit
725 2891 757 2936 et
775 2891 968 2954 temperantem
991 2884 1121 2951 [debebat
1138 2887 1226 2939 etiam

67 2957 103 3008 Η.
124 2959 249 3010 seribere
269 2956 485 3026 temperantem].
523 2957 586 3029 Ego
605 2955 750 3025 suspicor:
771 2964 925 3025 peremtum
943 2956 1123 3022 moderatam,
1150 2958 1226 3011 alias

68 3030 232 3090 modestum,
251 3035 318 3080 tum
337 3015 541 3095 imperantem,
562 3027 636 3079 alias
659 3033 829 3079 constantem
849 3059 880 3070 -
901 3027 919 3079 S
963 3043 1070 3098 onyma
1095 3029 1225 3081 modera-

68 3105 112 3150 tas
137 3107 167 3151 et
190 3099 330 3150 modestus
353 3106 538 3168 opponuntur
570 3096 693 3164 reliquis
724 3098 846 3165 quodam
873 3114 919 3149 mo
940 3097 987 3149 o.“
1023 3098 1143 3150 Accedit
1171 3099 1224 3151 ali-

68 3179 208 3237 quantum
226 3169 406 3240 Wopkensio
424 3167 618 3220 Bouhierius.'
641 3166 790 3219 Nissenius
814 3175 879 3237 post
903 3169 1057 3222 modestum
1082 3169 1148 3220 addi
1173 3185 1225 3221 vo·

66 3238 145 3291 lebat
167 3248 200 3293 et·
238 3240 277 3291 Et
304 3240 345 3291 ita
370 3247 413 3292 est
436 3240 467 3289 in
481 3238 604 3307 ‚aliquot
623 3238 704 3303 oxx,
723 3237 794 3289 Edd.
824 3238 958 3308 (excepta,
973 3237 1015 3302 Ρ.)
1043 3247 1108 3291 ante
1128 3238 1222 3292 Geth.

67 3310 196 3380 itemquo
215 3311 289 3364 Lall.
308 3311 370 3380 Bip.
410 3310 488 3376 Quod
507 3318 603 3361 autem
621 3309 663 3361 ait
681 3311 729 3361 Or.
750 3314 781 3360 et
800 3314 997 3376 temperantem
1021 3325 1079 3363 esse
1102 3309 1134 3360 in
1153 3310 1221 3362 Cod.
1259 3371 1262 3378 ¹
1293 3368 1295 3371 .

65 3382 159 3447 Bern,
187 3385 218 3435 in
243 3394 274 3434 eo
302 3399 391 3451 aeque
413 3381 522 3433 erravit
545 3380 596 3432 vir
621 3379 819 3444 asnicissimus,
840 3397 876 3432 ac
904 3398 970 3432 cum
987 3374 1143 3444 scrilisret,
1164 3386 1223 3448 tum
1245 3395 1247 3401 ’

64 3457 131 3505 ante
149 3459 346 3522 temperantem
365 3453 560 3505 coniecturam
579 3468 653 3503 esse:
680 3451 727 3519 ila.
744 3450 823 3502 enim
847 3459 890 3503 est
915 3452 946 3503 in
966 3451 1038 3504 Gud.
1059 3457 1084 3506 1.
1112 3452 1221 3522 optima

65 3532 95 3574 et
113 3525 323 3593 antiquissimo,
343 3532 372 3576 et
391 3529 566 3593 receperunt
583 3522 729 3577 FAWolf.
755 3529 784 3586 et
807 3521 891 3574 Schz.
924 3522 1003 3588 ‚Quid
1029 3530 1123 3574 autem
1149 3523 1222 3575 faei-

64 3593 121 3644 lius
139 3596 236 3662 potuit
255 3595 386 3646 excidere
413 3607 503 3664 quam'
525 3599 591 3658 tum,
619 3593 645 3644 si
672 3592 812 3661 scriptum
840 3601 902 3644 erat
920 3592 1115 3646 nonesTvat?
1148 3593 1221 3650 Cum

64 3664 181 3717 Davisio
199 3664 305 3717 habent
324 3667 400 3717 atias
417 3664 578 3727 modestum,
598 3669 793 3731 temperantem
811 3663 921 3734 reliqui
939 3663 1025 3716 Codd.
1044 3662 1116 3716 Edd.
1128 3663 1218 3717 Geth.

64 3733 148 3786 Verb.
176 3736 247 3786 Ern.
274 3734 364 3789 Nobb.
383 3735 461 3791 Tbn,
498 3734 533 3786 In
560 3733 627 3787 Cod.
657 3735 784 3789 Vino-1.
815 3743 857 3786 est
881 3741 939 3786 tum
964 3735 1117 3788 modestum
1143 3734 1220 3788 alias

64 3806 247 3857 moderatum.
281 3805 366 3866 Verb.
394 3807 426 3856 in
445 3822 534 3878 marg.
564 3807 656 3858 refert
681 3805 712 3857 in
739 3805 795 3858 als.
821 3807 993 3874 nescioquo
1017 3805 1111 3878 abesse
1133 3804 1220 3858 verba

65 3876 139 3928 alias
157 3877 319 3938 modestum,
348 3893 419 3943 quae
438 3875 583 3941 FAWolf.
604 3877 717 3929 uncinis
736 3877 863 3929 inclusit.
901 3875 984 3930 Solus
1011 3875 1108 3940 Schz„
1132 3875 1220 3929 niuiis
1261 3939 1268 3946 ⁹

63 3946 179 4016 cupide,
208 3955 242 3998 ut
268 3946 383 4009 solebat,
412 3963 447 3998 ex
474 3949 616 3999 sententia
637 3947 746 4001 Davisii
775 3948 872 4001 locum
898 3949 1046 4000 truncavit
1073 3947 1217 4001 scribens:

64 4035 151 4088 quem
169 4024 225 4069 tum
243 4017 426 4078 moderatum,
446 4022 504 4069 tum
517 4023 718 4085 temperantem
743 4019 978 4086 continentemque
1000 4018 1130 4072 dicimus.
1173 4018 1220 4088 Ad

62 4088 240 4142 locutionem
260 4094 319 4139 tum
339 4120 371 4128 -
393 4085 470 4138 alias
489 4087 535 4140 Or.
562 4088 659 4141 laudat
677 4089 835 4142 Tursellin.
862 4092 896 4143 de
913 4089 1064 4143 Particull.
1091 4108 1118 4160 p.
1139 4092 1217 4146 1⁰31.

64 4162 107 4213 ed.
128 4163 206 4215 1751.
227 4167 256 4212 et
274 4158 442 4211 Rainshorn.
463 4157 514 4209 Gr.
535 4159 596 4211 Lat.
616 4177 644 4229 p.
664 4160 725 4215 511.
753 4160 888 4228 Reperiri
908 4162 1089 4225 etiam‘alias
1108 4194 1140 4204 -
1161 4168 1231 4213 tum-

62 4232 145 4284 docet
164 4231 254 4283 Hand.
275 4231 306 4281 in
325 4228 492 4281 Tursellina
510 4229 534 4281 Ι.
553 4247 581 4299 p.
601 4232 654 4285 220
671 4247 713 4298 sq.
743 4230 810 4282 Cod.
831 4230 903 4283 Gud.
923 4231 1097 4284 habet'cune
1123 4231 1218 4283 made-

63 4309 166 4368 ratum,
184 4312 223 4356 ut
250 4301 365 4353 volebat
391 4299 460 4354 Dav.
482 4299 556 4352 Gud.
575 4303 600 4355 2.
631 4298 740 4353 omittit
770 4317 820 4368 que
844 4310 909 4370 post
926 4302 1117 4363 continentem
1144 4318 1217 4352 unus
1243 4358 1248 4368 ι

63 4373 114 4427 Ox.
133 4372 217 4426 habet
237 4372 372 4426 ducimus.
393 4370 467 4424 Gud.
489 4379 518 4423 et
538 4370 611 4423 Gud.
631 4373 657 4425 2.
678 4370 817 4424 omittunt
835 4369 915 4439 taes,
943 4373 1027 4429 Vind.
1050 4377 1073 4425 l.
1094 4379 1123 4422 et
1138 4372 1215 4445 ΙΑιιςῖ

61 4441 168 4498 habant
191 4445 323 4501 imatuta
350 4444 456 4499 eadem.
497 4441 598 4516 Pergit
621 4441 673 4497 Ed.
699 4442 736 4496 A.
762 4449 797 4499 ut
824 4443 1005 4514 frugalitas
1025 4457 1136 4496 nomen.
1154 4439 1217 4496 «Ad
