2842 5070
343 293 360 323 '³
377 290 437 344 t·
476 279 616 342 LIBER
637 279 696 357 ΙΙΙ,
726 281 776 345 lb.
802 283 850 343 ll.
871 314 874 319 >
903 294 919 368 ’J
1185 280 1226 347 73

76 443 180 507 canda
207 456 267 522 est,
300 443 334 504 id
366 451 429 518 est,
464 463 563 504 causa
589 445 735 505 efficiens
769 441 1013 528 aegritudinem
1041 446 1077 503 in
1105 446 1226 522 animo,

76 536 243 607 tamquam
258 527 585 611 aegrotationem-in
601 545 760 606 corpore.
802 526 890 587 Nam
916 533 954 586 ut
975 523 1104 601 medici,
1129 547 1228 591 causa

75 611 186 670 morbi
213 612 362 683 inventa,
390 610 597 668 curationem
625 626 696 668 esse
727 610 898 670 inventam
920 614 1057 688 putant:
1085 611 1135 670 sie
1156 629 1226 684 nos,

77 710 175 752 cansa
196 689 417 774 aegritudinis
440 698 585 770 reperte,
607 688 761 750 medendi
793 691 983 753 facultatem
1013 691 1228 769 reperiemus.

76 832 80 838 ,
156 773 213 833 Est
234 773 339 855 igitur
361 788 456 833 causa
478 775 584 832 omnis
606 775 643 831 in
664 774 830 853 opinione,
852 792 914 834 nee
934 791 1017 834 vero
1045 770 1228 855 aegritudi·
1253 777 1290 836 ll
1339 784 1344 789 ’

77 857 131 914 nis
153 855 270 928 solum,
300 851 476 914 sedetiam
506 854 708 934 reliquarum
739 857 887 915 omnium
915 855 1228 935 perturbationum:
1249 857 1292 909 24.

77 954 161 1016 quae
188 943 265 996 sunt
295 954 416 1018 genere
448 943 620 1014 quattuor,
644 937 795 1016 partibus
829 938 950 1018 plures
1004 935 1092 997 Nam
1129 955 1230 1017 quum
1259 925 1285 977 b.

78 1019 185 1077 omnis
208 1017 415 1098 perturbatio
438 1021 482 1076 sit
503 1019 607 1076 animi
629 1026 750 1095 motus,
771 1018 826 1080 rel
849 1020 991 1079 rationis
1019 1037 1148 1099 expers,
1175 1019 1230 1079 vel

77 1143 1231 1154 ——m--n—

76 1221 149 1255 unus
168 1204 216 1256 Ox.
236 1211 375 1271 repertum
394 1220 447 1273 pro
467 1209 588 1271 reperta.
627 1203 671 1256 Ad
696 1204 873 1256 locutionem
897 1207 934 1255 cf.
955 1205 1013 1259 Cic.
1034 1206 1068 1256 de
1087 1205 1172 1256 Finn.
1193 1207 1226 1258 V.

74 1278 108 1331 b:
128 1276 192 1338 foas
210 1274 456 1342 reperiendus
475 1280 527 1339 est,
555 1274 589 1327 in
616 1291 668 1342 quo
688 1275 748 1327 sint
774 1275 869 1341 prima
887 1275 1071 1328 inuitamenta
1090 1282 1227 1328 naturae:

75 1361 126 1412 quo
145 1345 305 1409 invento,
325 1348 415 1398 omnis
434 1353 487 1397 etc.
512 1346 570 1398 Ubi
587 1345 667 1397 vides
687 1346 821 1398 Ciceroni
838 1354 994 1415 utrumque
1012 1348 1133 1399 verbum
1153 1347 1230 1399 idem

10 1409 25 1473 ⁸,
75 1417 160 1485 plane
179 1415 360 1488 significare.'
390 1415 534 1469 Similiter
551 1415 667 1467 Tacitus
692 1410 873 1470 An.111.5:
907 1425 1005 1470 cuncta
1031 1433 1049 1469 a
1073 1418 1229 1471 maioribus

75 1493 238 1554 reperta,
267 1492 316 1538 aut
343 1502 411 1553 quae
435 1487 544 1555 posteri
571 1484 795 1550 invenerint,
824 1487 973 1546 cumulata.
1017 1488 1104 1552 Quem
1132 1489 1230 1541 locum
1308 1542 1322 1559 ‚

75 1557 205 1609 laudavit
223 1557 313 1609 Hand.
333 1558 368 1608 ad
385 1557 546 1625 Wopkens.
568 1573 596 1625 p.
616 1558 659 1610 25.
697 1557 756 1609 Mr.
856 1559 859 1563 ’

109 1676 116 1683 .
147 1644 171 1678 c.
194 1632 235 1681 ll.
273 1627 323 1692 Est
349 1628 442 1693 igitur
464 1642 549 1679 carrea
574 1627 664 1678 amuis
689 1627 721 1678 iu
748 1627 909 1695 opinioaez]
947 1628 1054 1681 Eadem
1086 1630 1230 1682 sententia

76 1698 111 1749 de
130 1697 231 1749 iisdem
251 1698 334 1748 rebus
353 1698 394 1748 ita
411 1697 531 1765 ponitur
549 1697 685 1748 ‹lebinn
707 1699 757 1750 111.
780 1702 821 1752 10.
840 1703 891 1756 35:
920 1699 1014 1752 omnia
1030 1698 1064 1752 'ea
1084 1707 1149 1754 sunt
1167 1701 1229 1768 ορί-

77 1767 174 1819 niones
193 1782 227 1818 ac
245 1765 354 1819 iudicia
373 1766 505 1819 leuitatis.
541 1760 622 1839 Unus
646 1767 695 1818 Ox.
726 1768 831 1836 incipit
856 1769 906 1820 Est
930 1785 1031 1837 ergo:
1061 1771 1134 1823 alius
1162 1788 1229 1825 mox
1326 1780 1330 1785 ’

75 1838 175 1909 pergit
193 1853 235 1889 ue
253 1852 334 1889 uero:
364 1845 426 1888 orto
451 1851 548 1889 errore
571 1853 610 1899 err
628 1837 796 1904 compendio
815 1854 863 1890 nc:
892 1840 945 1889 duo
972 1841 1111 1892 omittunt
1128 1843 1226 1895 sctum.

75 1909 120 1963 Et¹
135 1907 193 1958 dici
220 1924 278 1959 non
304 1925 451 1975 nunquam
475 1924 530 1959 riou
554 1905 615 1958 sine
632 1907 730 1970 toturn,
759 1916 824 1960 ante
849 1907 1010 1974 sedetiam,
1035 1910 1227 1965 demonstravi

76 1974 188 2030 adCic.
210 1978 243 2029 de
262 1980 352 2053 Legg.
372 1979 424 2031 111.
451 1983 476 2032 7.
504 1979 531 2047 p·
552 1978 612 2037 409·
623 1996 664 2047 sq.
704 1977 759 2030 Sed
785 1986 882 2030 nostro
905 1979 976 2037 1000,
994 1978 1114 2032 minime
1133 1983 1228 2056 cogito

71 2046 112 2102 'de
125 2049 253 2113 ¹delenda
271 2049 323 2100 illa
341 2066 421 2113 voce,
441 2066 507 2101 cum
528 2047 649 2115 duo'illi
667 2047 751 2102 Codd.
773 2046 811 2113 [e.
833 2049 875 2114 ξ.]
900 2050 1038 2118 pessimae
1057 2051 1115 2115 sint
1126 2062 1226 2109 notae.

76 2121 175 2194 Pergit
194 2119 259 2172 Cod.
280 2119 353 2194 Aug.
373 2121 423 2172 sed
449 2118 809 2197 reliquarumetiam:
828 2119 988 2194 elegantius
1006 2120 1128 2175 scilicet.
1166 2123 1226 2175 Mr.

82 2221 85 2227 ·
146 2217 215 2276 quae
233 2214 296 2260 suut
314 2225 417 2276 genere
436 2207 578 2276 quattuor]
608 2207 656 2260 Sic
674 2217 770 2260 noster
787 2208 822 2261 de
837 2209 860 2260 F
861 2209 922 2263 ina.
942 2210 1053 2274 utto·
1072 2200 1111 2264 3:'
1123 2227 1230 2277 opines-

77 2294 129 2347 que
147 2277 199 2330 leae
219 2277 470 2346 [perturbationes]
489 2283 552 2330 suist
572 2295 676 2345 genere
695 2283 838 2348 quattuor,·
856 2279 985 2348 portibus
999 2282 1108 2348 plures,
1133 2281 1228 2350 aegri·

14 2413 19 2423 ι
77 2349 154 2413 tudo,
183 2349 317 2415 formido,
345 2350 442 2414 libido,
471 2363 602 2419 quumque
628 2349 717 2404 Stoici
745 2351 881 2403 communi
911 2351 1020 2405 nornine
1046 2352 1175 2420 corporis
1202 2359 1229 2406 et

78 2419 168 2473 animi
185 2415 290 2484 ἡδονὴν
308 2422 456 2488 appellant,
485 2435 537 2488 ego
555 2421 631 2472 mala
649 2419 786 2474 laetitiam
804 2421 957 2487 appellare,
984 2423 1064 2488 quusi
1081 2424 1229 2489 gestientis

77 2489 168 2542 animi
186 2491 331 2543 elationem
349 2491 545 2560 voluptariam.
584 2492 763 2545 Camerarius
788 2491 897 2545 hancce
914 2492 1040 2544 tabulam
1058 2496 1226 2563 composuit,

78 2561 232 2630 quambic
249 2561 391 2615 subiicere
409 2564 483 2615 utile
501 2560 650 2621 videtur:¹
908 2594 911 2599 ·
961 2590 982 2625 y

386 2667 393 2680 .
518 2669 531 2682 .
586 2632 754 2700 Praesentis,
765 2628 908 2700 παρόντος.
918 2632 1051 2697 Laetitia,
1087 2629 1182 2701 ἡδονή.

327 2669 401 2734 ‘’⁰⁷²‘'
421 2669 530 2735 ἅγαθου
585 2705 725 2769 Absentis,
765 2701 892 2767 ἀπόντος.
916 2705 1075 2772 Cupiditas,
1083 2707 1227 2777 ἐπιθυμία.

578 2775 748 2841 Praesentis,
758 2775 902 2842 παρόντος.
910 2775 1079 2844 Aegritudo,
1087 2770 1165 2843 λύπη.
1227 2820 1260 2836 .,

577 2846 715 2912 Absentis,
759 2843 886 2907 ἀπόντος.
906 2848 1012 2913 Metus,
1084 2847 1181 2916 φόβος.

77 2915 213 3037 Horatlius
243 2916 294 2967 has
327 2918 464 2984 quattuor
497 2917 726 2987 perturbationes
761 2935 818 2972 uno
851 2935 937 2971 versu
972 2919 1138 2988 complexus
1170 2926 1226 2973 est:

76 2985 291 3118 HpGaudeat,
310 3070 347 3107 aa
366 3044 503 3119 doleat3
521 3057 661 3126 cupiat,
679 3035 859 3126 metuentia
879 3058 944 3126 quid
961 3060 999 3111 ad
1017 3059 1096 3119 rem?
1132 3046 1200 3112 Mr.

147 3124 275 3191 partibus
296 3124 420 3191 plures]
449 3126 556 3188 'Partes
579 3146 655 3185 nunc
677 3139 770 3193 vocat,
800 3149 870 3200 quas
894 3131 925 3180 in
944 3129 1229 3198 dialecticaspecies

77 3194 126 3247 vel
141 3195 377 3254 tormasdixere.
416 3198 459 3247 Ita
478 3206 506 3249 et
525 3198 559 3249 de
577 3199 747 3251 Inventione
766 3199 800 3264 [Ι.
818 3203 861 3254 ⁴22.
875 3198 954 3263 321:
976 3199 1066 3251 Genus
1084 3204 1135 3263 est,
1155 3199 1229 3267 quod

74 3267 171 3333 ptum
193 3272 293 3334 partes
317 3265 503 3336 amplectitur.
536 3299 566 3310 -
610 3268 685 3321 Pars
716 3275 767 3335 est,
796 3285 865 3338 puae
892 3269 985 3322 subest
1007 3266 1114 3335 generi.
1145 3268 1226 3339 Cant

77 3337 179 3406 Topic.
200 3341 217 3391 6
236 3346 307 3390 extr.
335 3347 363 3389 et
388 3342 411 3391 t.
436 3356 497 3407 pre.
535 3340 635 3392 Plures
659 3340 736 3392 locos
763 3340 821 3392 huc
839 3340 976 3401 facientes
995 3338 1137 3414 congessit
1155 3339 1229 3396 We·
1253 3343 1259 3350 ¹

73 3407 211 3469 ‘berusin
230 3408 375 3477 Symbolis
391 3426 420 3477 p.
440 3411 500 3471 206.
538 3411 597 3471 Mr.¹
776 3449 803 3473 .,
888 3462 891 3473 ,
926 3458 930 3473 2
962 3454 966 3463 .
1045 3433 1048 3436 ⁴
1111 3454 1113 3458 Α

74 3526 100 3540 ,,
145 3477 221 3531 Nam
237 3496 317 3547 quum
338 3478 428 3543 omnis
443 3480 617 3547 perturbatio
639 3479 677 3534 sit
695 3481 785 3544 ammi
798 3482 908 3548 ymetus]
944 3482 1157 3546 „babrtinsex
1174 3485 1228 3536 Ze·

72 3559 152 3601 -none
172 3551 212 3602 ita
230 3549 345 3603 definit:
365 3553 464 3614 πάθος,
483 3552 611 3620 ἄλογον
633 3555 679 3605 καὶ
697 3549 771 3623 παρὰ
789 3558 875 3622 φύσιν
898 3558 1015 3620 ψυχῆς
1038 3555 1189 3619 κίνησιν,
1209 3552 1225 3620 b

12 3665 16 3669 .
79 3622 169 3691 ὁρμὴν
185 3623 406 3686 atterutoaoau
436 3623 537 3675 Cicero
556 3639 636 3688 vero,
663 3631 696 3684 ut
720 3633 847 3692 apparot,
872 3623 1016 3675 alios-hoc
1039 3624 1112 3689 loeo,
1137 3625 1228 3686 Zeno»

79 3707 148 3743 nem
161 3707 241 3744 .vero
264 3692 295 3743 in
326 3701 432 3762 quarta
455 3693 530 3746 libro
563 3703 606 3746 est
638 3693 874 3763 interpretatus.“
904 3694 1094 3756 Camerarius.
1137 3696 1228 3748 Locus

77 3761 250 3819 Lae'rtiiest
269 3763 300 3818 in
318 3765 433 3816 Zenone
451 3765 483 3816 L.
503 3765 567 3829 Vll,
586 3767 630 3819 63.
652 3768 711 3819 110.
748 3765 828 3817 Infra
845 3766 880 3817 In·
897 3765 991 3820 lVsti.
1020 3765 1138 3823 Cicero:
1162 3782 1228 3834 per·
1304 3810 1310 3817 ,

79 3831 210 3898 turbatio,
229 3833 279 3897 ait,
298 3841 457 3888 est-aversa
476 3850 494 3888 a
512 3841 589 3888 recta
607 3835 716 3888 ratione
734 3842 831 3888 contra
857 3843 986 3887 naturam
999 3835 1093 3899 ‚animi
1110 3852 1228 3891 eommo-

76 3901 131 3963 tio.
166 3904 212 3957 Ex
228 3903 314 3956 huius
332 3905 391 3959 loci
409 3923 476 3963 cum
495 3905 603 3958 Graeco
623 3906 1088 3976 illo,comparationeBouhierius
1107 3908 1227 3960 coniicit

77 3973 234 4047 legendmn
253 3978 325 4036 esse:
355 3991 416 4028 cum
435 3974 523 4029 amuis
538 3977 710 4043 perturbatio
728 3976 766 4029 eit
791 3976 901 4030 animi
918 3982 1041 4030 'motus
1066 3976 1228 4031 rationis

75 4060 220 4112 expers,
240 4046 350 4098 abiecto
369 4045 429 4098 oete
456 4046 594 4110 videlicet
606 4065 653 4101 ne
672 4048 773 4101 Cicero
793 4048 879 4111 dicat,
914 4064 972 4100 esse
990 4047 1118 4117 aliquem
1137 4047 1226 4100 animi

79 4124 189 4167 motum
207 4117 590 4184 rationem'adspernantem,
618 4135 672 4169 nec
696 4133 767 4170 vero
787 4119 908 4169 eundem
932 4117 1051 4169 rationis
1071 4127 1225 4187 expertem.

80 4185 160 4238 Idem
185 4188 312 4240 sentiens
336 4186 381 4238 eet
406 4185 520 4237 uncinis
543 4187 664 4252 inclusit
690 4187 879 4253 FAWalfius,
916 4188 1063 4241 eiecerunt
1089 4189 1174 4242 Sehz.
1199 4195 1228 4238 et

80 4255 147 4313 Bill.
167 4257 308 4311 Ernestus
324 4273 403 4321 vero,
429 4257 481 4323 qui
504 4256 576 4306 item
594 4256 647 4308 illa
664 4256 804 4310 divisione
828 4275 881 4327 per
904 4258 949 4311 uel
969 4259 1044 4311 facta
1072 4257 1230 4311 offendere·

81 4333 138 4391 tur,
158 4326 398 4393 abiectavolabat
413 4325 500 4379 verba
517 4326 562 4378 vel
578 4324 686 4385 rationi
704 4344 756 4381 nou
774 4327 913 4394 obediens,
933 4345 1000 4380 cum
1019 4330 1046 4382 ei
1060 4328 1229 4391 viderentur

10 4418 15 4431 ¹
78 4413 140 4463 ,csse
168 4399 371 4468 interpretatio
387 4396 597 4463 antecedentis,
631 4414 684 4451 nec
711 4399 749 4453 ab·
762 4416 795 4454 eo
817 4416 901 4461 sensu
920 4399 1074 4469 quicquam
1100 4394 1227 4449 differre.

79 2736 190 2806 Opinio,
205 2735 274 2800 δόξα

326 2809 404 2877 mati,
421 2811 507 2864 saecri
549 2783 562 2902 ἲ
