2842 5070
192 295 257 363 uo
390 289 621 357 menuctus
642 250 889 356 ruscunau.
911 288 1141 355 msrurar.

196 452 390 542 superiores
414 454 629 535 inclusimus,
655 458 777 525 volunt
797 476 867 520 esse
888 456 1087 519 imbecillam
1114 457 1350 524 assensionem.

136 545 177 599 16.
197 541 263 606 Sed
283 543 425 627 singulis
447 541 757 623 perturbationibus
778 549 890 622 partes
912 539 1060 603 eiusdem
1104 543 1214 603 enoris
1237 541 1352 622 plures

123 677 127 683 .
192 625 436 688 subiiciunmr:
464 632 503 685 ut
524 624 726 705 aegritudini
747 623 946 701 invidentia,
975 561 1151 699 (utendum
1183 631 1233 684 est
1262 625 1352 687 enim

195 706 335 770 docendi
358 726 457 769 causa
478 707 583 768 verbo
607 708 716 767 min'ns
737 706 881 787 usitat03
903 706 1058 788 quoniam
1079 704 1208 769 invidie
1225 727 1294 769 nou
1316 707 1353 768 in

195 810 247 869 co,
270 792 325 873 qui
347 788 486 866 invidet,
509 790 616 850 solum
639 788 777 868 dicitur,
799 789 855 850 sed
870 792 978 850 etiam
1011 791 1046 848 iu
1062 808 1120 864 eo,
1143 792 1198 850 cui
1219 789 1351 851 iuvide-

196 873 296 949 turt)
332 873 524 950 aemulatio,
560 871 773 949 obtrectatio,
810 869 1054 946 misericordia,
1081 891 1199 958 angor,
1229 872 1352 944 luctus,

194 974 343 1028 maeror,
380 973 552 1032 aerumna,
586 953 694 1032 dolor,
723 952 925 1026 lamentatio,
954 953 1155 1030 sollicitudo,
1184 955 1352 1034 molestia,

195 1040 382 1116 afflictatio,
419 1035 623 1119 desperatio,
660 1043 693 1098 et
719 1039 748 1097 si
779 1058 860 1120 quae
890 1046 968 1099 sunt
996 1036 1037 1097 de
1068 1057 1190 1123 genere
1223 1036 1351 1099 eodem.

193 1120 263 1185 Sub
283 1130 393 1183 metum
408 1127 518 1182 autem
532 1120 680 1182 subiecta
694 1127 772 1181 sunt
784 1120 931 1205 pigritia,
949 1118 1070 1201 pudor,
1087 1129 1213 1196 terror,
1236 1120 1352 1198 timor,

87 1275 97 1286 ι
195 1204 548 1286 ρονοο,·οκοοίωοῑίο,
576 1202 803 1287 conturbatio,
824 1201 986 1265 formido:
1022 1200 1183 1282 voluptati
1204 1201 1353 1267 malevo-

195 1378 340 1442 S'cribitur
358 1387 389 1440 in
408 1387 474 1442 cod.
495 1388 570 1440 bion.
586 1387 613 1440 2.
632 1386 663 1439 in
681 1396 773 1437 omnes
791 1385 952 1454 superiores
971 1383 1161 1450 definitiones.
1199 1386 1280 1439 Unus
1300 1388 1351 1440 Ox.

195 1459 368 1514 inducimur.
408 1459 452 1511 Ad
469 1476 497 1510 v.
517 1455 677 1513 inbecillam
700 1449 894 1509 assensionem
908 1457 945 1507 cf.
967 1455 1155 1508 Cic-Madd.
1176 1457 1215 1523 11,
1234 1459 1279 1523 32,
1299 1462 1351 1513 37:

196 1538 268 1585 nunc
294 1531 328 1582 de
355 1528 515 1583 assensione
535 1558 566 1570 —
586 1543 670 1598 quam
696 1526 801 1580 Graeci
824 1528 1025 1595 συγκατάθεσιν
1050 1533 1197 1579 cocant-
1225 1529 1275 1580 ubi
1292 1530 1352 1582 vid.

169 1603 380 1654 *Hiilsemanm
422 1603 509 1656 .493.
532 1627 565 1637 -
603 1598 748 1661 scribitur
770 1598 933 1651 imbecillem
956 1598 987 1649 in
1013 1598 1098 1651 Codd.
1118 1599 1192 1673 Aug.
1221 1601 1305 1651 Vind.
1326 1604 1350 1656 l.

196 1672 269 1726 Edd.
289 1670 317 1725 S.
338 1673 372 1724 Ε.
392 1619 515 1728 dwolf.
536 1670 603 1726 Cod.
624 1669 697 1722 Gud.
718 1668 836 1725 exhibet
854 1670 1096 1723 assentationem.
1122 1673 1197 1722 Mon.
1218 1673 1243 1725 2.
1268 1671 1354 1725 imbe-

195 1744 292 1797 cillam
316 1742 428 1798 animi
455 1740 667 1795 assertionem·
712 1741 756 1792 Ad
778 1759 806 1792 v.
832 1740 927 1793 colunt
950 1756 1010 1793 esse
1036 1759 1063 1792 v.
1084 1749 1173 1793 nostr.
1201 1751 1298 1797 annot.
1318 1744 1354 1797 ad

197 1815 258 1869 Cic.
283 1813 318 1867 de
343 1813 409 1866 Div.
430 1814 466 1867 Π.
496 1815 593 1884 ‹id-'p-
614 1815 676 1868 460.
713 1813 779 1864 Mox
807 1811 892 1865 Oodd.
914 1812 988 1864 Gud.
1011 1815 1034 1866 Ι.
1061 1810 1087 1876 (a
1107 1815 1131 1867 1.
1152 1810 1203 1877 m.)
1230 1816 1305 1866 Mon.
1326 1819 1351 1871 l.

196 1894 320 2014 aaa
339 1880 850 2024 iif·al³il·n¹2;.la¹³e.i·dal·
867 1881 1148 2022 libelli-'iniit
1167 1886 1241 2007 it·
1270 1888 1352 1985 ³³⁰5·

203 2034 206 2039 '
272 2027 309 2082 Ut
327 2026 504 2096 aegritudini
522 2057 554 2069 -
573 2023 733 2089 incidetur]
760 2027 874 2079 Proicit
892 2025 1003 2077 Nonius
1022 2025 1053 2076 in
1071 2024 1188 2079 inuidia.
1225 2026 1261 2078 D.

268 2098 400 2152 utendum
419 2103 461 2151 est
480 2098 553 2152 enim
573 2096 592 2150 d
599 2096 723 2150 ocendi
740 2094 836 2161 cauea]
855 2095 999 2162 „Dicendi
1017 2096 1060 2148 e'st
1078 2097 1109 2149 in
1126 2112 1183 2148 uno
1196 2096 1265 2148 Oxx.
1277 2099 1352 2151 Edd.

164 2207 167 2219 .
198 2171 231 2224 A.
250 2170 281 2222 B.
302 2169 330 2223 S.
350 2170 385 2222 Ε.
403 2170 475 2222 Van.
496 2176 587 2221 nostr.
607 2166 670 2220 Asc.
693 2172 716 2222 1.
735 2169 761 2222 2.
781 2169 862 2222 Junt.
900 2167 1228 2222 incanduerunt.
1258 2172 1353 2222 estin

96 2240 108 2249 ”
199 2238 348 2306 ιᾰεοὶιοο,
367 2239 418 2310 qui
435 2240 548 2294 inuidet.
587 2237 629 2290 Ad
648 2247 823 2290 structuram
849 2237 882 2291 in
908 2255 992 2292 eo-
1013 2237 1117 2293 dicitur
1142 2235 1295 2304 Gesnerus,
1324 2241 1357 2293 in

200 2330 241 2377 eo,
261 2313 311 2377 ait,
332 2313 411 2363 esti.
432 2328 459 2380 q.
481 2311 516 2362 de
535 2326 583 2363 eo.·
617 2326 789 2379 quamquam
809 2309 896 2362 etiam
915 2325 976 2363 esee
994 2318 1088 2378 potest
1106 2308 1245 2432 intelliffi.
1283 2311 1356 2363 Poni

119 2384 134 2430 ἰ
198 2390 293 2454 potest
312 2381 382 2433 item
403 2381 437 2434 de
454 2397 507 2452 pro
524 2380 572 2436 in.-
603 2381 637 2432 ad
655 2381 764 2432 Famm.
785 2382 807 2432 I.
827 2383 853 2437 9.
875 2389 947 2433 extr.
982 2380 1097 2448 Scripsi
1120 2386 1180 2433 trec
1217 2381 1292 2435 ibros
1319 2382 1332 2434 i
1338 2392 1356 2436 n

198 2452 388 2521 disputatione
415 2457 442 2505 et
467 2451 583 2520 dialogo
609 2451 643 2504 de
669 2450 803 2505 Oratore:
842 2469 1015 2522 quamquam
1037 2451 1088 2505 hic
1105 2452 1245 2505 'intellioi
1269 2454 1357 2506 etiam

220 2532 309 2576 otest:
342 2528 400 2578 tres
424 2539 455 2576 ιο
484 2523 600 2589 dialogo
629 2522 717 2576 libros
743 2523 883 2592 explevif‘
919 2526 1010 2577 Locus
1030 2531 1071 2576 cst
1091 2520 1115 2588 i.
1135 2527 1178 2580 67.
1199 2497 1242 2578 ab.
1262 2527 1356 2578 Kortt.

196 2540 239 2648 de
259 2596 382 2666 repetita
399 2594 526 2647 formula
552 2593 583 2646 in
601 2610 632 2646 ιο
652 2622 683 2631 -
703 2595 734 2648 in
754 2612 786 2648 eo
812 2595 869 2647 vid.
891 2594 1032 2650 Goerenz.
1062 2595 1097 2646 ad
1120 2595 1180 2648 Oic.
1209 2596 1243 2649 de
1268 2594 1370 2667 Finn.¹

201 2666 249 2721 IV.
270 2669 295 2721 6.
317 2669 358 2721 15·
386 2683 414 2737 p.
435 2667 495 2721 439.
535 2665 670 2717 Nostram
690 2665 776 2720 habes
800 2667 834 2719 de
853 2665 900 2717 Or.
920 2665 957 2719 11.
978 2668 1021 2720 61.
1040 2667 1107 2721 248:
1135 2666 1299 2721 Ridiculum
1317 2673 1357 2720 est

168 2800 172 2808 ¹
199 2737 273 2792 illud
290 2736 482 2790 Neronianum
509 2733 545 2788 in
571 2737 695 2801 furare
717 2752 821 2791 aereo
841 2737 966 2804 -quod
989 2736 1065 2789 idem
1088 2736 1127 2788 in
1150 2738 1233 2802 bono
1256 2754 1357 2792 servo

133 2824 141 2850 ³
200 2810 356 2864 dicieolet.
377 2807 521 2860 -=Gnd.
542 2810 568 2863 2.
588 2806 754 2876 habetque
773 2807 892 2861 incidet.
929 2809 1087 2861 Proelium
1109 2827 1182 2860 unus
1202 2811 1253 2864 Ox.
1272 2810 1357 2863 habet

200 2892 285 2947 meae:
318 2896 381 2931 eam
401 2894 503 2931 vocem
528 2879 639 2931 omittit
662 2879 736 2931 Gud.
756 2880 856 2932 'Unus
875 2878 925 2930 Ox.
951 2877 1035 2931 habet
1059 2877 1107 2947 qui
1130 2884 1254 2950 procui.
1293 2883 1358 2933 Post

200 2950 351 3003 aemulatio
377 2967 449 3001 unus
468 2950 518 3002 Ox.
543 2949 614 3002 haec
640 2950 735 3004 addit:
766 2948 927 3004 invidentia
958 2965 1023 3002 cero
1051 2951 1081 3002 in
1109 2967 1140 3003 eo
1167 2954 1216 3020 qui
1240 2953 1355 3006 inuidet.

202 3021 320 3074 Oeterae
337 3027 435 3090 parter
459 3021 652 3088 aegritudinis
672 3027 738 3074 eunt
761 3021 920 3074 aemulatio.
947 3021 1035 3073 Marb.
1055 3022 1167 3074 omittit
1185 3023 1357 3088 sollicitudo,

199 3093 338 3159 molestia,
358 3094 536 3159 afflictatio„
553 3092 633 3146 Unus
652 3094 702 3147 Ox.
721 3091 805 3144 habet
823 3091 975 3144 solitudo.
1003 3091 1077 3144 Gud.
1097 3095 1123 3146 2.
1143 3095 1227 3145 Vind.
1250 3100 1273 3148 l.
1302 3095 1359 3146 duo

200 3165 271 3233 Oxx,
291 3164 344 3216 Ed.
364 3166 392 3218 P.
412 3163 541 3230 afflictio.
578 3165 613 3215 In
631 3181 709 3235 seqq.
728 3163 813 3216 Vind.
834 3167 859 3217 l.
885 3163 930 3214 Au
953 3202 959 3215 .
988 3165 1063 3216 Mon.
1083 3165 1109 3218 2.
1138 3172 1167 3216 et
1190 3165 1261 3216 Edd.
1291 3167 1360 3231 (ex-

200 3245 283 3308 cepta
300 3234 343 3300 Ρ.)
361 3244 427 3288 ante
446 3234 537 3288 Gebh.
558 3241 583 3287 et
601 3233 628 3287 ai
646 3248 717 3305 qua.
738 3236 827 3307 liturg.
848 3233 905 3288 MS.
952 3233 978 3286 d.
998 3233 1062 3306 Asc.
1082 3237 1108 3289 2.
1137 3233 1194 3287 sint
1211 3252 1265 3305 pro
1284 3244 1358 3290 sient.

107 3307 109 3312 '
200 3308 290 3362 Rehd.
318 3315 383 3379 post
410 3307 504 3360 eodem
531 3305 610 3360 addit
638 3311 667 3358 ut
691 3311 765 3375 puto.
817 3305 852 3357 In
876 3304 974 3371 eudem
1002 3314 1067 3377 post
1096 3310 1193 3357 terror
1225 3309 1361 3374 sequitur

201 3386 349 3444 tremor,
377 3377 469 3432 timor.
507 3378 568 3430 Mr.
1176 3401 1182 3413 x

273 3450 328 3523 §aa
353 3457 454 3503 metum
476 3456 571 3502 autem
599 3446 724 3513 ncbjecta
749 3441 826 3510 eunt]
861 3444 987 3513 „hamb
1013 3446 1100 3499 metui
1125 3450 1224 3498 autem.
1252 3443 1290 3488 ..¹
1325 3451 1360 3503 111

163 3562 167 3573 ,
202 3520 269 3575 aliis
288 3522 418 3574 erunibus
435 3522 464 3575 le
487 3521 549 3572 itur
565 3519 613 3572 eud
631 3523 731 3569 metum
750 3522 845 3570 aulem
864 3545 897 3555 —
924 3516 1044 3569 Locutio
1068 3518 1190 3586 utraque
1208 3515 1281 3569 bona
1301 3529 1357 3573 est:

201 3593 250 3649 sed
268 3593 336 3665 quia
354 3592 408 3645 duo
427 3592 541 3661 reliqua
560 3604 667 3664 genera
685 3587 716 3640 in
731 3587 827 3640 dativo
846 3603 912 3640 casu
923 3587 1062 3650 nominat,
1082 3587 1160 3639 idom
1175 3587 1226 3639 hic
1242 3606 1358 3660 quoque

194 3661 609 3789 ueneramus·
622 3657 1225 3799 tenerenturneauru
1248 3663 1358 3785 aare

244 3757 282 3787 t.
369 3755 396 3789 m
464 3751 472 3785 ε
1143 3769 1148 3780 .

130 3795 135 3802 ’
201 3809 296 3872 neetui,
317 3806 393 3877 quod
412 3803 580 3875 respondeat
597 3748 778 3868 aioluplati’et
797 3746 1018 3869 libidint,gq11ae
1040 3748 1167 3871 dendent
1194 3749 1356 3871 abqeodem,

202 3878 279 3949 quod
297 3897 383 3949 supra
401 3876 543 3960 scriptum
561 3878 604 3924 est
630 3869 760 3938 Singulis
774 3871 1030 3939 perturbationibus
1045 3879 1142 3940 partes
1161 3873 1355 3928 subiiciuutur.

203 3980 236 3992 -
256 3949 330 4015 Quae
348 3949 412 4000 fuit
426 3955 512 4000 atram
530 3940 663 3995 Lasnbini
685 3941 858 3994 sententia.“
876 3941 964 3997 Boni.
996 3944 1096 4000 FAW.
1117 3944 1195 3997 dedit
1221 3946 1268 3998 aab
1285 3951 1356 3998 metu

203 4029 232 4076 et
250 4020 280 4072 h.
300 4022 329 4073 1..
342 4029 371 4073 et
389 4019 467 4071 iuna
484 4012 507 4079 i.
527 4016 569 4070 18.
590 4021 663 4066 extr.
684 4029 806 4083 eumque
825 4015 917 4068 secuti
941 4023 1007 4067 sunt
1026 4015 1110 4069 Schz.
1131 4024 1160 4069 et
1178 4017 1267 4069 Nobb.
1303 4017 1357 4069 Est

202 4108 271 4144 vero
290 4090 380 4145 itain
398 4105 448 4141 sex
466 4086 574 4140 Oxonn.
595 4084 670 4137 Gud.
689 4087 715 4140 2.
737 4083 811 4160 Aug.
831 4086 915 4139 Vind.
930 4091 954 4143 l.
993 4085 1048 4140 Sed
1066 4088 1202 4140 meliores
1220 4087 1306 4141 Oodd.
1327 4095 1356 4141 et

201 4163 274 4215 Edd.
295 4176 392 4216 ornnes
418 4174 454 4210 ex
477 4156 624 4210 Ciceronis
649 4173 713 4222 usu,
741 4157 1021 4228 putidam'quoque,
1051 4176 1136 4229 quam
1154 4158 1307 4211 Lambinus
1327 4167 1356 4211 et

201 4234 292 4287 Bouh.
311 4226 518 4299 desiderabant,
536 4229 715 4299 aspernantis
732 4229 928 4290 dilioentiam:
955 4230 1005 4282 aab
1023 4237 1133 4284 metum.
1171 4231 1205 4281 In
1224 4231 1308 4283 Vind.
1330 4234 1354 4284 1.

203 4306 354 4373 scribitur:
380 4306 445 4352 eunt
464 4297 562 4354 baec.-
579 4303 705 4370 pigritia
725 4327 758 4338 -·
787 4271 861 4355 itud.
881 4301 1040 4356 unomittit
1059 4298 1152 4354 timor.
1174 4301 1247 4354 Gud.
1270 4307 1293 4357 l.
1327 4309 1356 4354 ct

201 4375 245 4429 Au
268 4413 276 4430 .
303 4370 441 4427 exliibent
468 4373 671 4426 examinatio.
696 4372 779 4424 Vind.
811 4378 835 4428 1.
864 4373 997 4439 famido,
1021 4372 1208 4436 conturbatio,
1241 4374 1356 4426 inverso

107 4450 111 4463 ¹
202 4464 231 4500 on
288 4461 312 4500 c.
349 4440 441 4500 Verba
466 4443 614 4514 Voluptati
636 4460 727 4514 usque
753 4443 787 4497 ad
818 4444 928 4500 cimilia
953 4444 1057 4498 desunt
1083 4443 1115 4496 iu
1138 4443 1206 4498 Ood.
1233 4446 1307 4498 Mon.
1327 4446 1353 4498 2.
