2842 5070
461 336 464 341 ·
554 296 685 362 nunu
705 295 768 377 111,
787 297 840 396 aa.

196 521 200 526 .
285 461 431 534 Decre'ci
453 462 613 542 tantisper
632 482 679 525 me
698 463 799 525 ninus
820 458 971 537 iniuriae,

289 545 434 624 Clureme',
455 565 520 608 meo
542 553 646 626 gnato
667 543 788 625 fucere,
811 542 880 604 dum
901 541 975 626 fia'm
994 542 1098 604 miser.

124 771 203 836 ordo,
220 769 310 840 probe
328 765 573 842 videsglossema,
593 764 661 837 quia
671 765 814 820 Graecum
832 782 937 818 nomen
954 761 1013 817 ruit
1031 761 1172 816 usitatius.
1191 758 1275 843 Dein,
1318 823 1320 827 .

124 843 155 895 si
168 857 273 894 nomen
291 840 434 894 Graecum
451 847 613 910 anteponas,
631 837 720 890 latina
739 837 941 906 interpretatio
960 833 1137 899 redundabit,
1157 835 1277 902 quae-in
1297 865 1302 872 ·

87 971 90 976 ,
123 911 170 966 his
194 912 278 963 libris
304 910 368 963 addi
391 925 450 962 non
468 910 547 962 solet.
591 907 773 960 Alterutrum
791 908 884 982 igitur
908 906 1035 958 alienum
1054 912 1104 970 est,
1135 905 1279 965 Graecum

111 992 223 1036 -autem
240 980 317 1034 MSS.
336 980 459 1054 vestigia
478 978 633 1032 eiiciunt.“
650 979 760 1033 Nissen.
798 978 911 1043 „Verba
937 978 957 1029 i.
978 994 1002 1029 e.
1031 971 1052 1028 ἕ.
1072 996 1095 1028 τ.
1125 975 1279 1049 glossatori
1302 1015 1314 1038 ,.

125 1052 274 1106 debentur.
294 1051 394 1104 Cicero
412 1066 470 1102 non
488 1050 522 1102 d'e
540 1049 652 1102 fabulae
678 1049 873 1117 inscriptione
891 1049 1015 1100 lectores
1034 1044 1185 1098 admonere
1203 1046 1279 1111 vult,

128 1123 178 1175 sed
196 1122 230 1173 de
249 1122 375 1173 moribus
392 1121 519 1172 hominis
538 1138 567 1173 se
585 1121 679 1190 ipsum
699 1118 920 1171 excruciantis.“
939 1117 1040 1170 FAW.
1062 1117 1092 1167 in
1110 1116 1224 1177 scholis.
1245 1143 1279 1154 -

127 1191 321 1266 „significare
337 1192 403 1244 vult
421 1185 533 1256 Cicero,
551 1186 724 1243 Terentium
747 1188 852 1242 melius
870 1191 1016 1241 facturum
1033 1187 1130 1251 fuisse,
1157 1185 1181 1238 si
1200 1188 1281 1239 tabu·
1362 1192 1364 1194 ’

126 1263 172 1315 lae
190 1279 256 1314 suae
275 1261 403 1316 indicem
422 1262 537 1315 fecisset
556 1262 618 1329 lpse
636 1277 666 1313 se
682 1259 831 1327 poenisus.-
849 1256 908 1312 nc'n
927 1260 1004 1311 enim
1023 1257 1144 1310 defuisse
1159 1260 1281 1310 vocabu·

126 1333 190 1384 lum
206 1331 340 1384 latinum.
378 1332 428 1386 Sic
445 1332 469 1384 si
488 1333 608 1403 ceperis,
636 1330 745 1383 videbis
763 1332 814 1382 vix
833 1330 920 1383 aliter
946 1329 1071 1382 scribere
1090 1329 1214 1398 potuisse
1233 1328 1283 1382 Ci-

126 1415 262 1457 ceronem
287 1402 387 1472 [quam
412 1411 454 1459 ut,
473 1418 523 1454 nos
548 1400 720 1466 edidimus].'
748 1401 883 1471 Putidum
905 1402 1008 1453 fuisset
1029 1398 1076 1450 his
1103 1416 1160 1451 non
1178 1399 1281 1452 additis

127 1472 264 1541 omittere
284 1474 379 1544 ipsum
397 1473 538 1525 indicem:
559 1489 631 1542 quae
649 1480 746 1526 tamen
765 1472 906 1538 sententia
924 1479 985 1524 erat
1002 1468 1133 1521 Lambini
1151 1477 1182 1521 et
1194 1471 1282 1526 Wol-

127 1546 172 1609 fii,
192 1538 243 1612 qui
262 1544 293 1597 id
311 1568 345 1580 -
363 1561 419 1610 τιμ.
435 1543 552 1595 'uncinis
570 1542 698 1594 inclusit.
716 1546 719 1555 '
736 1541 860 1607 Puerile,
880 1543 956 1610 quod
974 1541 1061 1593 suasit
1078 1540 1178 1604 Bouh,
1203 1557 1282 1594 rece-

127 1616 174 1686 pit
192 1614 286 1665 Ern.“
312 1613 360 1668 Or.
380 1614 521 1679 xl’robant
546 1613 622 1665 hanc
643 1611 841 1664 defensionem
864 1612 959 1665 Ktihn.
979 1619 1019 1664 et
1045 1609 1125 1675 Bitl,
1158 1606 1282 1679 quorum

126 1675 212 1768 p'rior
234 1693 314 1738 recte
339 1689 438 1736 monet
465 1684 581 1736 defendi
605 1683 752 1755 vulgatam
777 1701 793 1734 a
816 1682 931 1734 Davisio
956 1680 1096 1750 exemplis
1121 1678 1198 1732 haud
1216 1700 1282 1736 sanc

116 1753 248 1806 idoneis.
286 1754 386 1806 Libros
409 1753 492 1805 valde
518 1754 633 1805 variare
660 1754 780 1820 quisque
806 1753 993 1823 exspectabit:
1022 1751 1094 1823 Aug.
1120 1751 1207 1821 quod
1231 1751 1282 1807 itte

131 1825 197 1877 Ter·
216 1821 277 1890 ipse
295 1840 325 1876 se
341 1823 507 1892 penitens
525 1821 614 1875 idern
633 1821 744 1875 decrevi
763 1849 795 1860 -
815 1823 888 1875 Gud.
910 1827 934 1877 1.
957 1825 1146 1875 terrentianus
1165 1850 1198 1859 -
1213 1836 1282 1891 pae-

128 1897 222 1947 nitens
242 1927 281 1962 -‚
303 1909 410 1961 τειμω
440 1892 694 1945 PorMeNOO.
721 1892 793 1944 Gud.
820 1895 844 1947 2.
871 1894 998 1961 penitens
1023 1919 1056 1928 —
1080 1893 1283 1961 r-'yonpopoetu-

127 1963 311 2032 lopo'yoxpoc.
339 1964 429 2018 Rehd.
456 1962 528 2020 Gud.
554 1962 650 2015 Duisb.
673 1962 829 2031 poenitens,
857 1961 941 2033 supra
963 1961 1017 2015 lin.
1041 1961 1130 2015 Rehd.
1149 1966 1279 2032 plectens.

127 2035 164 2088 In
184 2034 256 2088 Gud.
276 2036 342 2088 loco
359 2034 513 2088 verborum
527 2035 705 2086 Graecorum
723 2034 864 2102 scriptum
882 2041 924 2086 est
942 2033 1018 2087 idem
1029 2033 1172 2086 Graecum.
1192 2035 1281 2102 Marb.

125 2105 254 2174 penitens
281 2105 301 2157 i.
322 2123 345 2158 e.
372 2105 543 2174 Epapoonej,
571 2121 657 2174 supra
683 2103 735 2155 lin.
765 2103 829 2166 Gr.;
854 2104 952 2156 Rarus
963 2104 1091 2172 penitens
1119 2129 1152 2140 -—
1178 2108 1283 2167 aaaron

132 2179 411 2243 Θειιιωρυμενος.
430 2178 540 2230 Monl.
558 2168 949 2246 puniens-upopov'nnog.
970 2179 1042 2229 ltlon.
1055 2178 1081 2230 2.
1102 2176 1171 2242 qnid
1187 2177 1283 2232 tttua

132 2245 353 2299 Terreutianus
377 2262 413 2299 se
434 2245 597 2314 puniens,
627 2243 737 2297 omissis
764 2245 893 2298 Graecis·
909 2254 939 2298 et
962 2245 1057 2297 verbis
1083 2245 1115 2296 id
1142 2254 1185 2299 est
1211 2248 1281 2315 ipse.

86 2327 93 2332 '
129 2316 210 2368 Unus
229 2317 279 2369 Ox.
297 2316 392 2381 habet,
411 2325 445 2368 ut
462 2333 512 2369 nos
531 2316 680 2379 edidimus,
705 2314 762 2366 nisi
788 2316 864 2384 quod
886 2314 1025 2368 scribitur
1043 2315 1177 2382 puniens3
1210 2318 1280 2371 duo:

130 2386 192 2452 ipse
210 2386 446 2453 repoenitens
464 2383 790 2448 heautontimorumenos;
817 2385 902 2438 habet
921 2387 1008 2438 etiam
1031 2387 1104 2437 alius
1122 2386 1282 2462 paneadensi

130 2456 202 2507 duo:
230 2453 291 2522 ipse
310 2471 340 2508 se
354 2455 482 2524 penitens
500 2451 575 2508 idem
601 2455 633 2507 in
651 2461 945 2508 eutoutumerumencn.
973 2454 1057 2507 Vind.
1076 2457 1102 2512 2.
1116 2457 1281 2525 ‘poenitenn

130 2524 224 2576 Verba
241 2525 274 2579 id
291 2532 332 2579 est
350 2527 488 2578 omittunt
503 2525 576 2578 Edd.
596 2527 625 2577 Ρ.
645 2524 678 2576 A
697 2527 728 2578 Β.
747 2527 818 2577 Ven.
838 2534 927 2578 nostr.
953 2524 1016 2577 Asc.
1038 2528 1062 2580 l·
1083 2529 1108 2582 2.
1128 2529 1213 2580 Junt.
1247 2532 1282 2582 In

129 2597 201 2648 Ven.
222 2604 320 2656 nostra
336 2595 486 2650 scribitur:
505 2589 622 2664 puniens
640 2609 687 2646 eus
705 2595 950 2649 tantimorumenos
973 2594 1084 2660 (errore
1103 2614 1139 2649 ex
1155 2614 1283 2667 pronun-

130 2665 252 2718 tiatione
271 2665 563 2731 eaftcntinaornmenos
583 2664 657 2730 orto)
675 2667 756 2719 Junt.
776 2682 805 2718 se
820 2664 940 2734 puniens
958 2663 1280 2734 enpbtcntimcrumenos.

129 2736 268 2805 Reliquae
281 2737 352 2789 Edd.
371 2738 520 2790 nobiscum
537 2737 659 2801 faciunt,
678 2737 735 2788 nisi
788 2736 823 2789 od
841 2737 982 2807 scriptum
1002 2736 1137 2790 exhibent
1155 2729 1281 2805 puniens.

130 2803 269 2859 Poenicus
288 2816 470 2877 receperunt,
493 2813 559 2878 post
575 2807 732 2872 Davisium,
776 2805 895 2862 Awolf.
922 2802 1005 2860 Schz.
1026 2807 1077 2859 Or.
1097 2807 1187 2860 Ncbb.
1208 2810 1281 2864 Tbn.

78 2874 81 2887 ’
124 2879 247 2930 Praeter
264 2877 409 2933 Woltiurn
433 2893 519 2930 nemo
543 2876 629 2929 verba
654 2875 687 2928 id
709 2881 751 2929 est
773 2873 795 2928 ἕ.
820 2893 844 2927 τ.
872 2877 1002 2947 (praeter
1027 2875 1206 2944 K'dhnerum,
1230 2880 1304 2964 ‘1¹¹3‘

131 2947 263 2999 consulto
281 2963 339 2998 non
358 2947 390 2998 ab
410 2964 442 2999 eo
461 2939 599 3009 disbessit,
624 2947 712 2998 etiam
729 2947 779 3001 ubi
804 2946 837 2998 ab
856 2963 889 3000 eo
911 2947 1087 3010 dissentiret)
1105 2949 1219 3002 uncinis
1238 2969 1284 3003 in·

131 3017 231 3069 clusit:
264 3032 360 3084 neque
383 3015 413 3067 id
435 3017 537 3068 fecisse
560 3015 676 3068 videtur
689 3016 761 3084 -ipse
783 3017 836 3070 W.
857 3017 889 3068 in
906 3015 959 3069 Ed.
974 3016 1010 3079 ⁴lt
1029 3034 1087 3070 non
1106 3017 1183 3072 enim
1202 3024 1283 3074 cob'r·

111 3084 114 3088 ’
132 3086 195 3139 cuit
212 3085 294 3136 uncis
311 3085 390 3150 Bill„
410 3086 461 3153 qui
480 3082 549 3137 alibi
568 3085 725 3138 editionem
742 3087 795 3140 W.
813 3087 939 3157 primam
964 3089 1111 3156 expressit.
1148 3092 1209 3144 Mr.

182 3218 185 3223 ,
206 3162 392 3225 Terentianus
410 3172 471 3240 ipse
489 3188 520 3225 se
535 3171 692 3241 poenisus]
731 3173 910 3237 „inducitur
928 3171 1068 3227 nimirum
1086 3174 1118 3225 in
1137 3193 1170 3228 ea
1187 3177 1283 3230 fabula

132 3251 220 3296 senex
238 3244 417 3297 Menedemus
436 3251 526 3296 semet
544 3242 791 3312 ipsumsi-uetans,
810 3243 877 3295 dum
895 3244 926 3309 in
944 3244 1033 3295 fundo
1050 3244 1134 3309 fodit,
1154 3256 1215 3298 arat
1227 3256 1283 3300 ,aut
1338 3262 1341 3267 ·

131 3312 244 3381 aliquid
268 3313 339 3365 facit
365 3314 426 3366 sine
452 3310 623 3377 laxamento,
654 3312 689 3365 ob
713 3312 809 3365 filium
827 3312 1071 3366 adolescentulum
1086 3311 1282 3382 amandatum,

132 3383 234 3465 quiin
252 3382 348 3436 Asiam
371 3385 414 3436 ad-
429 3400 530 3468 regem
551 3383 972 3466 militatum.abiit,lpaternac
995 3382 1169 3438 morositatis
1192 3387 1284 3459 impa'-

132 3462 222 3508 ttens:
243 3454 277 3508 de
296 3469 353 3524 quo
371 3453 506 3507 Horatius
524 3453 555 3505 in
574 3453 771 3507 Sermombus:
792 3449 866 3520 [Sat.
886 3455 909 3507 1.
929 3457 956 3510 2.
975 3454 1122 3521 2042]

297 3574 330 3586 -
350 3575 383 3586 -
411 3534 457 3604 lia
475 3549 506 3595 ut
522 3548 606 3614 puter
623 3540 673 3595 ille
694 3536 810 3594 Terenti

298 3614 404 3666 Fabula
424 3629 502 3683 queen
519 3620 586 3667 nato
609 3614 743 3668 nsiserum
765 3610 873 3664 ciuisse
898 3613 1000 3680 fugato

96 3683 98 3686 ’
131 3684 420 3807 Beroaldmplnducit,
448 3700 504 3738 non
523 3700 553 3738 se
569 3683 652 3754 peius
670 3682 840 3738 cruciaverit
860 3687 941 3752 atque
958 3681 1036 3735 iic.“

205 3839 324 3895 Decrevi
342 3841 525 3912 tantisper
544 3874 577 3888 -
596 3842 690 3912 dum]
726 3841 824 3910 „ch
842 3841 906 3896 diu:
931 3839 1056 3913 postulat
1074 3841 1154 3898 enim
1170 3853 1235 3916 post
1253 3863 1282 3902 se

133 3913 207 3965 haec
230 3912 373 3980 particula
399 3915 465 3965 dum
488 3915 537 3967 vel
562 3916 648 3968 donec
672 3913 721 3968 vel
745 3915 843 3982 quoad.
871 3915 921 3967 ·Ut
946 3913 1061 3984 Cicero:
1092 3915 1124 3968 in
1146 3931 1283 3970 carcerem

135 3980 243 4046 ductus,
264 3985 294 4033 nt
311 3980 354 4034 iti
371 3989 443 4034 esset
462 3985 608 4052 tantisper,
627 3985 693 4038 dum
710 3985 802 4039 autern
816 3984 849 4022 -’
867 3990 1088 4051 compararetur.
1109 3986 1142 4037 A.
1154 3987 1281 4041 Gelliust

134 4053 178 4106 Ec
196 4050 324 4118 consilio,
343 4057 375 4103 nt
392 4051 498 4104 ciceret
516 4054 627 4122 quidem
640 4057 784 4123 turetisper,
804 4056 895 4125 quoad
908 4056 986 4120 fieret
999 4050 1179 4124 permutatio.
1199 4058 1284 4129 Apud
1372 4098 1380 4120 .

135 4124 252 4176 Livium
277 4123 418 4192 tantisper
441 4122 565 4178 absolute
589 4124 714 4193 positum
733 4133 775 4177 est
792 4143 845 4194 pro
868 4126 1056 4178 interea‘sive
1074 4129 1280 4181 tantummodo.

135 4194 185 4249 Sic
204 4193 282 4246 enim
300 4189 401 4246 scribit
419 4193 449 4243 in
468 4194 493 4244 I:
524 4193 628 4246 Tamen
646 4194 678 4246 id
692 4195 840 4261 imperium
859 4197 887 4248 et
905 4195 1085 4261 adpeterent
1104 4194 1221 4250 aetatem
1239 4199 1283 4251 in·

135 4266 240 4319 colunne
257 4264 361 4317 necarit
377 4262 512 4330 tantisper
530 4265 614 4316 tutela
632 4264 794 4317 muliebri.“
809 4265 876 4316 Ber.
912 4265 1003 4316 Locus
1021 4265 1173 4339 Ciceronis
1188 4275 1229 4320 est
1248 4268 1282 4320 de

135 4337 249 4388 invent.
271 4338 307 4388 11.
328 4338 370 4390 50.
392 4337 450 4389 149.
472 4334 563 4386 Gellii
580 4333 616 4386 N.
637 4335 670 4385 A.
690 4336 737 4386 vl.
758 4338 783 4389 4.
804 4335 881 4386 Livii
899 4336 923 4387 1.
944 4337 969 4389 3.
991 4338 1014 4389 l.
1037 4362 1070 4373 -
1105 4338 1210 4389 Versus
1227 4338 1283 4389 Te-

136 4406 264 4463 rentiani
282 4405 314 4458 ab
332 4405 500 4481 Eugraphio
518 4403 761 4481 itapexplica'ntur
779 4404 848 4471 [Ed.
867 4405 1020 4459 Lindenbr.
1047 4423 1075 4475 p.
1095 4407 1186 4473 5524:
1223 4407 1284 4460 Hoc

160 4507 240 4553 cicero
248 4507 313 4557 Tusc.
325 4508 390 4566 Dtep.
405 4509 441 4557 ed.
456 4508 540 4556 Moser.
556 4507 581 4552 T.
591 4507 625 4551 Π.
792 4573 809 4593 .›
1017 4511 1058 4575 13

1392 1301 1405 1327 N
