2842 5070
381 260 822 358 .'msnu111,11.12.
1017 326 1020 331 ,
1167 280 1209 346 us

59 446 122 525 tibi
143 447 180 506 in
201 445 387 526 sapientem
409 442 529 506 cadere
551 443 683 508 dixistis
717 440 805 525 quod
828 461 890 528 ego
911 441 1002 504 nullo
1022 440 1121 505 modo
1141 445 1207 505 exi-

58 531 167 590 stimo.
191 527 297 588 Tetra
309 527 397 589 enim
419 545 472 587 res
494 536 554 604 est,
576 528 710 602 misera,
732 522 949 602 detestabilis,
970 525 1060 586 omni
1074 534 1208 588 conten·

59 611 162 682 tione,
184 610 282 686 velis,
304 617 345 668 ut
365 609 412 668 ita
433 605 552 686 dicam,
574 609 742 689 remisque
763 605 932 693 fugienda.
1032 609 1042 629 ⁸

145 692 261 756 Qualis
284 690 372 752 enim
393 690 455 752 tibi
471 690 536 753 illc
554 689 692 755 videtur
1142 754 1148 765 ,
1180 758 1187 770 s
1233 694 1273 757 12

65 817 170 824 ,ψ
479 814 1211 827 ᾙ-ῌέ-,Ἣ
1230 774 1273 830 26.

76 895 79 898 ⁴
131 873 204 943 quod
222 892 272 942 ego
290 875 366 928 nullo
384 877 465 937 modo
483 873 616 928 existimo
628 875 672 942 -]
692 875 870 940 ‚‚Videlicet‚
889 883 924 927 ut
934 873 1056 940 Stoicus,
1075 881 1161 948 negat
1180 847 1292 955 inissuffi'

59 964 89 998 sa
111 946 219 999 ientem
237 947 336 1001 cadere
354 945 566 1022 aegritudinem
584 947 644 999 sive
662 945 821 999 tristitiam.
858 946 1043 1016 Peripatetici
1061 961 1140 1010 vero,
1160 945 1211 1014 qui

60 1034 75 1069 a
101 1025 178 1068 ectus
196 1033 254 1068 non
271 1016 389 1082 tollunt,
415 1017 464 1070 sed
481 1025 655 1086 temperant,
682 1016 797 1082 dicunt,
823 1017 991 1082 dolebimus,
1016 1015 1064 1069 sed
1082 1014 1209 1069 modice:

60 1087 301 1156 concupiscemus,
321 1087 374 1143 sed
407 1105 485 1141 arce:
507 1089 674 1152 irascemur,
694 1087 742 1140 sed
759 1085 968 1158 placabimur.“
995 1087 1130 1140 Beroald.
1155 1088 1210 1139 Pro

57 1163 149 1209 taetro
169 1158 235 1210 cod.
256 1161 329 1210 lllon.
349 1161 378 1229 2.,
416 1159 480 1211 abet
499 1164 620 1223 caetera,
639 1148 721 1209 facili
739 1159 830 1229 lapsu,
850 1157 874 1209 si
892 1159 965 1227 quis,
990 1157 1065 1227 quod
1084 1157 1210 1210 solebant

58 1227 175 1291 scribae,
208 1229 242 1281 ad
268 1230 440 1282 sententiam
465 1245 522 1281 non
549 1227 720 1292 attenderet.
759 1231 824 1280 Mox
850 1228 923 1280 Gud.
943 1231 969 1284 2.
998 1236 1032 1282 et
1049 1227 1155 1282 misero
1174 1233 1210 1281 el

59 1297 253 1363 detestabilia.
275 1317 349 1353 unus
373 1300 423 1352 Ox.
445 1298 553 1351 misero
577 1306 613 1352 et
640 1297 825 1351 delectabilis.
853 1298 925 1352 Gud.
954 1302 977 1352 l.
1006 1315 1112 1365 omne,
1137 1317 1210 1351 unus

60 1368 109 1420 Ox.
137 1371 285 1438 omnique.
304 1370 397 1423 ltlarb.¹
417 1373 651 1438 contemptione.
678 1370 761 1422 Vind.
784 1373 807 1423 l.
836 1373 869 1421 el
892 1367 971 1436 uelis,
996 1371 1071 1440 quod
1096 1370 1210 1424 volebat

59 1439 238 1493 Bouhierins.
263 1443 343 1493 Unus
363 1441 413 1492 Ox.
433 1441 476 1493 uel
492 1458 545 1513 pro
563 1440 642 1492 uelis.
681 1441 740 1493 Mr.

129 1510 200 1563 uelis
219 1541 250 1552 -
272 1510 423 1579 remisque]
461 1509 571 1563 Similis
588 1510 658 1562 hnic
676 1509 829 1580 proverbio
848 1519 891 1563 est
911 1526 1010 1563 versus
1028 1511 1149 1586 Virgilii
1175 1511 1211 1564 de

60 1578 120 1649 ipsa
137 1581 328 1663 navigatione,
348 1581 419 1634 Aen.
430 1583 482 1663 lll.
496 1585 560 1665 563:
580 1579 702 1634 Laevum
720 1585 820 1664 cupsta
838 1579 937 1633 colors
954 1583 1062 1636 remla
1079 1581 1212 1635 oeulis-

59 1651 456 1787 llelilllmifduflj
472 1651 1213 1788 iliiuiiiiisidliiiui‘Filii-'iiiiiiiiii

60 1793 126 1845 568:
154 1791 287 1860 proprie:
318 1793 406 1843 remis
424 1791 548 1859 uelisque
569 1790 710 1857 impellite
724 1792 846 1858 puppim.
874 1792 916 1845 De
934 1791 988 1845 Off.
1009 1794 1061 1846 111.
1081 1796 1124 1850 33.
1146 1797 1211 1850 116:

28 1887 30 1892 .
59 1860 135 1912 uiris
153 1861 290 1930 equisque,
309 1867 339 1913 ut
359 1860 474 1927 elicitur,
494 1861 743 1914 -decertuudum
760 1867 819 1914 est:
839 1863 888 1914 ubi
905 1862 964 1914 vid.
983 1865 1075 1916 Beier.
1095 1882 1123 1934 p.
1143 1867 1211 1928 4⁰⁷3

58 1931 197 1986 Manibus.
214 1933 395 2001 pedibusque,
420 1933 502 2002 {apud
522 1931 640 1985 Terent.
669 1930 759 1984 Andr.
783 1932 807 1985 l‘.
835 1936 859 1986 1.
890 1935 949 1988 134.
972 1933 1030 1985 ubi
1062 1951 1090 1985 v.
1113 1933 1213 1988 Ruhn-

59 2002 127 2054 ken.
165 2003 225 2056 M'r.
771 2031 773 2035 ν

130 2089 154 2125 c.
176 2075 217 2127 12.
247 2073 347 2128 Qualis
370 2071 443 2125 euim
466 2073 517 2127 tibi
542 2073 593 2126 ille
619 2072 747 2141 videtur]
779 2073 845 2127 (iod.
871 2073 946 2127 Gud.
965 2077 990 2132 2.
1018 2075 1118 2145 Qualis
1143 2073 1157 2127 a·
1164 2075 1215 2128 lle

59 2140 95 2194 ui
101 2143 205 2195 delur
222 2143 289 2196 ille
311 2144 343 2196 Τ.
363 2143 452 2196 Rehd.
472 2144 522 2197 ille
540 2145 602 2198 uui.
622 2147 697 2198 Mon.
720 2149 743 2199 l.
770 2153 800 2197 et
818 2145 873 2198 duo
893 2146 963 2200 Oxx.
988 2146 1129 2199 omittunt
1152 2145 1211 2200 s'lle.

60 2213 211 2277 „Psalmo
228 2219 387 2283 prognatus
406 2214 425 2266 i.
446 2231 469 2267 e.
489 2215 639 2286 Thyestes,
658 2216 737 2268 filius
755 2215 877 2286 Pelopis,
896 2232 985 2287 nepos
1002 2216 1128 2292 fl‘antali,
1147 2233 1214 2287 pro-
1274 2260 1275 2264 ,

61 2301 149 2354 nepos
162 2285 256 2336 lovis:
276 2285 310 2338 de
330 2301 387 2353 quo
408 2285 515 2359 tragici
533 2290 633 2356 po'e‘tae
652 2285 813 2359 tragoedias
831 2287 889 2339 scri
910 2287 1043 2353 titarunt,
1064 2287 1157 2358 qualis
1171 2292 1218 2341 es't'·

60 2355 136 2424 apud
154 2354 291 2407 Senecam
303 2355 391 2407 titulo
410 2373 442 2431 ar
483 2367 638 2427 mentoque
646 2356 797 2427 Thyestes
833 2305 1008 2412 verialiaec
1025 2367 1093 2410 sunt
1106 2359 1218 2445 tragici

60 2426 162 2494 politae
175 2426 296 2490 ueteris,
322 2426 383 2477 sive
402 2426 425 2477 is
472 2426 549 2478 ocius
568 2429 627 2481 sire
645 2428 784 2480 Pacuvius
811 2427 857 2494 sit,
885 2429 944 2481 slve
963 2429 1107 2500 quispiam
1124 2431 1212 2485 alnus:

62 2496 114 2564 qui
133 2495 285 2548 inducebat
302 2495 461 2566 Thyestem
487 2499 622 2565 fructum,
648 2506 835 2565 maerentem,
859 2499 1043 2573 aegritudine
1069 2516 1128 2552 sese
1146 2517 1214 2554 con-

61 2565 216 2631 ficientem,
236 2576 384 2637 postquam
402 2567 523 2621 rescivit
541 2570 595 2621 sibi
613 2569 757 2639 appositos
774 2569 861 2640 luisse
880 2588 895 2621 a
912 2571 1004 2623 fratre
1022 2568 1112 2623 Atreu
1138 2571 1218 2624 lilios·

63 2637 230 2706 epulandos:
258 2639 310 2708 qui
328 2639 402 2708 apud
421 2639 559 2693 Senecam
577 2641 840 2714 exclamans-,rogat
857 2641 965 2706 lovem,
991 2649 1025 2692 nt
1042 2642 1138 2711 ipsum
1154 2642 1214 2695 telo

62 2708 182 2760 trisulco
206 2717 295 2778 petat,
331 2718 365 2761 ut
391 2727 445 2779 per
468 2720 568 2781 pectus
598 2713 688 2782 ipsius
712 2711 894 2763 transmittat
926 2713 1087 2764 flammeam
1112 2712 1216 2766 lacem.

62 2777 146 2847 Apud
163 2778 328 2832 Diomedem
347 2781 574 2834 Grammaticum
592 2799 646 2853 pro
665 2781 797 2852 e'xemplo
814 2782 933 2866 figurae,
952 2799 1024 2852 quae
1048 2783 1155 2835 climax
1172 2783 1217 2836 di·

63 2849 142 2900 citur
159 2850 219 2902 sive
238 2851 375 2932 gradatio,
394 2854 564 2905 referuntur
580 2853 668 2917 verba
684 2853 764 2906 hisce
775 2852 952 2906 connmilia:
972 2870 1039 2906 cum
1057 2854 1112 2906 ait:
1131 2852 1218 2925 Apud

63 2928 195 2971 nostrum
220 2929 306 2972 etiam
330 2923 474 2994 tragicum
500 2926 556 2976 sic:
604 2944 609 2959 ²

200 2991 293 3042 leue
310 2998 468 3057 prognatus
486 2999 537 3058 eet,
550 3001 598 3047 -ul
609 2991 760 3061 perbibent,
787 2994 937 3047 Tantalus:

202 3059 266 3129 *fua
287 3060 405 3114 Tantalo
425 3070 503 3127 ortua
520 3063 631 3131 Pelops,
649 3081 684 3118 eu
700 3065 800 3131 Pelope
818 3070 900 3117 sulus

151 3183 156 3189 ,
212 3130 347 3196 ildtreus,
367 3131 414 3200 qul
432 3130 560 3216 rppulruin·
571 3150 657 3201 porro
675 3140 816 3200 propaget
834 3133 952 3200 genus.“
975 3135 1143 3189 Beroaldus.

65 3200 185 3266 „Libris
270 3203 475 3269 addicentibus
493 3201 570 3255 nffiil
589 3205 744 3274 quidquam
761 3205 792 3254 in
801 3204 940 3256 Cicerone
958 3207 1145 3258 mutaverim:
1166 3208 1216 3260 du-

64 3273 144 3323 bium
163 3280 221 3324 tam
233 3260 285 3343 *¹1:251
286 3279 330 3344 pp
345 3264 474 3341 vitietur,
493 3277 565 3347 qui'n
583 3275 698 3327 Tullius
717 3274 751 3326 ad
769 3275 874 3347 tragici
892 3275 1039 3337 cuiusdam
1056 3294 1153 3331 versus
1172 3296 1218 3333 re-

67 3343 204 3412 spexerit,
230 3370 256 3393 ιι
354 3363 382 3398 se
401 3345 507 3398 habent
525 3347 600 3417 apud
618 3344 844 3411 Quintilianum:
1289 3352 1290 3356 ’

231 3415 297 3468 Inue
313 3422 487 3484 propagatus
505 3425 558 3483 est',
576 3423 608 3469 ut
624 3415 774 3485 perbibent,
798 3416 944 3482 Tantalus,

232 3486 276 3606 {a
296 3487 412 3540 Tantalo
430 3488 540 3556 Pelops,
559 3505 594 3542 ee
610 3488 711 3557 Pelope
728 3491 820 3538 autem
837 3493 917 3540 sulus
1017 3521 1024 3525 „

261 3562 336 3610 treus
363 3567 417 3612 etc.
1336 3613 1342 3620 .

67 3625 127 3678 llos
154 3642 190 3678 ex
216 3597 344 3682 rhetore,
365 3629 546 3682 nobilissimo
577 3630 732 3700 descripsit
752 3627 906 3683 Diomedes
931 3628 982 3680 lib.
1008 3630 1046 3684 11.
1072 3631 1127 3684 col.
1152 3635 1216 3691 4¹4³.
1248 3617 1250 3621 ⁵

67 3694 133 3747 Alia
155 3698 243 3749 etiam
263 3716 335 3767 quae
359 3701 546 3770 praecedunt,
577 3701 737 3754 ex.eodem
762 3699 899 3753 thesauro
923 3709 1072 3756 mutuatus
1101 3711 1153 3756 est.
1183 3732 1216 3744 -

63 3766 148 3832 ⁴Quod
167 3766 265 3836 paullo
283 3779 350 3838 post
368 3772 510 3840 sequitur,
529 3771 704 3823 cothurnum
720 3771 789 3824 olet.
808 3769 925 3840 steph:
944 3779 1041 3826 auctus
1048 3782 1089 3827 esl
1097 3777 1215 3843 nuptiis.

68 3836 187 3907 Repono
212 3841 301 3891 unetu’
324 3849 350 3893 rt
373 3844 494 3912 nuptiis,
522 3850 555 3893 nt
581 3844 618 3894 sit
647 3875 678 3884 -
706 3843 923 3910 Hippodamiam
955 3850 1039 3910 raptu
1074 3848 1164 3899 noelu'
1191 3855 1218 3901 sl

69 3907 413 4048 letl‘t„{⁶¹¹u:ef⁵²’
429 3911 1215 4041 siz}eulussttl‘uiuillz·‘illlzitlil·

69 4059 184 4104 rectum
203 4066 293 4104 socru
331 4019 475 4105 Videiitur
498 4064 594 4107 autem
621 4054 653 4106 hi
672 4065 771 4108 versus
791 4073 828 4107 ex
845 4043 953 4120 eadem,
982 4075 1037 4126 qua
1056 4067 1217 4128 sequentes,

67 4130 114 4174 tra
137 4121 218 4175 cedia
243 4125 362 4192 sumpti,
390 4141 425 4176 ex
449 4124 540 4176 Ennii
564 4124 721 4194 Thyeste.“
750 4124 837 4181 Bonis.
883 4128 919 4179 ln
943 4126 997 4182 Ed.
1028 4128 1218 4194 Quinctiliani

71 4141 278 4268 Spefidingiana
296 4195 353 4261 illi,
374 4211 446 4264 quos
465 4194 584 4248 laudant
601 4196 665 4250 Ber.
691 4205 719 4249 et
737 4196 819 4261 Dav,
847 4215 947 4251 versus
966 4199 1007 4251 ita
1031 4201 1216 4254 scribuntur=

237 4266 303 4318 lore
320 4268 496 4334 propagatus
515 4273 555 4318 est
575 4266 616 4329 (ut
631 4267 787 4334 perbibent)
808 4268 952 4335 Tantalus,

237 4337 281 4389 lla
302 4337 421 4390 Tanlulo
440 4342 544 4389 ortus
561 4336 671 4405 Pelops,
691 4355 724 4391 es
742 4337 842 4407 Pelope
860 4348 973 4392 autem
990 4346 1066 4391 sutus

237 4407 351 4470 Atreus,
370 4409 417 4476 qui
435 4413 559 4463 nostrum
572 4425 661 4477 porro
677 4417 819 4479 propagat
837 4426 934 4477 genus.
