2842 5070
956 183 964 213 t

115 312 158 377 86
324 305 556 394 CICERONIS¹
571 303 817 371 TUSCULAN.
839 300 1071 380 nlsru‘rtrss

111 477 224 538 luctus
245 492 397 548 maerere
419 493 455 534 se
476 471 696 549 conficientis,
718 470 806 553 quod
828 471 994 552 imperare
1015 489 1082 530 non
1104 469 1207 531 liceat
1228 469 1273 529 ti·

55 557 98 616 2⁷.
117 560 218 622 beris.
262 557 448 637 Dionysius
469 554 796 636 quidem-tyrannus,
819 552 993 632 Syracusis
1015 555 1183 635 expulsus,
1207 549 1272 612 Go-

117 641 224 703 rinthi
245 657 368 720 pueros
390 637 545 699 docebat:
566 656 719 716 usqueeo
741 637 884 716 imperio
907 653 1102 697 carereuon
1123 643 1270 716 poterat.

71 768 73 772 -
117 722 303 803 Tarquinio
332 740 414 783 vero
437 717 517 800 quid
539 719 789 800 impudentius?
813 719 871 798 qui
891 716 1015 780 bellum
1036 730 1172 804 gereret
1194 738 1272 778 eum

116 808 170 877 iis,
202 807 261 884 qui
288 805 360 864 eius
392 821 458 862 non
486 802 629 863 tulerant
657 802 857 881 superbiam.
912 800 961 879 Is,
997 822 1098 882 quum
1132 802 1272 864 restitui

80 1015 82 1018 ⁴
118 1040 120 1046 .
181 989 295 1056 literis]
337 988 502 1054 „Bifariam
520 994 617 1056 potest
634 987 739 1057 accipi,
766 988 815 1039 vel
833 987 910 1056 quod
927 987 1059 1057 privatus
1076 987 1170 1041 fuerit
1196 988 1271 1052 filia,

113 1072 209 1133 neque
228 1063 291 1113 'iam
315 1061 347 1112 in
374 1077 436 1112 eam
459 1059 616 1128 imperium
640 1059 787 1112 habuerit:
824 1058 873 1111 vel
892 1057 968 1127 quoti
991 1073 1049 1110 non
1068 1058 1158 1112 liceat
1176 1059 1271 1130 impe·

113 1152 180 1188 rare
210 1132 311 1185 liberis
337 1128 486 1184 civibue.“
527 1129 632 1183 Gomm.
659 1134 748 1184 Areon.
767 1146 812 1197 ep.
838 1130 925 1184 Leod.
959 1127 1098 1192 „Liberis
1122 1129 1199 1182 mihi
1223 1151 1273 1184 su·

115 1212 247 1274 spectum
272 1209 330 1258 est:
354 1216 503 1254 servorum
528 1203 605 1254 enim
623 1216 723 1277 regem
742 1216 877 1254 essenon
896 1202 927 1252 in
945 1217 1000 1251 usu
1019 1207 1091 1252 erat.
1138 1200 1221 1265 Quotl
1245 1202 1272 1254 si

115 1275 181 1344 quis
199 1274 287 1327 etiam
313 1287 462 1324 servorum
486 1287 541 1324 rex
562 1272 676 1334 fuisset,
703 1280 737 1323 ut
754 1287 832 1322 nunc
856 1278 900 1323 est
918 1268 1080 1323 'l'uroerum
1098 1272 1271 1340 imperator,

115 1361 175 1398 non
193 1344 291 1396 minus
310 1341 443 1395 risissent
461 1339 553 1396 Stoici
572 1361 636 1395 eum
656 1343 707 1412 qui
717 1349 862 1394 maereret
875 1341 980 1393 amisso
998 1341 1030 1392 in
1050 1357 1148 1395 servos
1167 1360 1270 1416 regno,

78 1444 85 1466 ι
114 1433 203 1486 quam
220 1415 253 1466 in
270 1412 405 1466 homines
423 1413 538 1467 liberos.
575 1413 715 1483 Suspicor
732 1413 827 1497 igitur
843 1411 1018 1479 (litteronem¹
1036 1413 1189 1481 scripsisse
1208 1415 1271 1466 lbe-

115 1502 173 1538 roe.
221 1485 315 1536 lberia
334 1485 412 1536 enim
430 1485 488 1534 fuit
505 1485 631 1537 alterum
652 1482 799 1536 Colchidis
818 1499 932 1535 nomeu.
975 1481 1055 1545 Quod
1074 1499 1163 1550 quum
1185 1485 1271 1560 iguo-

114 1561 215 1610 rarent
233 1554 357 1619 librarii,
376 1555 481 1607 liberor
498 1554 566 1608 iude
583 1553 752 1607 fecerunt.“
770 1551 905 1606 Bouhier.
943 1552 1047 1605 Merito
1070 1552 1146 1606 hano
1171 1556 1271 1608 conie-

114 1635 227 1682 cturam
246 1624 382 1677 inutilem
401 1642 462 1680 esse
482 1625 596 1679 censuit
615 1622 699 1677 schz.
719 1623 828 1688 Liberi,
848 1624 873 1676 si
892 1623 927 1675 ad
939 1623 1115 1676 sententiam
1127 1625 1269 1690 attendas,

112 1714 150 1750 ne
169 1697 335 1771 ambignum
354 1695 468 1764 quidem
488 1702 545 1749 est:
565 1695 712 1767 significat
729 1693 808 1748 nihil
825 1693 906 1749 aliud
924 1710 1010 1763 quem
1027 1691 1161 1749 homines
1178 1695 1272 1750 liber-

115 1774 175 1820 tate
193 1768 333 1818 fruentes.
353 1768 413 1822 Mr.

184 1853 336 1922 Dionysius
355 1882 388 1894 -
408 1850 541 1906 cannete·
569 1869 672 1921 pueros
699 1853 825 1918 docebat]
873 1853 954 1907 Idem
984 1853 1105 1908 uadunt
1130 1855 1267 1911 Valerius
1318 1849 1320 1852 ’

112 1927 256 1978 Maximus
274 1924 326 1976 lib.
345 1924 394 1979 vt.
415 1941 478 1992 cap.
498 1922 547 1986 lx,
565 1925 592 1978 6.
612 1932 670 1978 ext.
713 1925 856 1977 Lucienus
876 1925 907 1976 iu
927 1923 1014 1976 Gallo
1033 1923 1118 1978 Tom-
1139 1924 1177 1977 ll.
1196 1944 1265 2002 pag..

16 2053 18 2055 ,
113 1999 174 2051 128.
195 1997 304 2063 aliique
322 1996 455 2066 plurimi.
493 1993 1000 2058 intereossiclustinusXX1‚.5.
1027 1994 1268 2058 Nouissime-in·

112 2068 187 2136 quit,
207 2067 438 2132 ludimagistrum
451 2064 606 2132 profereus,
631 2081 734 2132 preme
751 2067 782 2119 in
808 2068 895 2119 trinio
919 2066 1043 2130 docebat,
1066 2074 1098 2119 ut
1116 2072 1165 2120 eut
1184 2085 1202 2120 α
1228 2068 1268 2120 ti-

111 2139 248 2191 mentibus
273 2149 382 2204 eemper
406 2135 437 2187 in
461 2134 572 2203 publice
598 2136 750 2198 uideretur,
774 2143 821 2187 avit
839 2155 856 2188 α
881 2153 935 2189 nore
963 2136 1125 2192 timentibee
1149 2137 1269 2200 facilius

112 2213 342 2260 contemneretur.
363 2205 416 2258 Ast
433 2204 467 2258 ab
485 2204 605 2259 Aeliano
614 2207 647 2257 V.
664 2205 699 2260 tt.
719 2206 769 2259 lib.
782 2207 829 2258 tx.
850 2223 912 2276 cap.
923 2210 949 2261 8.
968 2208 1079 2262 dicitur
1097 2207 1128 2262 ἐν
1135 2213 1268 2278 Κορίνθῳ

25 2296 27 2300 ·
111 2281 224 2339 πολλαῖς
241 2282 287 2329 καὶ
304 2279 436 2335 ποικίλαις
455 2273 631 2345 χρησάμενος
646 2281 709 2344 βίου
723 2280 895 2344 μεταβολαῖς,
913 2275 960 2330 διὰ
977 2283 1027 2346 τὴν
1044 2279 1269 2349 ὑπερβάλλουσαν

112 2346 236 2417 ἀπορίαν
252 2351 403 2401 τελευταῖον
420 2344 453 2398 δὲ
469 2351 665 2417 μητραγυρτῶν
683 2349 728 2400 ναὶ
746 2353 854 2415 κρούων
872 2352 1001 2412 τύμπανα
1018 2352 1064 2402 tut
1081 2353 1269 2416 καταυλούμε·

112 2437 159 2478 νος
182 2417 240 2540 dib
248 2419 297 2470 τὸν
318 2421 383 2485 βίον
404 2416 600 2488 καταστρέψαι.
638 2417 676 2469 Εἰ
697 2419 827 2489 praeivit
853 2417 1019 2473 Athenaeus
1047 2420 1098 2475 lib.
1118 2421 1181 2476 xil.
1199 2439 1267 2498 pag.

182 2560 335 2627 Dionysius
357 2561 467 2628 quidem
491 2560 638 2627 tyrannus]
656 2561 802 2614 Minorem
828 2548 982 2646 intelligit,
1010 2562 1265 2618 maioris-lilium.

110 2634 209 2684 Monet
226 2629 372 2684 FAWoli.
400 2631 432 2682 in
450 2629 567 2694 scholis,
593 2632 649 2685 hoc
668 2648 726 2684 nou
745 2628 780 2684 ad
798 2631 1012 2699 aegritudinem
1030 2635 1194 2701 pertinere,
1215 2632 1266 2687 setl

85 2700 312 2755 .tantummodo
328 2701 375 2753 ad
393 2700 480 2753 verba
498 2703 572 2769 quod
589 2705 730 2770 imperare
755 2717 809 2754 αοα
833 2701 926 2754 liceat.
965 2704 1096 2779 Pergunt
1119 2704 1175 2756 duo
1194 2703 1264 2755 Oxx.

110 2773 293 2840 Syracusiae.
312 2771 394 2823 Adv.
407 2770 559 2839 Syracusis
572 2775 705 2839 expulere
715 2770 902 2826 Gernhamius
916 2773 1027 2826 Corum.
1045 2773 1175 2830 Gramm.
1190 2775 1267 2827 Part.

110 2844 161 2893 Vl.
182 2843 226 2904 (in
249 2840 379 2895 See'bo'dii
400 2840 581 2895 N.A1ehiv.
607 2842 629 2894 I.
650 2846 676 2898 4.
696 2862 724 2912 p·
744 2843 805 2908 ὅθ.)
830 2843 1020 2912 participium
1047 2845 1188 2911 expulerit,
1211 2844 1267 2908 ait,

132 2919 227 2964 raeter
253 2912 373 2980 tyranni
397 2917 499 2964 tooem
526 2913 718 2982 appositione,
752 2931 844 2981 quam
862 2912 973 2977 dicunt,
997 2913 1175 2980 adiunctam,
1201 2932 1266 2968 eam

109 2930 246 3048 bionysii
265 2981 627 3048 conditionem-describit,
652 3002 709 3054 qua
728 2985 846 3036 demum
874 2984 1000 3037 indicata
1018 2984 1176 3054 Dionysius
1203 2985 1264 3039 dici

109 3060 225 3122 poterat
243 3051 380 3106 Corinthi
398 3068 504 3120 pueros
522 3053 664 3119 docuisse.
681 3054 811 3118 Dixerat
830 3055 909 3107 enim
928 3055 1027 3123 paullo
1046 3064 1113 3109 ente
1132 3057 1168 3108 G.
1189 3054 1268 3107 mul-

110 3133 156 3187 toe
176 3139 238 3176 esse
257 3123 346 3187 locos,
370 3122 474 3191 quibus
492 3124 683 3192 participium
707 3124 745 3186 etl
762 3124 937 3177 substantivi
956 3142 1064 3190 casum,
1091 3144 1180 3195 quem
1196 3143 1266 3181 ver-

108 3195 178 3248 bum
195 3195 284 3269 repit,
302 3194 344 3246 ita
355 3210 392 3253 ¹se
410 3191 549 3261 applicet,
569 3202 601 3246 ut
619 3195 697 3248 nihil
715 3195 809 3264 possit
826 3195 1042 3248 coniunctionis
1052 3197 1132 3262 inter
1144 3194 1266 3252 verbum

29 3309 31 3314 .
110 3267 229 3321 finitum
254 3273 284 3318 et
306 3264 497 3334 Participium
521 3264 713 3330 intercedere.
761 3267 814 3317 Pro
838 3281 924 3333 reque
950 3285 1025 3318 unus
1044 3267 1096 3323 Ox.
1121 3274 1151 3319 et
1175 3265 1265 3320 Marb.

110 3337 212 3405 ioque.
250 3335 292 3389 De
310 3354 365 3387 usu
382 3334 528 3388 formulae
551 3350 637 3402 treptie
655 3352 686 3396 eo
711 3336 743 3386 in
760 3334 993 3460 Epiphonemate
1019 3337 1078 3394 vid.
1103 3334 1264 3398 Tursellin.

111 3408 147 3467 de
165 3406 315 3468 Particull·
334 3423 362 3474 p.
384 3407 461 3460 1089.
482 3405 518 3458 etl
536 3403 682 3459 Schmun.
702 3404 745 3460 De
760 3406 825 3460 sim‘
842 3407 852 3457 i
870 3424 926 3465 usu
944 3407 1024 3458 vocis
1039 3408 1109 3459 adeo
1126 3406 1185 3458 vit.
1206 3406 1266 3459 ‹lis-

109 3483 261 3546 putantem
288 3475 434 3526 Haudium
458 3476 489 3527 in
513 3473 682 3530 Tursellino
701 3477 722 3528 1.
742 3495 771 3546 p.
793 3478 957 3532 lto-154.
984 3477 1158 3531 Coniunctus
1183 3477 1265 3531 vides

110 3547 162 3612 hae
180 3546 339 3617 particulas
358 3543 433 3614 apud
450 3546 557 3620 virgil.
578 3545 649 3598 Aen.
668 3547 732 3601 ΧΠ.
752 3549 817 3603 646:
855 3561 957 3616 utque
974 3547 1100 3600 adeone
1117 3549 1191 3603 mori
1209 3550 1264 3602 me‘·

109 3635 202 3673 sertem
220 3618 282 3671 eet?
306 3615 355 3668 ubi
372 3616 589 3679 vid.,Servium
607 3634 634 3685 p.
655 3619 699 3677 73.
719 3618 938 3671 etl-Burmann.
956 3616 991 3670 Τ.
1010 3618 1057 3671 IV.
1083 3617 1160 3670 Eum
1179 3637 1266 3674 usutu

108 3707 168 3745 uon
187 3689 357 3762 intelligens
370 3687 510 3746 librarius
528 3687 598 3743 ced.
615 3687 687 3740 Gud.
705 3692 731 3744 2.
751 3687 880 3743 correxit
898 3690 933 3740 ie
951 3687 1009 3755 qui
1026 3705 1057 3740 eo
1075 3690 1196 3759 imperio
1207 3698 1263 3744 etc.

80 3787 82 3791 .
110 3762 146 3822 lu
166 3759 234 3810 cot.
254 3758 353 3812 Duisb.
375 3759 515 3812 scribitur
537 3774 636 3815 carere
655 3759 782 3826 imperio.
831 3758 866 3808 ln
885 3775 963 3828 seqq.
984 3758 1060 3814 Gud.
1079 3763 1104 3812 2.
1149 3759 1184 3812 ui
1207 3760 1263 3813 im-

106 3831 264 3896 pudentius.
302 3829 429 3902 Pergunt
447 3836 571 3896 quatuor
595 3830 667 3881 Oxx.
693 3833 767 3882 Mon.
787 3833 811 3883 1.
831 3827 856 3878 2.
877 3826 948 3883 Edd.
968 3828 1002 3882 A.
1022 3829 1102 3882 B.-S.
1152 3829 1210 3887 .('›.
1229 3833 1263 3884 V.

109 3900 178 3962 Rob.
200 3895 302 3968 Steph.
319 3897 390 3949 Ven.
416 3907 506 3952 nostr.
533 3897 599 3951 Asc.
627 3905 649 3956 l.
670 3902 694 3953 2.
709 3900 796 3954 ..ΙιιοῐΙ
823 3897 872 3968 qui
896 3916 992 3966 quum
1014 3900 1115 3952 bellum
1138 3907 1263 3966 gereret,

108 3970 162 4022 Ed.
181 3970 210 4024 P.
230 3970 277 4036 qui
295 3983 369 4020 eum
386 3969 488 4022 bellum
505 3976 614 4038 geret.
657 3967 742 4026 Solus
762 3969 918 4023 Cod.Gud.
940 3969 988 4040 qui
1007 3970 1109 4022 bellum
1126 3988 1263 4039 gerens.
1303 3972 1306 3976 ’

76 4071 82 4083 .
109 4041 146 4092 ln
164 4047 242 4110 seqq.
262 4055 316 4108 pro
343 4055 403 4093 cum
419 4038 488 4106 lie,
516 4039 593 4109 quod
609 4040 717 4094 habeut
743 4039 832 4096 multi
856 4041 937 4112 libri,
968 4058 1035 4093 cum
1060 4041 1138 4094 haud
1162 4045 1264 4112 paucis

109 4111 215 4182 scripsi
233 4108 369 4186 cremiis.
405 4111 487 4166 Unus
506 4111 557 4164 Ox.
576 4112 688 4164 omittit
705 4111 774 4167 eius.
810 4111 871 4164 Mr.
940 4108 943 4113 ’

109 4238 112 4244 -
178 4200 209 4253 Ie
228 4217 310 4268 petum
327 4199 440 4262 restitui
456 4198 489 4253 ire
507 4200 635 4267 regnum]
659 4200 727 4254 Cod.
746 4199 837 4255 Rehd.
856 4202 952 4268 isque
976 4218 1065 4269 quum.
1087 4201 1131 4254 Au
1155 4243 1161 4256 .
1181 4203 1264 4258 rese·-

109 4269 189 4324 ttee't.
222 4272 290 4324 Post
307 4287 423 4340 reguum
440 4271 540 4348 pergit
557 4271 633 4325 cut.
649 4275 674 4327 2.
695 4269 911 4341 oejeregente‘um,
936 4272 1042 4327 omisso
1062 4287 1120 4335 nec,
1168 4290 1214 4328 on.
1235 4277 1261 4330 2.

108 4359 159 4396 reeo
179 4340 388 4410 Vegentiorum,
407 4341 497 4397 Marb.
515 4357 566 4398 reo
585 4341 743 4398 Veientum:
763 4359 849 4413 quam
866 4345 992 4396 formam
1011 4359 1048 4397 ne
1066 4344 1131 4414 quis
1148 4346 1264 4414 praefe-

108 4421 155 4467 rat
178 4413 236 4477 ¹vid.
266 4413 299 4466 K.
323 4415 354 4469 li.
376 4411 542 4471 Schneider.
570 4413 631 4472 bet.
664 4414 812 4478 Formenl.
837 4415 860 4468 l.
885 4430 913 4485 p
939 4416 1003 4472 249·
1038 4446 1070 4460 -
1097 4413 1161 4471 Due
1188 4405 1273 4472 Ου’
