2842 5070
517 328 648 431 utens
667 329 730 408 IV,
756 333 788 400 3.
816 379 825 385 -
906 351 916 364 ‘
1163 324 1228 439 267ἱ
1262 432 1267 438 .

70 502 167 564 libris
187 499 287 564 oditis
309 489 474 562 commota
495 497 677 561 multitudo
699 497 842 582 contulit
872 509 908 557 se
928 492 971 557 ad
996 493 1134 559 eandem
1164 514 1241 578 po··

27 586 32 593 ’
70 586 232 646 tissimum
254 583 474 662 disciplinam,
490 583 569 648 sive
590 580 678 664 quod
699 589 772 642 erat
794 581 930 663 cognitu
950 579 1130 660 perfacilis,
1152 580 1225 640 'sivo
1261 607 1263 611 ·

71 667 158 750 quod
189 665 397 731 invitabatur
434 664 598 726 illecebris
627 661 755 727 blandis
786 663 987 744 voluptatis:
1019 662 1091 724 sive
1113 661 1225 740 etism,

70 842 292 920 cap.Xlll,12.
328 849 498 903 Aberrantes
523 863 541 900 a
567 847 670 901 notitia
688 846 745 903 Dei
769 853 868 917 gentes
885 865 944 903 esse
962 853 1116 917 caeperunt.
1152 847 1225 902 Vide
1289 845 1291 848 ’

71 939 143 992 quae
163 921 324 972 notavimus
347 921 382 972 ad
399 919 571 988 scriptorem
595 919 629 972 de
647 919 720 972 Bell.
739 919 870 991 Hispan.'
883 936 942 990 cap.
963 922 1006 976 29.
1035 919 1080 971 D.

130 990 254 1044 'exstitit
273 989 378 1056 dicens]
406 988 572 1059 „Quidquid
590 989 666 1041 dicat
683 991 752 1046 Dav,
772 992 845 1043 ferri
864 991 967 1061 nequit
985 988 1096 1042 dicens.-
1122 1005 1226 1060 quum·

72 1078 129 1131 que
147 1061 282 1113 nonnulli
300 1061 385 1115 Codd.
404 1059 526 1113 habeant
545 1061 654 1125 docens,
674 1060 792 1112 dubium
809 1079 868 1115 non
886 1070 937 1127 est,
958 1062 1029 1129 quin
1046 1061 1118 1113 haec
1136 1061 1224 1115 lectio

71 1133 222 1184 manifesto
249 1132 337 1201 proba
364 1132 402 1183 sit
426 1131 634 1183 restituenda.“
656 1129 789 1184 Bouhier.
826 1134 935 1198 „Recte
960 1132 1103 1184 Buherius
1122 1132 1225 1185 docens

70 1203 200 1254 restitnit
227 1219 261 1254 ex
287 1202 393 1255 duobus
417 1201 502 1255 Codd.
527 1217 580 1272 pro
606 1202 723 1278 vulgato
751 1202 862 1268 diceus3
890 1204 967 1272 quod
988 1211 1086 1255 tamen
1109 1210 1224 1256 servant

71 1272 180 1348 regii.“
198 1270 313 1324 bellem.
339 1274 463 1340 „Dicens
481 1272 559 1325 delet
577 1273 673 1343 hamb.
694 1281 773 1326 certe
792 1273 913 1327 offendit
930 1273 1102 1344 paullulum.
1122 1273 1224 1326 Cicero
1295 1318 1296 1321 ,
1327 1288 1329 1295 ‘

70 1351 164 1412 petest
181 1353 360 1396 venustatem
389 1363 424 1397 ex
448 1343 598 1396 antithetis
619 1343 754 1397 silere-
775 1343 870 1397 dicere
893 1345 1074 1413 quaesivisse,
1100 1352 1134 1395 ut
1158 1344 1223 1397 aliis

70 1414 155 1466 locis:
192 1414 241 1466 sed
269 1415 431 1484 oppositum
455 1414 533 1467 vocis
560 1415 705 1479 silentibus
732 1423 774 1468 est
798 1415 832 1466 in⁴
856 1423 999 1485 sequente
1018 1413 1105 1467 editis
1128 1412 1222 1466 libris.

70 1481 142 1537 Buh.
164 1501 199 1536 ex
217 1485 260 1536 ed.
280 1494 380 1538 vetere
399 1485 477 1538 dedit
496 1485 610 1537 docens:
630 1485 706 1553 quod
724 1501 782 1537 non
796 1486 886 1559 magis
903 1484 1031 1554 placet.“
1049 1483 1118 1536 lirn.
1135 1485 1224 1548 „Ea-

71 1554 144 1609 stitit
163 1554 258 1607 dicens
276 1556 350 1627 ferri
369 1552 516 1624 utcunque
534 1563 637 1624 potest.
673 1555 737 1629 Ego
755 1571 824 1607 vero
843 1556 944 1607 malim
962 1554 1073 1608 exstitit
1091 1555 1159 1621 Epi
1165 1571 1224 1607 cu·

72 1641 162 1678 reus.
199 1624 286 1677 Nihil
310 1627 492 1698 frequentius
515 1626 632 1694 quidem
649 1634 821 1694 corruptum
839 1633 891 1690 est,
919 1643 1004 1695 quam
1022 1625 1139 1677 nomina
1154 1641 1225 1694 pro·

70 1694 168 1768 pria.“
194 1695 305 1749 Nissen.
342 1698 409 1749 Non
435 1696 609 1766 simpliciter
640 1713 737 1748 errare
766 1696 845 1748 viros
869 1698 932 1749 iere
962 1712 1068 1760 omnes,
1100 1711 1224 1765 quorum

72 1767 269 1818 annotationes
288 1766 384 1832 attuli,
411 1774 530 1818 nonest
568 1764 624 1816 uod
641 1765 741 1817 multis
759 1765 884 1827 doceam.
921 1768 1030 1819 Errant
1048 1767 1126 1819 enim
1144 1766 1224 1819 etin

17 1837 20 1844 “
72 1835 290 1890 auctoritatibus
307 1836 470 1889 laudandis:
498 1784 574 1904 quotb
600 1851 683 1886 nemo
709 1843 751 1888 est
769 1836 972 1904 quin‘videat:
1007 1838 1085 1889 etin
1103 1855 1135 1889 re
1153 1829 1255 1906 ipsa,qt
1295 1882 1298 1888 ,

72 1914 107 1957 ut
124 1902 201 1969 salis,
221 1907 324 1975 opinor
342 1907 426 1959 docui
444 1905 478 1958 ad
497 1906 556 1959 Cic.
577 1905 611 1957 de
629 1904 693 1957 Div.
706 1906 736 1971 J·
756 1908 802 1960 25:
820 1909 864 1961 52.
901 1905 1019 1959 Easlitit
1036 1906 1130 1959 dicens
1147 1905 1226 1957 nihil
1331 1949 1333 1952 ,

72 1977 151 2032 aliud
169 1984 212 2028 est
230 1994 315 2044 quam
331 1975 442 2044 prodiit
460 1975 509 2028 r'el
528 1982 644 2029 erarius
662 1979 704 2028 est
720 1975 825 2032 dicens.
855 1977 990 2031 Ceterum
1008 1976 1178 2043 Co‘drvind.
1197 1980 1222 2030 1.

71 2047 157 2099 habet
175 2046 346 2112 exstiterit,
364 2047 445 2100 cuiue
463 2045 579 2100 editis
597 2047 610 2099 l
616 2046 722 2101 ibris.
744 2046 810 2100 (iod.
833 2042 905 2100 Gud.
922 2050 948 2103 2.
968 2047 1078 2100 omittit
1095 2062 1133 2099 se.
1169 2048 1225 2099 Pro

71 2117 187 2171 eandem
214 2116 262 2182 (sc.
288 2116 474 2193 Epicuream)
495 2117 612 2241 'leiim
635 2133 696 2170 eam
721 2119 754 2169 in
779 2118 866 2174 Godd.
894 2118 968 2172 Gud.
991 2122 1015 2172 1.
1035 2122 1061 2173 2.
1086 2116 1173 2169 Marb.
1194 2123 1224 2170 et
1284 2128 1292 2180 ζ

11 2239 14 2243 ,
71 2205 130 2240 uno
158 2189 224 2253 Ox.;
255 2189 353 2242 eadem
379 2189 410 2241 in
433 2190 508 2247 Mon,
553 2225 560 2238 .
608 2186 691 2240 Alius
724 2189 774 2242 Ox.
804 2187 890 2242 habet
911 2187 1115 2257 potissimam.
1158 2189 1225 2240 Mox

69 2258 160 2314 Rehd.
181 2264 245 2310 erat
266 2259 397 2324 facilis
420 2258 541 2325 cognitu.
579 2258 640 2311 Mr.
864 2296 867 2305 .
1178 2322 1180 2327 y

142 2328 318 2382 invitabatur
347 2329 489 2383 illecebris
515 2328 665 2402 blandae
694 2328 879 2397 uoluptatisr]
916 2329 1051 2405 „Vulgg.
1081 2324 1225 2397 illecebris
1299 2339 1315 2364 ³

72 2399 183 2452 blandis
200 2398 366 2468 uoluptatis:
394 2400 468 2451 mihi
485 2415 555 2452 vero
579 2399 654 2451 hane
678 2399 834 2453 lectionem
858 2400 1078 2469 suppeditarunt
1103 2399 1224 2453 Neruio.

53 2479 103 2523 *et
120 2473 245 2525 Petrens.
266 2487 282 2520 a
298 2470 394 2539 prima
412 2476 516 2521 meum
536 2470 687 2523 Lucretius
705 2470 758 2522 lib.
779 2471 816 2522 11.
836 2485 870 2538 pa
895 2507 902 2522 .
920 2473 987 2525 263:

221 2540 322 2607 ,Inque
339 2541 430 2592 locum
448 2540 559 2610 quando
577 2540 733 2608 remigrant
751 2543 788 2608 fit
806 2487 909 2595 blanda
926 2540 1062 2609 uoluptas.

72 2611 170 2681 Atque
188 2612 296 2663 iterum
314 2610 365 2662 lib.
385 2613 432 2678 IV,
451 2613 516 2685 Pag.
536 2614 604 2666 567:
639 2619 646 2636 ‘

237 2687 264 2734 et
283 2680 381 2749 quibua
399 2680 464 2749 ipsa
481 2682 573 2734 modis
591 2687 727 2736 tractetur
738 2683 840 2736 blanda
858 2682 994 2749 uoluptas.
1018 2678 1117 2733 Dacis.
1134 2679 1186 2732 Ed.
1199 2685 1223 2735 l.

142 2750 326 2818 invitabatur]
371 2753 436 2817 „lta
454 2752 539 2805 eodd.
560 2769 666 2806 ornnes.
704 2753 760 2806 Sed
778 2754 869 2806 inesse
879 2752 1003 2804 ridetur
1021 2767 1104 2804 error
1121 2751 1153 2803 in
1170 2749 1226 2804 baa

72 2820 239 2891 scriptione.
265 2822 388 2892 Epicuri
408 2823 486 2875 enim
504 2823 545 2875 sic
564 2822 661 2876 schola
680 2823 798 2876 videtur
815 2824 902 2888 fuisse
921 2823 1043 2873 invitata
1063 2821 1225 2890 voluptatis
1255 2854 1260 2868 .

72 2892 225 2956 illecebris,
259 2910 432 2989 quamquam
458 2910 490 2946 ea
514 2893 574 2960 ipsa
600 2893 738 2945 invitabat
756 2893 897 2946 homines.
934 2893 1025 2958 Quare
1043 2891 1227 2945 scribendum
1262 2936 1264 2941 .

70 2963 188 3016 videtur
205 2961 351 3015 inuitabat.
367 2961 375 2989 ‘
386 2960 481 3014 Βοιώ.
518 2962 662 3016 illecebris
684 2964 836 3016 blandae
860 2963 1009 3029 uoluptatis
1032 2963 1140 3015 habent
1158 2979 1226 3016 con·

71 3040 181 3085 stanter
198 3049 230 3083 re
252 3032 274 3081 ii
283 3031 369 3084 Codd.
390 3048 455 3083 cum
472 3033 639 3098 Davisianis,
658 3051 724 3098 non,
743 3043 776 3085 ut
794 3035 892 3107 vulgo,
911 3032 1054 3085 blandis.“
1072 3032 1188 3089 Lullem
1218 3079 1224 3092 „

142 3050 286 3153 mareium
307 3100 417 3152 blandis
441 3101 610 3169 uoluptatis]
642 3102 751 3156 Eliens.
777 3120 831 3156 sec.
860 3103 974 3174 Balliol.
1001 3111 1030 3154 et
1053 3105 1180 3155 Petrens.
1209 3120 1226 3154 a

25 3210 34 3226 s
71 3173 167 3242 prima
184 3189 277 3224 mann·
288 3171 407 3225 blandae
425 3171 587 3240 voluptatist
610 3184 673 3240 ‘quo
697 3172 780 3224 modo
807 3173 900 3225 locuti
924 3180 991 3224 sunt
1016 3172 1169 3224 Lucretius
1197 3179 1228 3225 et
1254 3188 1257 3206 ¹

72 3242 205 3296 Ovidius:
231 3241 280 3294 sed
303 3242 517 3310 ποιητικώτερον.
531 3241 668 3293 videtur.'
693 3240 730 3293 D.

142 3311 307 3366 inuitabat
325 3311 464 3367 illecebris
482 3306 632 3364 blandae
648 3309 813 3379 uoluptatis]
851 3310 949 3379 „Quia
964 3311 1063 3382 plnres
1080 3310 1152 3363 libri
1170 3327 1226 3365 scr.
1283 3376 1286 3382 .

71 3383 177 3436 habent
195 3383 322 3451 blandae,
350 3383 380 3434 id
404 3400 470 3435 cum
487 3383 600 3435 Davisio
620 3382 710 3448 [vides
735 3382 806 3439 h.1.
832 3383 988 3435 Ernestum
1011 3400 1047 3435 ne
1075 3382 1228 3437 secundam

73 3453 190 3524 quidem
207 3453 316 3507 Davisii
334 3454 499 3507 Editionem
519 3453 683 3523 inspexisse,
714 3454 746 3505 in
768 3471 824 3522 qua
843 3451 901 3505 iam
927 3452 1041 3507 blandis
1058 3454 1228 3507 restitutum
1315 3452 1320 3456 ’

73 3525 150 3591 este]
169 3525 275 3594 recepi.
296 3533 359 3577 tum
377 3542 431 3596 pro
449 3522 625 3578 invitabatur
642 3523 707 3577 dedi
724 3523 877 3590 invitabat,
896 3524 1065 3577 necessitate
1084 3528 1240 3600 gramma·'

72 3594 143 3647 tica:
164 3613 231 3646 nam
249 3598 379 3648 refertur
395 3597 430 3648 ad
449 3594 638 3664 disciplinam,
663 3603 696 3646 nt
713 3597 886 3664 praecedens
904 3594 998 3647 erat.“
1021 3596 1090 3647 Ern.
1112 3589 1227 3663 ,dnbi-

72 3665 150 3718 tabat
167 3665 228 3717 sine
248 3681 329 3716 causa
347 3682 401 3748 pro
419 3667 471 3718 vul
492 3675 538 3719 ato
557 3664 733 3719 invitabatur
745 3665 864 3720 ‘editum
882 3667 977 3718 credo.
1014 3666 1112 3728 Malim
1128 3673 1227 3717 tumen

72 3734 299 3789 invitabantur.“
317 3733 427 3789 Nissen.
459 3685 649 3807 ‘deceperunt
668 3735 878 3789 invitabantur
897 3743 925 3788 et
943 3735 1061 3789 blandae
1079 3733 1225 3792 FAWolf.

73 3806 158 3860 Schz.
178 3806 225 3857 Or.
263 3806 302 3857 Et
319 3804 369 3858 bio
388 3807 504 3876 quidem
522 3809 636 3860 confert
663 3807 722 3860 Cio.
742 3808 777 3861 de
795 3807 880 3860 Finn.
901 3808 923 3859 1.
943 3809 992 3862 25:
1021 3805 1227 3861 multitudinem

72 3906 107 3919 -
127 3875 200 3944 quod
216 3875 262 3926 ita
275 3881 384 3942 putant,
412 3875 453 3928 ish
474 3878 612 3948 robatque
630 3877 813 3932 Ernestinam
836 3877 1046 3931 correctionem
1071 3877 1230 3931 inuitabatr

73 3963 160 4018 quam
177 3943 327 4016 Bouhierii
346 3964 404 3999 esse
422 3947 453 3998 vi
474 3949 556 4012 'mus
575 3949 671 4001 Kiihn.
688 3948 720 4000 in
740 3950 837 4002 eadem
855 3956 898 4002 est
917 3949 1070 4014 sententia,
1088 3949 1227 4001 videlicet

72 4034 127 4088 per
145 4015 262 4086 synesin
283 4016 372 4068 scribi
389 4016 595 4087 invitabunturs
613 4019 794 4092 singularem¹
807 4018 870 4071 ideo
888 4019 1031 4088 reprobat,
1051 4019 1119 4088 quia
1136 4018 1229 4090 perti-

73 4105 143 4141 nere
166 4087 300 4139 videatur
315 4087 573 4154 ,ad'disciplinam
609 4088 769 4152 Senserunt
795 4089 968 4143 innitebatur
990 4090 1080 4141 Nobb.
1106 4098 1135 4142 et
1152 4089 1226 4143 Tbu.

72 4159 121 4212 sed
140 4157 228 4210 iidem
246 4166 419 4225 receperunt
436 4156 568 4229 blandae,
584 4189 618 4202 -
654 4159 756 4223 „Libri
774 4171 872 4225 omnes
889 4158 996 4214 habent
1016 4158 1077 4212 siue
1094 4161 1167 4228 quod
1183 4158 1230 4212 iu-

73 4229 216 4282 oitabatur
234 4227 378 4288 illecebris
401 4228 556 4280 blandae
577 4229 747 4296 uoluptatis:
776 4230 825 4282 sed
846 4230 917 4282 Ern.
938 4248 973 4284 ex
989 4230 1139 4283 Bouhierii
1158 4236 1228 4281 'con-

73 4301 185 4352 iectura
203 4299 319 4368 scripsit
336 4299 483 4366 inuitabat,
510 4298 541 4350 id
559 4299 594 4352 ad
611 4298 792 4366 disciplinam
809 4301 995 4355 referendum
1013 4319 1072 4355 esse
1091 4301 1227 4370 opinans:

11 4413 13 4418 ,
74 4370 151 4440 quod
168 4370 232 4425 iure
249 4370 353 4422 reiecit
371 4371 436 4436 0r.;
470 4369 519 4422 sed
545 4369 621 4440 quod
645 4370 706 4438 ipse
724 4385 790 4423 cum
807 4371 921 4426 Wolfio
943 4371 1138 4439 Schiitzioque
1156 4369 1229 4421 scri·

73 4441 145 4512 psitt
164 4441 224 4496 sive
241 4440 431 4539 invitabantur
448 4439 589 4497 illecebris
605 4439 724 4495 blandae
740 4441 897 4513 uoluptatis,
921 4444 964 4498 ita
980 4450 1014 4496 ut
1031 4442 1066 4499 ad
1082 4439 1227 4507 homines,
