2842 5070
207 303 288 372 122,
405 303 636 438 CICFRONIS
657 303 903 371 TUSCULAN.
928 304 1155 369 DlSPUTAT.

205 469 432 551 voluptatibus
459 473 644 548 frueretur,
674 469 924 613 consideretpue
951 489 986 531 se
1015 472 1200 531 fruiturum
1233 478 1290 530 aut
1318 474 1353 531 in

206 554 296 613 omni
322 553 442 612 autin
469 572 588 637 magna
614 553 830 636 parientiae,
887 552 982 615 olore
1004 572 1070 613 non
1092 555 1352 615 interveniente:

205 640 274 705 aut,
307 636 335 694 si
356 635 587 704 interveniret,
608 637 636 695 si
655 655 804 698 summus
825 639 924 713 foret,
952 639 1105 696 futurum
1127 636 1280 710 brevem3
1302 636 1352 696 sin

205 714 415 795 productior,
437 718 518 799 plus,
532 717 726 779 habiturum
748 717 897 795 iucundi,
920 738 1016 797 quam
1039 718 1136 781 mali:
1159 717 1354 801 haeccogi-

203 806 331 859 tantem
357 801 431 861 tore
464 800 607 877 beatum,
637 803 838 880 praesertim
866 802 895 861 si
916 809 950 861 et
970 808 1046 860 ante
1068 802 1232 881 perceptis
1250 800 1354 862 'bonis

205 887 379 943 contentus
399 891 495 957 esset,
516 900 579 943 nec
599 890 743 944 mortem
763 901 825 944 nec
846 881 924 944 deos
946 885 1186 944 extimesceret.

171 1063 173 1077 '
203 1062 306 1132 oolupt.
322 1062 470 1127 frueretur.
505 1064 586 1116 Unus
605 1063 654 1117 Ox.
674 1062 856 1129 consideret,
876 1065 1053 1135 omissoque.
1083 1065 1156 1121 Gud.
1177 1069 1202 1121 2.
1226 1068 1354 1131 confide-

205 1133 302 1202 reqo'e.
323 1133 397 1186 Gud.
416 1131 620 1203 consideretque
637 1149 711 1187 esse
729 1149 759 1187 ee
776 1134 815 1198 fr.
835 1136 921 1188 Marb.
950 1153 980 1189 ee
1003 1138 1135 1203 futurum
1158 1153 1212 1208 pro
1230 1153 1260 1190 se
1277 1138 1353 1203 frui·
1388 1177 1393 1185 .

159 1228 170 1250 x
204 1210 303 1260 turum.
339 1205 420 1256 Unus
439 1203 488 1257 Ox.
511 1211 540 1256 ot
564 1220 617 1274 pro
641 1211 701 1271 out,
728 1212 794 1257 ante
818 1207 857 1260 in.
885 1206 976 1259 Rebd.
995 1224 1098 1276 magno
1117 1208 1157 1261 in·
1167 1216 1250 1276 porte
1267 1210 1350 1262 oitoe.

204 1274 302 1331 Duisb.
330 1277 362 1331 in
383 1289 486 1342 magno
503 1276 576 1330 ritae
592 1281 683 1343 porte.
719 1276 784 1328 Post
802 1275 998 1330 interueniente
1023 1281 1097 1332 Mon.
1118 1284 1142 1333 l.
1169 1280 1278 1332 omittit
1305 1287 1353 1333 aot

205 1344 232 1398 ei
248 1344 437 1400 interveniret.
457 1345 546 1398 Rehd.
565 1345 651 1398 habet
669 1351 719 1398 out
737 1345 764 1398 ei
781 1347 969 1402 intervenerit.
990 1349 1062 1401 Gud.
1083 1354 1109 1405 2.
1138 1355 1187 1403 ont
1213 1349 1240 1403 ei
1265 1352 1354 1407 inter-

205 1409 320 1470 center
337 1415 451 1468 volebat
469 1417 603 1486 scriptor,
615 1415 698 1486 ‘quod
715 1416 800 1468 babet
818 1417 905 1470 Marb.
927 1426 975 1472 ont
992 1421 1020 1472 ei
1036 1420 1261 1474 interveniente.
1299 1423 1354 1474 Ha-

205 1489 255 1540 bet
273 1504 345 1538 unus
364 1485 413 1537 Ox.
432 1487 460 1539 si
477 1503 543 1540 non
560 1502 681 1540 summor
698 1488 780 1551 foret.
818 1487 877 1541 Mr.

275 1560 303 1611 ei
325 1556 494 1627 productior]
530 1557 588 1621 „Si
614 1557 724 1625 longior
747 1559 785 1611 sit
814 1558 906 1612 dolor.
939 1560 1100 1612 Columella
1125 1560 1189 1626 [111.
1211 1564 1252 1617 1⁰.
1281 1564 1354 1632 pre]

203 1629 353 1703 flagellum
369 1636 453 1681 vocat
468 1629 723 1696 productissimum,
748 1630 825 1698 quod
848 1630 1050 1704 longissimum
1074 1639 1116 1684 est
1139 1631 1170 1683 in
1195 1632 1302 1685 vitibus
1326 1644 1355 1687 et

204 1698 467 1770 procerissimum.“
502 1699 587 1752 Bero.

276 1769 328 1823 Sin
344 1767 515 1836 productior]
551 1770 645 1843 Vulgo
668 1771 702 1823 si.
734 1771 793 1822 Nos
814 1772 882 1843 Reg.
908 1769 1055 1824 Pithoean.
1080 1780 1110 1825 et
1131 1773 1243 1827 Eliensi
1267 1775 1355 1828 tertio

205 1841 362 1910 paruimus,
381 1856 434 1892 nec
453 1854 511 1891 non
527 1839 665 1909 loquendi
682 1841 775 1906 modo,
796 1858 882 1910 quem
901 1841 1002 1895 Cicero
1021 1843 1094 1896 solet
1111 1843 1253 1897 adbibere.
1290 1845 1328 1902 D.

276 1910 322 1965 ein
340 1909 523 1979 productior]
559 1912 601 1964 De
626 1911 770 1964 consimili
797 1911 961 1965 Stoicorum
991 1913 1132 1966 sententia
1155 1915 1213 1967 vid.
1244 1924 1355 1967 nostras

205 1980 352 2051 Symbolas
377 1982 412 2034 ad
430 1981 489 2034 cto.
509 1982 532 2035 l.
553 1999 578 2033 c.
603 1984 629 2037 6.
655 2000 684 2053 p-
704 1985 730 2038 9.
768 1981 879 2051 Scripsi
902 1992 998 2036 autem
1024 1983 1081 2048 ein,
1107 1999 1161 2056 pro
1184 1983 1300 2059 vulgato
1319 1987 1355 2049 ei,

206 2068 242 2106 ex
259 2051 344 2106 Codd.
364 2055 404 2106 Re
428 2094 434 2106 .
454 2051 529 2111 Gud.
552 2057 573 2105 l.
593 2054 619 2107 2.
639 2053 711 2126 Aug.
732 2053 829 2104 Duisb.
850 2053 923 2106 Gud.
943 2055 1027 2106 Bern.
1054 2055 1138 2107 vind.
1159 2059 1183 2110 l'·
1209 2072 1258 2107 sex
1282 2055 1354 2107 Oxx.

205 2131 235 2176 et
253 2123 298 2177 sic
313 2131 378 2192 post
420 2139 464 2175 av.
490 2121 630 2174 dederunt
648 2122 793 2178 FAWolf.
813 2122 899 2176 Schz.
919 2125 1007 2177 Nobb.
1028 2125 1075 2178 Or.
1095 2125 1165 2176 Tbn.
1202 2126 1283 2178 Unus
1303 2126 1354 2178 Ox.

204 2192 291 2259 habet
313 2194 436 2267 glossam
459 2191 488 2244 ei
510 2208 581 2245 vero.
618 2193 720 2247 Probat
743 2196 788 2248 ein
818 2203 968 2264 receptum
996 2214 1012 2247 a
1035 2195 1150 2248 Davisio
1173 2194 1356 2263 Bouhierius‚

204 2281 291 2334 seque
309 2264 386 2316 idem
405 2263 436 2313 in
453 2278 510 2314 uno
529 2263 608 2321 laeid.
638 2271 667 2315 et
685 2281 733 2315 sua
750 2265 803 2316 Ed.
823 2272 880 2319 vet.
900 2266 1040 2335 reperisse
1060 2266 1219 2320 continuat.
1256 2268 1357 2342 Pergit

205 2351 278 2387 uuus
297 2335 347 2387 Ox.
364 2334 430 2400 ptos
447 2330 593 2387 babituri.
614 2333 701 2386 Marb.
721 2335 856 2392 iocundi.
893 2337 953 2389 Mr.

275 2418 341 2474 baec
358 2422 525 2488 cogitantem
541 2423 603 2487 tore
621 2421 739 2487 beatum]
775 2425 856 2476 Unus
874 2425 925 2479 Ox.
944 2423 1029 2507 hpbet
1055 2425 1177 2499 glossam
1203 2422 1255 2478 tao
1277 2427 1358 2494 cogi·

206 2490 320 2543 tatione.
347 2493 382 2545 ln
401 2491 467 2545 Ood.
487 2493 562 2544 Mon.
582 2493 608 2546 2.
629 2501 671 2545 sst
690 2509 753 2546 nec
769 2495 953 2562 cogitantemi
976 2495 1052 2564 quod
1068 2496 1158 2565 possit
1175 2495 1273 2550 deberi
1292 2515 1363 2549 acue

205 2561 279 2612 mini
302 2563 437 2615 monaobi
462 2562 597 2628 alicuius,
628 2564 679 2630 qui
706 2565 877 2632 persuadere
905 2565 995 2617 vellet
1023 2566 1180 2619 lectoribus
1210 2566 1357 2637 scripsisse

206 2631 376 2685 Ciceronem
394 2651 459 2686 eum
477 2635 540 2686 lore
558 2632 681 2698 beatum,
701 2635 752 2702 qui
770 2652 786 2686 a
802 2634 955 2708 ,cogitando
974 2653 1003 2688 se
1021 2636 1105 2705 plane
1124 2638 1272 2694 abstineat.
1296 2638 1357 2692 >sed

206 2710 286 2756 ortus
306 2713 348 2755 est
366 2720 448 2756 error
466 2721 502 2756 ex
519 2704 709 2756 similitudine
727 2705 881 2757 literarum
900 2704 918 2756 lt
936 2715 966 2757 et
982 2723 1010 2770 n,
1033 2707 1082 2758 vel
1104 2708 1200 2776 potius
1218 2709 1250 2760 Η
1272 2717 1301 2760 ct
1319 2709 1356 2774 N,

205 2790 277 2842 quae
295 2772 344 2826 diu
362 2774 495 2826 obtinuit.
515 2774 578 2827 Vid.
597 2775 740 2827 Drakenb.
760 2775 864 2828 adsit.
892 2776 958 2828 Ital.
978 2778 1025 2828 VI.
1045 2780 1106 2832 58st
1129 2809 1160 2825 ψ-
1180 2777 1225 2830 Ad
1243 2787 1358 2831 senten·

206 2844 277 2965 tialpo
295 2845 374 2896 vocis
393 2845 500 2898 bootem
517 2846 555 2896 ct.
576 2845 737 2899 Gernhard.
766 2845 801 2898 ad
819 2846 878 2899 cic
906 2847 940 2899 de
959 2846 1051 2899 Ainis.
1072 2848 1214 2913 xl11,4o.
1242 2867 1271 2918 p.
1294 2853 1354 2904 101.

207 2929 240 2966 co
268 2951 274 2964 .
315 2917 401 2970 ,orn
439 2916 498 2969 Me.
661 2953 663 2959 .
1089 2955 1092 2959 .

275 2932 446 3053 ρξαεεενιὶηι
462 2985 491 3038 ei
507 2992 534 3040 et
553 2991 616 3039 ante
635 2986 679 3052 -J
715 2988 813 3041 Monet
830 2985 974 3041 FAWolr.
994 2987 1034 3038 in·
1044 2987 1150 3040 sobolis
1174 2989 1204 3040 in
1227 2991 1358 3060 proposi-

207 3053 286 3106 tione
303 3057 468 3109 secundaria
487 3057 552 3122 (im
570 3057 811 3122 Nebensatee)
830 3075 944 3127 semper
959 3055 1028 3127 pc‘ni
1043 3059 1213 3126 praesentim
1227 3059 1264 3124 ei,
1284 3079 1358 3113 nun-

207 3141 292 3207 qpam
306 3125 455 3197 praecipue
472 3126 501 3179 ei
517 3127 566 3180 vel
584 3129 615 3181 in
632 3129 734 3195 primic
751 3129 785 3180 ei.
823 3128 902 3193 Quod
919 3131 1012 3181 refert
1030 3130 1114 3182 Verb.
1141 3129 1172 3180 iu
1192 3148 1283 3201 margi
1304 3131 1358 3184 Co-

104 3230 106 3235 ·
207 3195 300 3249 ducem
317 3200 385 3272 Reg.
412 3198 517 3250 babere
545 3199 573 3251 oi
596 3204 621 3250 et
642 3204 716 3265 onte,
741 3199 811 3252 alios
829 3201 856 3252 ei
873 3207 949 3252 onte:
973 3200 1029 3251 hoc
1056 3199 1132 3251 nibil
1151 3209 1200 3253 est.
1238 3202 1356 3267 Nullus,

207 3268 283 3335 quod
301 3270 398 3332 sciam,
417 3276 534 3339 praeter
550 3286 640 3319 unum
660 3270 709 3322 Ox.
729 3269 804 3322 liber
821 3269 932 3321 omittit
951 3276 985 3322 et.
1006 3269 1062 3324 Sed
1079 3278 1146 3322 sunt
1164 3272 1215 3339 qui
1233 3271 1357 3323 habeant

206 3353 274 3390 enm
293 3346 319 3391 et
338 3345 412 3403 onte,
431 3359 440 3390 i
541 3338 572 3390 G.
591 3357 665 3391 unus
684 3343 734 3394 Ox.
753 3339 842 3394 Rehd.
868 3339 959 3392 Habet
984 3341 1056 3393 item
1078 3357 1139 3393 com
1161 3342 1214 3394 ille
1233 3343 1283 3395 Ox.
1304 3342 1356 3411 qui

206 3409 317 3461 omittit
335 3417 370 3463 et.
390 3411 424 3462 In
440 3356 528 3464 ζῇ..
548 3410 616 3492 Reg.
638 3419 667 3461 et
685 3409 758 3463 Gud.
780 3414 804 3463 l.
824 3411 902 3462 deest
919 3412 960 3464 ei:
980 3429 1068 3480 quem
1084 3411 1227 3464 defectum
1246 3413 1278 3464 in
1288 3413 1355 3465 cod.

206 3479 275 3553 Reg.
293 3497 446 3552 perperam
464 3496 531 3533 cum
547 3479 664 3552 legisset
681 3481 858 3554 Verburgius
884 3481 1009 3533 relatum
1031 3500 1047 3535 a
1065 3483 1160 3534 nescio
1185 3499 1251 3557 quo,
1280 3500 1357 3548 eum,

126 3576 129 3581 ·
208 3567 294 3620 quem
313 3551 384 3619 dixi,
404 3566 534 3603 errorem
553 3552 706 3606 commisit.
744 3553 805 3612 Mn.

276 3623 352 3676 Ante
369 3621 517 3693 perceptis
535 3619 626 3688 bonis]
668 3620 719 3674 Sto
741 3622 810 3696 Reg.
838 3614 1041 3677 Pithoeamet·
1058 3623 1131 3683 bted.
1168 3623 1264 3698 Vulgo
1291 3631 1359 3678 onte

205 3695 369 3763 praeceptis
387 3694 474 3747 onnia
510 3690 548 3743 D.
1024 3700 1027 3704 ’

277 3789 341 3868 onte
360 3778 519 3851 perceptis]
554 3778 624 3842 „Ita
643 3779 711 3864 (lod.
740 3782 811 3857 Reg.
841 3789 872 3837 et
886 3798 950 3840 mea
967 3781 1026 3871 Ed:
1040 3790 1144 3841 retusi
1173 3780 1292 3839 etbene
1316 3783 1360 3867 sic

206 3863 336 3907 correxit
360 3853 459 3912 Dav.“
476 3845 564 3930 Bouto.
600 3849 678 3916 „Suc
694 3851 767 3907 Edd.
791 3860 863 3908 vett.
884 3851 959 3906 Aldt.
986 3852 1059 3906 aliae
1086 3853 1163 3908 male
1187 3861 1358 3922 praeceptae,

205 3931 239 3976 ut
256 3925 339 4007 Junt.
368 3933 369 3936 ’
400 3921 435 3974 od
460 3921 580 4006 repetiit
604 3922 756 3976 Gruterus.
765 3923 787 3954 “
808 3925 877 3978 Ero.
915 3923 1027 3986 Habent
1053 3925 1172 4008 probam
1200 3924 1359 3978 lectionem

204 3991 752 4136 {gestienti”rr-t:
767 3993 993 4122 tinet·
1006 3994 1087 4119 tr·
1105 3995 1207 4134 ert:
1230 3996 1358 4122 tte:

206 4137 270 4193 Alo.
289 4139 369 4189 Brut.
386 4131 493 4203 Sturm.
515 4133 594 4205 Sylb.
619 4143 647 4187 et
663 4134 721 4188 MS.
745 4137 777 4188 in
795 4155 887 4212 marg.
907 4137 972 4192 Asc.
992 4143 1107 4191 nostrae
1126 4139 1152 4192 2.
1179 4135 1213 4188 ln
1233 4136 1311 4189 Gud.
1332 4142 1356 4191 l.

207 4214 251 4262 est
267 4210 453 4272 menapios:
479 4206 530 4259 sed
548 4206 644 4267 literis
668 4223 714 4276 nep
737 4209 968 4279 superscriptum
993 4214 1082 4264 ost'n.
1103 4208 1178 4263 eut.
1199 4211 1225 4264 2.
1246 4208 1358 4261 mittit

207 4276 457 4418 essetne'ossi‘nrertens
474 4365 523 4402 nec
540 4349 605 4404 deoc
624 4348 837 4416 extimesceren]
874 4316 1019 4418 „Action
1038 4350 1116 4424 quod
1133 4350 1168 4404 ab
1181 4349 1269 4404 editis
1287 4366 1357 4434 exp·

206 4419 258 4484 lat,
278 4433 328 4473 nec
344 4428 475 4476 monem:
501 4421 659 4483 eratenim
686 4420 718 4475 iu
736 4423 919 4478 membranis.
965 4421 1006 4474 Et
1030 4437 1100 4476 vero
1124 4423 1161 4478 Μ.
1186 4421 1303 4476 Tullius
1326 4437 1358 4472 m
