2842 5070
198 295 263 360 216
407 288 641 354 CICERONIS
659 287 907 356 TUSCULAN.
929 287 1159 392 DISPUTAT.

197 455 386 520 stultitiam
406 465 520 518 autern
540 473 715 518 accessere
743 455 893 539 quamvis
914 455 1049 537 copiosa
1068 457 1167 521 licet:
1207 457 1296 523 Nam
1313 469 1353 525 et

142 586 158 605 ,
198 541 256 622 qui
277 558 343 602 non
364 541 532 616 levantur,
552 539 618 620 ipsi
638 537 681 600 ad
701 557 736 600 se
757 539 928 600 miseriam
949 540 1112 606 invitante
1141 548 1175 603 ot
1195 543 1252 630 qui
1272 563 1351 606 suos

198 727 327 796 itemque
345 724 431 783 Schz.
467 724 549 778 Unus
568 725 617 780 ox.
642 723 730 778 habet
755 741 809 779 nou
835 731 990 781 nutrirat
1015 725 1088 780 oita'a
1107 730 1159 782 aed
1176 731 1349 786 cultures.

145 847 148 850 ,
197 798 326 873 Pes-gunt
343 796 414 871 Reg.
434 802 464 850 et
481 795 571 850 Marti.
596 799 728 851 stultitia
746 803 844 849 autem.
881 794 924 850 Ad
948 816 976 851 v.
1003 812 1133 852 accusare
1157 803 1281 868 quamue
1304 819 1351 856 ea·

195 867 276 936 piore
294 869 331 921 cf.
353 868 480 992 suprpql,
499 870 542 923 21.
563 884 625 942 pre.
663 866 793 924 Quamvis
809 866 918 934 copiose
934 865 1003 920 auec
1020 869 1191 925 diceremus.-
1217 872 1266 926 ubi
1286 874 1347 927 vid.

197 956 263 992 ann.
284 946 375 991 nostr.
450 955 474 994 r.

267 1008 340 1061 Num
360 1015 386 1065 et
405 1007 454 1079 qur*
470 1021 527 1061 non
543 1008 678 1075 leuantur,
698 1006 848 1078 ipsiulioe
865 1009 905 1062 od
922 1009 1065 1064 maissiam
1087 1010 1239 1080 invitante]
1274 1013 1349 1078 „lta

195 1080 352 1143 Manutius,
372 1079 448 1132 male
466 1095 600 1150 prorsus:
625 1098 692 1132 nam
717 1080 768 1148 qui
790 1096 850 1132 non
874 1080 1004 1133 admittit
1029 1080 1265 1146 consolationem,
1289 1100 1350 1137 non
1371 1137 1375 1147 .

197 1151 298 1208 statim
318 1148 456 1206 dicendus
483 1157 526 1203 est
550 1150 677 1206 invitare
701 1149 774 1203 alios
793 1150 828 1202 ad
852 1151 1008 1218 miseriam.
1045 1151 1209 1207 Victorius:
1234 1155 1293 1224 ipsi
1310 1154 1350 1208 ad

196 1221 341 1274 mesenam
359 1220 489 1286 inuitant,
511 1221 604 1274 male:
633 1221 718 1290 culpa
743 1220 867 1274 lib-rarii.
905 1223 984 1274 Meus
1007 1223 1222 1297 manuscriptus
1250 1233 1346 1280 recte:

147 1363 150 1366 .
196 1291 255 1360 ipat
273 1291 313 1344 od
328 1291 474 1346 miseriam
491 1288 622 1355 t'aot‘taut,
646 1291 738 1344 male:
765 1292 850 1360 culpa
868 1291 992 1344 librarii.
1029 1293 1108 1346 Meus
1131 1295 1348 1362 manuscriptus

134 1373 137 1378 '
196 1368 291 1415 recte:
318 1361 374 1432 ipsi
397 1362 442 1415 od
466 1377 501 1414 ee
522 1361 667 1432 miseriem
689 1361 827 1415 inuitant:
850 1361 928 1433 quod
952 1378 1011 1414 non
1033 1363 1131 1416 minus
1159 1372 1203 1417 est
1221 1364 1347 1418 stultum

196 1431 275 1486 ultro
299 1447 447 1487 accersere
472 1431 527 1488 sibi
553 1431 674 1500 malum,
694 1427 786 1507 'quam
808 1431 934 1488 aliorum
962 1432 1036 1488 vitia
1055 1450 1185 1501 cernere,
1210 1434 1349 1488 oblivisci

195 1503 353 1558 enorum.“
381 1502 521 1556 Ursinus.

266 1573 323 1643 ipsi
341 1574 379 1630 ad
397 1575 541 1630 miserium
559 1572 701 1642 inuitant]
736 1571 925 1640 „Delendum
945 1575 1026 1639 ulios,
1053 1574 1129 1643 quod
1145 1575 1197 1627 vul
1220 1590 1236 1628 o
1260 1575 1348 1631 habe-

194 1649 261 1697 tur:
282 1653 310 1698 et
328 1643 616 1707 hoseumont-Pell.
643 1645 781 1714 quinque,
800 1644 892 1700 Vatia.
911 1645 989 1698 vict.
1013 1644 1135 1698 editio.“
1154 1645 1193 1699 Ge
1230 1688 1236 1702 .
1273 1646 1346 1701 Dar.

194 1716 232 1784 iu⁸
244 1713 298 1768 Ed.
311 1715 356 1780 2,
376 1713 477 1769 nolens
496 1717 630 1779 tortasse,
650 1713 740 1768 edidit
757 1715 818 1783 ipsi
833 1729 869 1767 ee
887 1716 932 1771 aet
947 1717 1089 1769 miserium
1107 1715 1233 1771 invitant.
1253 1715 1345 1770 Βοιὼ.

193 1784 297 1857 probat
316 1781 544 1839 emendationem
563 1785 684 1852 Davisii,
691 1793 769 1910 3post
787 1784 928 1842 Ursiuum
946 1789 1063 1854 factam,
1091 1802 1211 1856 eaanque
1249 1778 1349 1858 robarl

194 1856 237 1910 ait
254 1854 325 1909 loco.
338 1856 442 1925 capitis
459 1858 505 1922 34,
531 1855 579 1909 ubi
604 1864 662 1912 est:
713 1857 749 1908 ed
766 1857 807 1909 ud
830 1857 945 1909 eundem
971 1857 1072 1922 fontem
1090 1864 1212 1910 reveren
1232 1875 1277 1910 um
1295 1864 1347 1929 eet,

194 1926 401 1994 aegritudinem
425 1942 530 1979 omnem
553 1928 655 1996 procul
676 1926 768 1980 abesse
790 1943 809 1979 a
831 1928 968 1993 cupiente:
1007 1927 1079 1998 qumi
1104 1951 1137 1966 —
1161 1944 1216 1981 nou
1240 1935 1347 1983 nutura

193 1997 348 2064 exoriatur,
366 1997 417 2050 sed
434 1998 589 2061 iudiciu-
606 1998 669 2054 aad
687 1996 832 2066 quadam
850 1996 1070 2051 inuitatione
1089 1999 1132 2050 ad
1149 1999 1345 2064 dolendum,

194 2084 276 2138 quum
300 2067 333 2122 id
359 2069 562 2130 decreverimus
595 2068 636 2120 ito
659 2065 723 2136 pieri
749 2073 887 2134 oportere.
903 2067 1036 2141 “Probat
1062 2066 1174 2121 Davisii
1201 2071 1346 2123 rationem

194 2139 283 2206 etiam
301 2138 515 2201 ballenianum,
535 2154 655 2206 eamque
673 2139 790 2207 recepit.
830 2137 912 2195 ldem
928 2140 1065 2195 fecerunt
1081 2137 1183 2196 FAW.
1210 2147 1240 2194 et
1263 2156 1345 2211 seqq.

191 2207 356 2290 liabentque
376 2209 464 2267 etiam
482 2208 567 2278 Bipp.
586 2215 615 2262 et
632 2207 749 2262 Mannh.
787 2208 847 2260 Mr.
1293 2203 1299 2210 '

263 2297 325 2366 Ipsi
342 2297 380 2350 ud
398 2314 428 2350 se
446 2297 586 2350 miseriem
605 2294 736 2361 inuitant]
772 2295 830 2349 Vul
853 2312 880 2362 u,
899 2295 958 2366 ipsi
980 2297 1020 2351 ad
1040 2298 1186 2352 surenam
1210 2295 1346 2361 inuitant,

192 2375 223 2423 et
249 2369 290 2425 ita
313 2369 377 2421 fere
396 2365 489 2419 ltlssti.
525 2365 663 2422 Erasmus
681 2375 796 2431 autem,
849 2369 971 2425 anucins
998 2368 1200 2422 ct.Lambinns
1227 2367 1345 2432 habent,
1389 2372 1391 2379 “

190 2439 247 2506 ipsi
264 2436 337 2490 alios
356 2438 395 2489 ud
411 2436 556 2493 miseriam
574 2435 706 2490 invitent.
743 2434 852 2492 Eadem
872 2445 916 2493 est
939 2438 1093 2510 utriusque
1120 2437 1257 2491 lectionis
1279 2456 1348 2493 sen-

191 2508 297 2571 tentia,
315 2503 365 2560 sed
384 2526 414 2561 ea
433 2508 507 2560 falsa
523 2523 644 2578 prorsus
662 2515 692 2561 ct
709 2506 791 2561 rebus
810 2509 882 2579 ipsis
900 2525 1075 2584 repugnans.
1112 2509 1185 2561 Nam
1211 2510 1264 2562 vix
1288 2517 1345 2574 ast,

191 2587 226 2633 nt
244 2578 296 2648 qui
314 2578 512 2635 consolatione
529 2576 606 2630 nihil
625 2577 746 2643 levatus,
771 2579 862 2633 miser
885 2595 946 2633 esse
970 2579 1083 2652 pergita
1107 2578 1159 2630 rix
1183 2586 1236 2642 est,
1266 2585 1300 2629 ut
1318 2581 1346 2634 is

191 2649 265 2704 alios
284 2648 319 2701 ad
337 2649 487 2702 miseriam
504 2649 595 2719 possit
619 2648 754 2703 invitare.
790 2648 908 2718 Reliqui
925 2649 1032 2718 potius,
1063 2648 1124 2702 eius
1149 2653 1226 2699 sorte
1245 2646 1348 2700 deter-

191 2721 258 2786 riti,
276 2719 505 2777 eonsolationem
524 2734 583 2771 uon
602 2728 752 2788 respuent,
780 2719 978 2788 cavebuntque
996 2735 1033 2772 ne
1051 2717 1156 2772 nimias
1180 2711 1345 2790 suscipiant

191 2791 400 2866 aegritudines.
438 2789 593 2857 Quantivis
608 2791 697 2859 pretii
717 2799 761 2848 ast
779 2789 892 2842 Codicis
910 2786 1062 2845 Ursiniani
1080 2787 1235 2857 scriptura,
1254 2805 1346 2856 qnam

189 2876 243 2914 nos
261 2861 441 2931 recepimus,
466 2860 584 2925 etenim,
604 2866 636 2912 nt
655 2869 737 2915 recte
755 2859 869 2912 monuit
887 2858 935 2910 vir
953 2855 1006 2910 ille
1024 2855 1135 2921 doctus,
1159 2872 1218 2908 non
1242 2859 1344 2912 minus

190 2938 235 2986 est
253 2931 390 2997 stultum,
412 2931 492 2991 ultro
517 2929 572 2989 sibi
589 2947 739 2993 accersere
762 2928 845 2995 mala,
873 2945 961 3002 quam
986 2927 1108 2982 marum
1126 2926 1199 2981 vitiu
1217 2943 1343 2996 cernere,

190 3001 322 3058 obliuisci
339 3018 462 3058 suorum
499 3002 536 3062 D,
1123 3057 1130 3067 p

260 3071 317 3125 iri
343 3073 386 3124 ad
412 3089 448 3126 ae
471 3073 615 3128 miseriam
640 3070 781 3140 incitarat]
813 3067 896 3137 Quod
914 3069 1007 3124 invito
1030 3069 1141 3122 lactum
1161 3074 1205 3123 est
1221 3067 1343 3127 Davisio

189 3145 221 3198 in
239 3089 292 3200 Ei.
313 3145 350 3208 2,
369 3143 446 3207 (nam
467 3145 566 3213 eadem
582 3144 624 3198 ibi
636 3151 687 3197 -est
704 3140 862 3204 annotatio,
881 3147 968 3211 quam
986 3159 1021 3193 cx
1038 3139 1092 3195 Ed.
1113 3144 1139 3196 3.
1159 3137 1343 3210 exhibemus)

188 3215 256 3270 fieri
284 3213 398 3277 volebat
422 3215 549 3281 Nissen,
573 3221 607 3267 ut
631 3215 811 3271 scriberetur
832 3230 869 3273 se
890 3213 933 3268 ad
957 3215 1022 3268 mie.
1048 3210 1179 3274 inuitant,
1210 3209 1342 3268 adhibito

189 3286 291 3342 eodem
309 3283 384 3350 loeo,
403 3303 488 3354 quem
507 3304 543 3339 ex
561 3302 587 3342 c.
604 3287 649 3341 34.
668 3285 705 3344 ad
722 3304 787 3338 ann.
808 3282 899 3340 Bouh.
920 3281 1131 3352 adscripsimus.
1168 3281 1207 3334 Et
1230 3281 1343 3333 dicitur

188 3373 218 3409 ae
236 3355 356 3408 invitare
382 3354 554 3413 aSallustio
573 3356 718 3431 Fragmm.
745 3355 819 3411 Hist.
839 3354 886 3405 Ν.
905 3371 935 3424 p.
953 3353 1015 3409 991.
1042 3353 1084 3406 od.
1115 3352 1194 3405 Cort„
1219 3350 1338 3406 sueton.

189 3426 315 3480 Octavio.
336 3428 380 3480 ⁷7.
405 3426 495 3482 Plaut.
522 3425 629 3496 Amph.
647 3425 671 3479 l·
692 3431 716 3480 l.
741 3428 803 3481 127.
840 3424 903 3478 Nec
929 3423 1049 3478 absurda
1073 3422 1192 3475 videtur
1209 3421 1341 3475 Nissenil

189 3496 325 3566 suspicio,
350 3495 452 3553 Ursini
476 3505 574 3552 autem
592 3495 680 3551 fidem
705 3502 867 3572 suspectam
887 3509 1024 3552 essenon
1048 3493 1139 3550 semel
1162 3493 1338 3548 monuimus.

188 3566 310 3621 Accedit
327 3566 404 3641 quod
421 3585 449 3620 ee
474 3575 542 3639 post
565 3568 635 3634 s'pae'
656 3565 773 3630 facilius
798 3566 896 3635 potuit
919 3563 1063 3627 excidere,
1092 3580 1178 3632 quam
1201 3570 1267 3639 post
1290 3562 1339 3615 ad.

186 3638 231 3692 Ne
252 3639 296 3695 ari
315 3638 437 3708 denique
455 3638 684 3708 nequit,locu1n
703 3654 727 3690 c.
747 3640 791 3693 34.
818 3635 878 3701 (sed
895 3637 1015 3706 quadum
1037 3633 1205 3688 inuitatione
1229 3632 1267 3684 od
1290 3633 1341 3684 do·

188 3657 310 3765 lenium)
328 3710 420 3783 magis
439 3708 674 3768 favereNisseuii
692 3708 866 3765 sententiae}
884 3722 945 3760 non
963 3707 1040 3760 anim
1059 3704 1125 3762 vult
1143 3707 1162 3757 i.
1174 3723 1201 3774 q.
1222 3705 1341 3773 wadum

187 3779 354 3839 inuitatione
379 3779 489 3835 doloris
515 3777 565 3844 (ad
582 3779 658 3841 ποι).
688 3779 752 3838 seda
782 3783 814 3834 at
832 3778 1030 3846 quodammodo
1052 3791 1103 3827 uoe
1129 3777 1167 3828 ad
1192 3775 1341 3827 dolendum

186 3849 246 3919 ipsi
269 3850 351 3920 quusi
373 3848 529 3907 inuitemus.
568 3848 715 3905 scribitur
737 3849 795 3916 ipsi
817 3848 861 3899 ed
882 3850 1027 3916 miseriam
1052 3845 1173 3898 inuitant
1198 3846 1229 3897 in
1249 3843 1339 3897 Godd.

187 3922 211 3975 R
251 3963 256 3975 .
285 3920 328 3986 [ut
346 3919 477 3986 videtur]
510 3918 584 3976 Gud.
607 3923 631 3973 1.
649 3921 675 3980 2·
703 3919 788 3976 Rern.
815 3917 903 3971 Marb.
932 3918 1016 3972 Vind.
1037 3920 1063 3973 2.
1088 3915 1179 3971 Rehd.
1208 3913 1340 3981 [sedhic

186 3989 225 4045 h'a
245 3991 458 4053 attentantur,
477 3997 510 4041 nt
529 3988 568 4042 sit
586 3989 676 4052 idem,
695 3990 770 4057 quod
788 4005 817 4041 se
833 3988 967 4056 invitant]
995 3987 1093 4044 Duisb.
1119 3986 1194 4040 Gud.
1215 3989 1290 4037 Mon.
1312 3989 1339 4040 l.

189 4070 228 4127 et,
246 4072 280 4116 ut
297 4062 414 4116 videtur
432 4061 502 4115 Oxx.
522 4060 666 4125 omnibus,
692 4060 750 4113 nisi
773 4058 849 4130 quod
868 4059 899 4110 in
925 4077 982 4113 uno
1002 4067 1046 4112 est
1070 4057 1218 4120 miseriam
1245 4056 1338 4108 codd.

188 4134 260 4209 Aug.
286 4141 315 4186 et
331 4131 418 4190 Vind.
439 4135 463 4186 l.
489 4130 596 4187 babent
620 4130 676 4195 ipsi
701 4128 798 4182 alios
820 4129 859 4182 od
880 4129 943 4182 mis.
981 4129 1065 4184 Solus
1089 4130 1164 4180 Mon.
1184 4129 1209 4181 2.
1236 4128 1275 4179 ad
1298 4143 1339 4191 se,

188 4221 245 4276 quo
262 4205 408 4265 firmatur,
431 4203 456 4255 si
475 4219 530 4272 qua
550 4210 603 4265 est,
622 4201 694 4258 tides
713 4200 828 4254 Codicis
847 4199 1000 4254 Ursiniani
1018 4209 1048 4252 et
1066 4199 1154 4268 lectio
1172 4197 1337 4250 Davisiana.

143 4336 148 4342 ,
188 4276 357 4328 Lectionem
382 4288 462 4336 vero,
488 4290 575 4342 quam
599 4271 730 4336 Erasmo,
758 4272 886 4324 Manutio
910 4280 940 4324 et
958 4270 1097 4338 [lambino
1121 4269 1227 4320 tribuit
1248 4267 1341 4320 Davi·

189 4346 258 4409 sius,
278 4344 349 4410 (ipsi
367 4343 462 4395 aliua
480 4343 526 4394 ed
541 4344 685 4397 miseriam
704 4341 755 4407 in.)
772 4341 880 4395 babent
897 4358 996 4396 omnes
1011 4347 1079 4394 ante
1097 4338 1188 4392 Gebh.
1210 4339 1340 4409 exceptis

187 4418 222 4473 V.
245 4422 275 4470 et
296 4414 367 4470 Rob.
392 4410 491 4484 steph.
517 4427 589 4484 quos
613 4419 728 4468 secutus
756 4420 800 4468 est
826 4411 1016 4469 Gabba-slus:
1044 4427 1116 4464 oum·
1143 4422 1201 4482 quo
1217 4409 1341 4463 'faciunt
