2842 5070
199 312 260 377 1⁰2
403 308 629 397 CICERONIS
649 307 896 374 TUSCULAN.
917 305 1145 372 DISPUTAT.

199 477 300 540 semel
324 477 372 537 ait
403 476 440 536 in
469 477 560 536 omni
589 477 660 537 vita
682 476 797 537 risisse
825 475 991 535 Lucilius:
1013 470 1071 534 sed
1098 472 1282 552 tranquilla
1314 481 1349 535 et

199 577 334 621 serena:
355 558 403 618 sic
424 562 511 619 enim
541 560 738 640 accepimus.
780 547 858 619 ldre
879 565 989 617 autem
1011 565 1084 616 erat
1103 575 1234 636 semper
1260 553 1348 616 idem

108 669 113 678 ,
197 641 322 710 vultus,
344 661 443 722 quum
466 643 594 717 mentis,
625 661 730 719 aqua
761 642 790 701 is
817 640 970 722 fingitur,
1003 638 1092 697 nulla
1118 638 1214 697 fieret
1240 646 1347 697 muta-

78 761 81 765 ·
149 724 176 776 b.
196 724 255 784 tio.
300 723 411 786 Quare
443 725 568 803 accipio
598 724 749 804 equidem
776 743 794 783 a
825 720 1021 801 Cyrenaicis
1049 719 1129 779 baec
1151 739 1243 778 arma
1271 738 1348 779 con-

190 813 249 868 tra
272 824 366 867 casus
405 814 438 871 et
478 814 628 880 eventus,
659 807 776 885 quibus
810 823 925 865 eorum
959 801 1171 882 advenientes
1204 805 1348 881 impetus

195 884 357 948 diuturna
371 886 670 973 praemeditatione
692 891 908 972 franganturt
936 885 1104 964 simulque
1125 882 1250 962 iudico,
1278 903 1348 944 ma·

133 963 176 1017 3²·
196 969 267 1032 lum
287 969 372 1031 iliud
394 971 561 1050 opinionis
585 989 664 1040 esse,
687 990 754 1029 non
776 976 924 1029 naturae.
968 966 1004 1028 Si
1025 970 1115 1027 enim
1137 967 1172 1025 in
1194 976 1347 1038 receset,

196 1155 273 1226 quod
290 1158 399 1209 factum
418 1163 460 1209 est
478 1173 567 1224 quum
584 1155 702 1207 vidisset
720 1154 830 1207 asinum
848 1154 965 1207 carduos
984 1151 1189 1216 comedentem,
1215 1151 1348 1204 dixisset-

114 1235 118 1238 ’
196 1245 252 1297 que
272 1227 305 1278 ob
324 1227 362 1291 id,
381 1225 504 1280 similem
520 1223 618 1279 labent
639 1226 720 1278 labra
739 1228 886 1279 lactucam.
915 1227 1025 1277 factum
1042 1223 1098 1276 hoc
1120 1223 1287 1292 dictumque
1305 1223 1348 1274 le-

217 1298 376 1350 idissimum
394 1297 669 1366 festivissimumque
688 1298 749 1348 risu
767 1298 952 1365 subsequutus
971 1303 1021 1347 est.
1053 1295 1191 1357 Pedianus
1209 1294 1347 1359 Asconius

193 1315 251 1427 ‚boc
270 1386 353 1422 sensu
366 1368 489 1439 'exponit
507 1369 638 1421 Crassum
656 1369 744 1419 semel
761 1369 857 1420 risisse
876 1368 907 1419 in
924 1366 997 1418 vita:
1018 1373 1050 1416 ut
1070 1364 1216 1448 intelligas
1235 1380 1300 1417 raro
1313 1381 1346 1416 ac

195 1457 286 1510 paene
306 1456 453 1508 nunquam
471 1439 598 1491 risisse.“
610 1439 781 1497 Beroaldus.
802 1440 883 1492 Couf.
904 1445 998 1488 annot.
1020 1436 1055 1488 ad
1071 1435 1180 1488 Lucilii
1199 1436 1255 1487 Fra
1277 1453 1343 1486 mm.

196 1511 239 1564 ed.
266 1511 328 1580 Bip.
354 1528 381 1579 p.
404 1513 454 1565 182
472 1527 513 1578 sq.
550 1510 585 1561 In
612 1509 679 1560 Cod.
698 1510 772 1593 Aug.
802 1519 843 1563 est
861 1507 990 1560 Lucilius
1015 1507 1133 1568 risisset
1159 1506 1191 1556 in
1208 1453 1296 1558 uait
1317 1514 1346 1557 et

194 1598 252 1634 uno
272 1582 322 1634 Ox.
343 1579 455 1637 Lucius.
491 1581 533 1632 De
559 1579 672 1634 Lucilio
696 1579 856 1633 Satirarum
884 1579 1025 1647 scriptore
1044 1577 1102 1627 vid.
1122 1574 1278 1628 Baehrium
1295 1592 1346 1628 no·

194 1659 287 1704 strum
311 1651 343 1703 in
366 1653 439 1702 Hist.
465 1652 536 1702 Lite.
563 1652 643 1704 Rom.
668 1648 771 1712 §.102
794 1669 825 1722 p.
846 1653 898 1706 156
916 1668 959 1718 sq.
986 1674 1019 1684 -
1054 1647 1154 1720 Pergit
1178 1647 1245 1700 Cod.
1270 1647 1343 1721 Aug.

141 1784 145 1793 ι
194 1723 245 1774 aed
264 1722 427 1790 tranquille
447 1727 472 1773 et
492 1736 607 1773 serene.
645 1721 705 1774 Mr.

266 1793 347 1847 Quem
365 1793 450 1844 semel
467 1792 507 1844 ait
525 1793 555 1845 in
573 1791 649 1847 amai
666 1791 727 1843 aito
753 1789 854 1843 risisse
872 1788 1009 1854 Lucilius]
1045 1788 1106 1840 Alii
1130 1790 1262 1843 Crassum
1286 1805 1344 1841 non

193 1864 311 1917 omnino
328 1863 423 1915 risisse
442 1862 621 1927 confirmant.
657 1860 768 1913 Plinius
787 1858 822 1912 H.
842 1862 879 1915 N.
900 1861 962 1924 vlt,
989 1863 1030 1915 19.
1069 1861 1172 1912 Rruat
1199 1860 1343 1925 Crassum,

193 1948 273 1986 auum
292 1933 391 1986 Crassi
409 1932 439 1984 in
457 1930 572 1986 Partitis
590 1930 758 1997 interempti,
777 1946 915 2000 nunquam
933 1929 1050 1994 risisse;
1071 1929 1104 1983 ab
1125 1931 1157 1982 id
1174 1931 1344 1999 Agelastum

191 2011 324 2057 secatum.
350 2002 463 2056 Solinus
482 2021 542 2074 cap.
564 2007 587 2057 1.
609 2001 730 2057 Crassus
749 2017 818 2054 arus
836 2001 905 2063 eius,
924 2016 1000 2066 quem
1019 2007 1171 2067 rapuerunt
1189 1999 1343 2055 lellaPar·

191 2071 277 2137 ilica,
297 2074 371 2144 quad
389 2091 527 2144 nunquam
545 2073 651 2136 riserit,
671 2073 822 2140 Agelastue
840 2069 1007 2139 [ἀγέλαστος]
1026 2071 1280 2138 cognominabatur.
1310 2070 1342 2124 Si

191 2161 272 2198 nosse
291 2147 388 2214 cupias
406 2154 557 2197 auctorum
575 2144 700 2206 nomina,
720 2144 771 2211 qui
789 2143 844 2197 hoc
863 2145 963 2194 Poetae
977 2142 1093 2196 ¹dictum
1111 2143 1265 2195 maineriae
1284 2150 1344 2194 tra·

191 2214 343 2280 diderunt3
361 2215 440 2268 adeas
460 2222 573 2284 oportet
590 2214 699 2269 Lucilii
718 2206 857 2282 reliquias
876 2230 891 2264 a
909 2213 957 2264 Fr.
977 2212 1075 2264 Douza
1098 2212 1232 2265 collectas
1249 2231 1277 2282 p.
1297 2215 1341 2268 20.

192 2286 296 2356 quibus
314 2286 384 2337 adde
403 2287 541 2338 Joannam
560 2283 797 2337 sarisberiensem
814 2283 917 2334 Polior.
937 2283 1016 2348 Vltt,
1035 2285 1060 2337 8.
1079 2300 1144 2351 paq.
1163 2285 1224 2338 558.
1262 2283 1299 2334 D.

263 2355 312 2410 Sic
335 2355 410 2408 enim
432 2350 607 2423 accepimus]
643 2354 715 2406 Edd.
741 2353 776 2405 Α.
795 2354 826 2404 Β.
856 2353 883 2407 S.
908 2355 943 2405 E.
964 2355 1033 2406 Ven.
1052 2363 1141 2405 nostr.
1163 2353 1340 2421 accipimus.

191 2425 256 2478 Asc.
278 2431 302 2480 l.
328 2426 386 2478 sola
405 2427 580 2494 excepimus.
618 2425 709 2490 „Iure
726 2424 756 2476 h.
777 2424 797 2475 l.
827 2433 884 2477 est:
910 2424 1117 2476 convenienter
1143 2441 1242 2476 rerum
1260 2433 1343 2476 natu·

191 2513 255 2549 rae.
275 2496 362 2548 aliter
379 2514 437 2549 esse
455 2514 512 2549 non
530 2505 655 2566 poterat:
676 2496 724 2548 sed
742 2495 783 2546 sic
803 2512 861 2555 esse
879 2494 1009 2548 debebat:
1037 2512 1095 2546 non
1120 2503 1269 2568 arguerat
1289 2497 1343 2546 mi·

190 2565 343 2630 randum.“
365 2568 435 2620 Era.
465 2569 514 2631 ‚Ia
536 2567 603 2621 eod.
629 2566 653 2618 A
696 2605 702 2617 .
726 2565 879 2618 scribitur:
913 2581 1020 2633 semper
1052 2570 1114 2618 erat
1140 2563 1215 2618 idem
1240 2567 1340 2618 vultus.

189 2637 277 2691 Marb.
298 2639 408 2690 omittit
431 2653 449 2695 a
473 2647 538 2694 ante
566 2654 625 2706 qua.
688 2655 734 2698 res
757 2637 825 2689 Oxx.
858 2637 997 2688 omittunt
1032 2635 1068 2688 ie.
1098 2634 1170 2688 Gud.
1195 2638 1221 2689 2.
1255 2635 1342 2689 habet

190 2708 347 2775 frangitur.
368 2709 441 2761 Gud.
463 2714 487 2764 l.
508 2713 566 2762 al.
588 2727 625 2759 m.
644 2707 718 2774 fieri,
738 2707 763 2760 2.
784 2724 822 2756 m.
849 2707 1052 2779 superscripsit
1070 2739 1102 2748 -
1122 2713 1167 2770 et3
1190 2706 1265 2777 Aug.
1291 2706 1342 2758 ha-

189 2776 238 2832 bet
255 2779 468 2832 commutatio.
505 2782 586 2832 Unus
605 2779 654 2831 Ox.
675 2781 749 2830 Mon.
772 2780 795 2830 1.
817 2777 889 2829 Gud.
911 2781 935 2831 l.
956 2795 1030 2846 apr.
1048 2795 1086 2827 m.
1106 2777 1159 2828 Ed.
1179 2777 1207 2828 P.
1229 2777 1341 2845 quidem

188 2865 243 2920 pro
268 2849 411 2918 equidem:
440 2850 501 2902 eius
524 2851 588 2902 loco
602 2849 689 2901 -Gua
718 2847 803 2899 habet
836 2847 930 2899 etiam.
967 2848 1009 2900 De
1033 2846 1199 2916 Cyrenaicis
1227 2849 1347 2918 respice

189 2935 215 2972 c.
236 2923 278 2974 ta.
298 2919 320 2983 §-
341 2923 383 2975 te.
403 2922 477 2994 Aug.
497 2937 550 2990 pro
569 2936 650 2971 arma
668 2919 753 2971 habet
771 2918 863 2970 omnia
882 2934 949 2970 esee.
986 2919 1046 2970 Mr.

259 2989 354 3058 quibus
376 3007 470 3044 earum
494 3018 525 3034 -ι
550 2992 667 3058 impetus
692 2989 827 3041 diuturna
852 2987 1109 3056 praemeditatione
1142 2988 1339 3057 frangeretur-,J

187 3057 295 3113 Earum
317 3062 425 3114 omittit
449 3078 522 3116 unus
547 3061 597 3112 Ox.
626 3060 692 3111 Cod.
719 3062 792 3111 ttlon.
812 3062 837 3113 i.
867 3059 952 3112 habet
982 3059 1090 3126 ineptus
1122 3076 1175 3128 pro
1209 3063 1337 3130 impetur.

186 3131 270 3183 vind.
291 3134 316 3186 2.
341 3141 370 3187 et
394 3135 468 3189 Mon.
490 3133 514 3185 2.
541 3139 667 3205 pergunt
691 3129 940 3199 praemeditatione
964 3129 1108 3182 diurna.
1137 3129 1232 3182 Duisb.
1253 3131 1339 3184 babet

186 3203 374 3257 meditatione.
410 3203 454 3255 Ad
472 3202 718 3254 constructionem
736 3201 881 3258 FAWelf.
902 3202 933 3252 in
950 3200 1066 3253 scholis:
1088 3208 1258 3265 „structura
1276 3218 1338 3254 ora·

185 3272 274 3335 tionis
297 3274 383 3329 mira:
421 3272 570 3327 Ablativus
593 3273 634 3331 ita
658 3273 834 3356 adiungitur,
857 3279 889 3322 ut
914 3271 993 3324 nobis
1018 3271 1135 3339 quidem
1158 3288 1215 3324 non
1233 3272 1338 3325 liceret

185 3344 351 3418 adiungere.
389 3344 462 3396 Sunt
481 3345 559 3403 euim
577 3358 657 3404 arma
674 3342 727 3395 illa
745 3360 805 3412 ipsa
823 3342 1042 3411 praemeditatio
1054 3341 1199 3406 diuturna,
1219 3343 1337 3411 adquae

185 3422 296 3499 spectat
314 3415 429 3482 quibus.-
457 3414 538 3482 quasi
565 3414 675 3466 dictum
697 3413 750 3469 sit:
781 3413 883 3482 quibus
901 3413 998 3476 arinis,
1024 3412 1123 3477 idest,
1147 3414 1338 3482 praemedita-

184 3492 264 3537 tione
283 3484 428 3550 diuturna,
454 3501 554 3536 eorum
579 3484 703 3552 impetus
730 3481 933 3557 frangantur.“
953 3511 986 3520 -
1018 3483 1098 3536 Unus
1118 3483 1167 3535 Ox.
1187 3482 1273 3536 habet
1296 3483 1339 3536 si·

183 3554 295 3625 mulque
313 3555 392 3608 indi
399 3571 452 3620 co,
473 3554 544 3605 alius
562 3555 698 3622 simulque
716 3554 729 3606 i
736 3554 862 3607 udicio.
883 3557 957 3607 Mon.
978 3557 1003 3608 i.
1024 3552 1211 3622 similique
1229 3553 1335 3608 iudico.

184 3626 258 3681 Gud.
278 3626 417 3696 simulque
435 3627 563 3678 malum
581 3625 704 3679 iudica
722 3625 804 3680 illud.
834 3625 907 3695 Gud.
929 3627 955 3680 2.
975 3625 1086 3678 omittit
1104 3639 1165 3676 erse
1191 3635 1255 3694 post
1274 3625 1337 3695 opi·

184 3696 287 3753 atonis.
325 3699 385 3752 Mr.
980 3693 983 3698 ’

236 3766 289 3820 rSi
308 3767 381 3818 enim
397 3765 429 3819 in
447 3782 479 3818 re
497 3764 599 3833 essent]
635 3803 654 3833 ,‚
661 3766 804 3818 Manutius
822 3766 968 3820 existimat
987 3767 1094 3818 rectius
1113 3783 1185 3819 esse:
1210 3766 1245 3820 Si
1263 3769 1337 3821 enim

182 3839 214 3895 in
232 3856 263 3891 re
282 3837 380 3889 eseet.“
406 3837 455 3889 Fr.
473 3837 584 3890 Fabric.
623 3839 721 3904 „Cum
744 3837 865 3890 verbum
889 3837 925 3888 sit
953 3836 1138 3888 referendum
1161 3838 1196 3890 ad
1220 3838 1335 3904 malum,

183 3909 260 3979 quod
287 3907 443 3975 praecedit,
473 3907 627 3982 legendum
652 3909 768 3961 videtur
792 3913 879 3969 esset,
908 3907 983 3975 quod
1007 3907 1104 3976 reperi
1130 3908 1161 3958 in
1184 3925 1242 3960 uno
1267 3910 1334 3962 Cod.

181 3979 261 4035 Laid.
296 3979 398 4047 Neque
416 3977 492 4031 dicat
509 3979 612 4050 aliquis
629 3980 685 4032 hoc
704 3995 761 4031 non
780 3978 935 4031 convenire
954 3976 1149 4048 sequentibus:
1170 3983 1336 4047 auerterent

179 4047 295 4121 provisa
318 4049 433 4102 leuiora.
469 4051 540 4102 Vult
559 4053 648 4104 enim:
669 4051 693 4102 si
712 4050 820 4102 malum
839 4057 910 4102 esset
928 4049 960 4100 in
978 4067 1020 4114 re,
1047 4047 1100 4101 cur
1123 4067 1201 4101 casus
1224 4052 1336 4121 provisi

180 4121 230 4175 vel
254 4118 329 4173 mala
346 4123 475 4190 *provisa
497 4123 591 4174 minus
618 4138 668 4173 nos
695 4123 928 4173 commoverent?
968 4119 1047 4184 Quod
1073 4137 1142 4172 vero
1175 4131 1216 4173 est
1241 4124 1335 4175 mala

162 4196 273 4253 eareat
293 4187 325 4242 ia
343 4193 490 4245 nonnullis
509 4194 606 4246 libris:
626 4193 719 4266 glossa
738 4199 781 4244 est
799 4191 985 4243 librariorum
1010 4191 1045 4242 ad
1062 4208 1162 4243 vocem
1185 4192 1334 4260 prouisa.“

179 4260 314 4316 Baubier.
353 4264 477 4317 Bentleii
495 4265 665 4317 sententiam
682 4263 739 4314 vid.
761 4263 791 4312 in
810 4262 869 4315 cius
886 4263 1078 4315 annotatione.
1116 4264 1175 4315 Mr.

135 4406 138 4419 Ι
251 4351 286 4405 Si
304 4351 426 4406 enimin
445 4368 476 4404 re
500 4351 601 4417 essent]
630 4349 686 4402 Ant
704 4351 801 4422 paullo
820 4360 884 4404 ante
903 4369 969 4404 cum
987 4351 1230 4420 praestantissimo
1248 4354 1334 4405 Bent-

86 4452 89 4456 Δ
116 4444 145 4465 ι,
180 4422 238 4476 leia
256 4423 410 4497 legendum
427 4422 566 4490 simulque
588 4421 683 4477 iudice
701 4424 775 4476 mala
793 4423 853 4490 illa,
881 4431 930 4476 aut
953 4422 1003 4475 hic
1024 4441 1059 4476 ex
1076 4422 1185 4475 Eliens.
1212 4441 1266 4477 sec.
1287 4443 1334 4478 re·
