2842 5070
422 295 424 301 ·
504 290 635 353 uluuu
654 289 716 370 ιν,
736 293 767 357 e.
1030 260 1074 361 's
1158 295 1221 361 aas

66 442 231 522 dialectici
242 457 425 540 appellant,
447 465 486 518 ιιι
505 456 629 519 habere
650 455 796 533 divitias,
818 474 937 539 capere
951 455 1112 523 honores:
1134 457 1220 521 indi-

66 541 190 627 gentia,
212 542 500 620 earumipsarum
522 546 583 618 cst,
605 547 645 602 ut
665 539 843 617 hunorum,
866 547 905 601 ιιι
925 540 1095 622 pecuniae.
1125 539 1217 619 Onu·
1235 554 1279 607 tt.

1143 668 1222 678 —--

64 736 216 852 perstante.
255 727 364 782 Omissa
381 735 426 799 est
443 743 502 781 vox
519 725 668 793 dialectici,
681 727 714 780 in
732 725 801 785 cad.
820 725 920 781 Duisb.
949 726 984 780 ln
1009 726 1077 781 coc
1096 728 1171 782 Gud.
1191 732 1217 786 2.

80 803 178 876 egitur
196 800 363 870 appellent.
380 852 385 860 ,
400 799 459 852 Mr.
477 811 480 824 ·
963 834 965 839 .
1212 840 1214 845 ,

138 905 238 941 avere
255 889 383 952 divitiae,
403 905 531 957 caepere
548 886 684 955 bonores]
721 889 853 970 „Vfflffi
875 887 1002 943 babere
1020 889 1220 956 divitiama-

62 973 148 1027 pere
166 958 297 1024 bonores,
316 977 401 1028 quam
420 961 578 1014 lectionem
596 961 733 1021 vitiosam
754 978 815 1015 esse
842 961 940 1012 statim
959 961 1038 1026 vidi3
1065 978 1130 1013 nam
1158 965 1220 1016 siue

65 1030 189 1084 minimo
207 1030 349 1085 desiderio
367 1030 492 1085 bonores
511 1030 577 1099 capi
616 1038 725 1097 essunt,
742 1029 842 1085 iuberi
859 1031 988 1085 divitiae.
1025 1032 1134 1102 Recepi
1162 1033 1171 1083 i
1195 1033 1220 1087 i·

64 1107 116 1153 tur
135 1102 318 1172 scripturam,
334 1105 424 1172 'quam
444 1109 572 1169 praestat
589 1047 711 1154 irenen.
730 1103 903 1172 praesertim
932 1118 999 1155 oum
1017 1118 1146 1170 capere
1172 1050 1219 1156 do·

64 1186 146 1224 nores
169 1172 278 1225 diserte
303 1179 502 1242 repraesentet
525 1171 582 1225 MS.
601 1172 721 1225 Not-vic.
749 1173 831 1249 Legi
856 1173 943 1226 etiam
966 1174 1060 1242 possit
1090 1170 1219 1226 taem

63 1241 197 1296 diuitiae:
217 1241 271 1295 illo
291 1242 371 1296 euim
388 1243 473 1295 mode
493 1260 578 1314 saepe
605 1243 756 1312 scripsisse
779 1251 851 1296 vett.
872 1261 907 1295 ex
932 1242 1089 1311 pennultis
1114 1245 1219 1297 inscri-
1295 1264 1298 1269 ’

61 1312 208 1383 ptionibus
247 1320 316 1371 atet,
355 1312 410 1364 aot
428 1314 505 1366 Petr.
524 1313 688 1367 victorium
714 1314 746 1366 in
765 1312 916 1366 Ciceronis
939 1312 1043 1365 Famil.
1069 1312 1118 1366 lib.
1139 1312 1218 1370 VIII.

63 1398 109 1451 ep.
133 1382 201 1437 16.⁴‘
249 1383 319 1436 avis.
339 1383 372 1435 in
388 1383 443 1435 Ed.
464 1388 489 1438 l.
514 1383 569 1435 Est
585 1401 668 1436 acere
688 1416 720 1426 -
740 1400 839 1451 capere
857 1385 888 1435 in
906 1381 960 1436 Ed.
968 1383 1014 1446 E,
1034 1385 1117 1453 prius
1129 1388 1219 1438 etiam

62 1452 94 1505 in
112 1470 204 1530 marg.
224 1452 281 1510 MS.
301 1453 365 1506 Asos
387 1460 502 1506 nostrae
521 1456 547 1508 2·
586 1455 693 1521 capere
709 1452 818 1507 babent
836 1455 922 1506 etiam
942 1453 1030 1507 codd.
1050 1456 1127 1509 lton:
1146 1456 1217 1511 l.'2·
1267 1477 1271 1481 ·

63 1531 93 1576 et
111 1531 235 1592 quatuor
251 1523 322 1576 Oua.
344 1523 386 1577 Ad
401 1542 430 1576 v.
453 1523 662 1592 κατηγορήματα
685 1522 869 1577 caluerat-ius
893 1522 978 1578 haece
1016 1523 1137 1589 „Satius
1160 1525 1219 1577 fuit

62 1593 199 1648 Ciceroni
226 1596 333 1655 visum,
357 1593 491 1664 pluribus
515 1595 611 1647 verbis
636 1595 668 1647 in
693 1610 752 1646 uno
776 1610 881 1669 graeco
911 1594 1130 1664 interpretando
1161 1597 1217 1659 uti,

62 1680 148 1731 quam
167 1666 209 1718 sio
226 1673 351 1729 vertere,
370 1673 404 1731 ut
420 1665 555 1717 Latinum
574 1665 694 1717 verbum
713 1664 762 1718 vel
779 1664 869 1727 uih'il,
887 1665 935 1719 vel
952 1682 1010 1717 non
1029 1664 1113 1728 illud,
1140 1664 1219 1735 quod

62 1734 221 1807 Graecum,
240 1735 427 1810 significaret.
454 1735 528 1788 Nam
547 1735 618 1804 qnid
638 1743 712 1789 esset
727 1735 1001 1804 praedicamentum?
1020 1735 1120 1790 Sedit
1133 1752 1218 1791 nuuc

62 1805 242 1872 omittamus.
261 1799 472 1875 κατηγορήματα
490 1794 585 1880 igitui
601 1814 687 1870 eunt,¹
699 1823 772 1875 quae
790 1807 825 1858 de
843 1807 966 1876 quodam
977 1804 1217 1876 autxq'uibusdam

61 1874 210 1926 dicuntur.
235 1873 293 1928 hoc
321 1882 363 1929 est
393 1877 593 1940 enunciatum,
624 1876 654 1928 id
677 1883 721 1928 est
741 1877 853 1944 ἀξίωμα
880 1879 1093 1998 imperfectum.
1112 1880 1114 1885 ’
1136 1876 1217 1930 lllud

62 1944 141 1996 enim
162 1943 281 2015 dequo,
301 1954 352 1999 aut
369 1944 405 1998 de
424 1946 536 2015 quibus,
554 1946 643 1999 abest.
680 1948 789 1998 Verum
815 1963 949 2017 exempo
972 1964 1020 2001 res
1043 1949 1101 2000 erit
1118 1948 1214 2017 planat

60 2013 253 2069 Enuntiatum
273 2025 316 2069 est
335 2015 465 2068 Socrates
484 2017 614 2084 disputat.
651 2016 806 2086 Disputare
830 2019 841 2071 i
864 2019 924 2070 itur
948 2016 1058 2070 dicitur
1082 2018 1118 2071 de
1186 2033 1217 2070 ο-

60 2085 134 2141 dam.
171 2083 214 2138 De
233 2103 289 2156 quo
308 2086 423 2162 igitur?
442 2087 477 2139 de
496 2088 642 2140 Socraten
661 2085 693 2139 si
721 2089 815 2163 igitur
842 2037 987 2158 disputari
1010 2087 1104 2141 sulum
1123 2106 1156 2142 re
1170 2089 1217 2141 in·

60 2163 176 2221 quatur,
204 2154 390 2224 κατηγόρημα,
411 2156 467 2211 hec
492 2159 556 2213 erit.
590 2154 664 2209 'l'ale
691 2159 792 2222 fuerit,
824 2159 942 2212 Graecas
971 2156 1052 2212 babet
1068 2174 1070 2179 ’
1087 2159 1214 2224 diuitiae,

60 2226 130 2278 Cato
147 2222 266 2280 donarer
283 2227 363 2300 cepit.
384 2225 542 2298 Separetur
560 2224 665 2281 babere
684 2227 838 2281 divitias'a
856 2228 968 2296 Crasso,
993 2227 1023 2283 et
1041 2244 1145 2298 capere
1162 2227 1216 2282 bo’·

59 2311 146 2349 nores
171 2314 187 2347 a
206 2297 322 2362 Catone,
348 2314 406 2350 nou
434 2300 526 2373 magis
544 2298 666 2367 plenum
685 2299 743 2351 erit
761 2301 954 2365 enuntiatum,
982 2300 1137 2355 disiunctis
1165 2301 1214 2365 iis,

59 2383 132 2435 quae
149 2364 299 2432 dicuntur,
319 2377 349 2421 et
367 2370 412 2430 iis,
432 2368 468 2422 de
487 2369 590 2438 quibus
608 2369 754 2423 dicuutur.
792 2371 832 2422 Ut
850 2378 946 2423 autem
964 2370 1037 2443 baec
1061 2363 1215 2442 κατηγορῆ·

57 2455 141 2510 ματα,
162 2437 201 2490 ita
221 2441 256 2491 de
275 2440 379 2511 quibus
398 2439 547 2505 dicuntur,
566 2440 678 2500 ittoiaen
696 2441 858 2510 appellatae
876 2444 998 2494 fuerunt
1010 2440 1029 2470 “
1064 2442 1125 2494 Mr.
1206 2458 1209 2465 ·

128 2507 212 2561 Diti
216 2509 322 2577 genti
327 2527 344 2562 a
368 2509 467 2563 libide
481 2524 576 2562 reram
594 2508 720 2576 ips'amm
743 2511 813 2576 eet,-]
850 2510 973 2564 Videtur
996 2508 1114 2565 omniuo
1137 2513 1214 2567 indi·

57 2577 156 2649 gentia
174 2577 331 2655 legendum
349 2597 419 2635 esse.
457 2579 530 2636 Cum
550 2580 628 2633 euim
647 2576 744 2649 partes
764 2579 895 2634 libidinis
914 2578 1101 2651 exposuisset,
1127 2583 1213 2648 iram,
1303 2632 1310 2643 ,

59 2648 335 2713 excandescentiam‚
357 2651 465 2713 odium,
485 2651 681 2714 inimicitiam,
708 2651 912 2728 indigentiam,
938 2650 1129 2723 desiderium:
1154 2653 1213 2722 alic

58 2720 145 2772 etiam
169 2729 254 2790 pacto
283 2720 395 2775 eosdem
423 2719 543 2785 (Stoicos
568 2718 698 2793 inquam)
716 2720 767 2774 has
792 2740 839 2776 res
865 2722 1047 2797 distinguere
1070 2723 1153 2789 dicit,
1178 2730 1237 2776 ut-

58 2806 174 2843 necesse
193 2792 232 2843 sit
250 2810 295 2846 res
315 2809 402 2862 supra
421 2792 579 2861 explicatas
599 2794 706 2844 iterum
725 2801 862 2846 tractare.
899 2793 1143 2847 Dixeratautem
1168 2795 1214 2847 ia·
1264 2809 1267 2817 “

58 2860 213 2928 eligentium
239 2879 299 2914 esse
323 2861 478 2914 libidinem
505 2862 729 2930 inexplebilem:
762 2863 926 2916 reddiderat
949 2880 985 2916 ue
1006 2864 1238 2930 inlicentiatus

41 2931 116 2984 ¹nisi
133 2930 239 2995 fallor,
256 2928 341 3001 quani
360 2932 409 2983 illi
427 2932 614 3000 appellabant
633 2935 744 2997 σπάνιν,
769 2934 870 3005 sicque
893 2881 1212 2989 ueiniebani'aucrors

57 3001 312 3071 ltadrtioz'aneteec
336 2999 408 3055 ἐστιν
431 2999 563 3069 ἐπιθυμία
593 3022 631 3060 τις
654 3001 685 3055 ἐν
708 3001 847 3063 ἀποτεύξει
877 3008 922 3057 aut
946 2998 1006 3056 aiae
1029 3005 1211 3076 κιχωηιςμέιη
1254 3033 1259 3041 ·

57 3069 86 3124 ἐκ
100 3072 153 3131 ¹rai
171 3066 343 3140 πράγματος,
362 3073 494 3139 τεταμένη
513 3072 544 3125 δὲ
561 3072 689 3136 διακενῆς
707 3071 756 3124 ἔπ’
782 3070 913 3127 αὐτὸκαὶ
937 3077 1079 3142 σπωμένη.
1119 3075 1212 3142 Quare

56 3161 92 3197 ex
109 3139 164 3191 bac
190 3142 283 3211 ipsius
311 3143 399 3194 etiam
424 3142 534 3195 Graeca
558 3142 729 3195 definitione
751 3143 826 3196 mihi
849 3143 968 3197 videtur
985 3147 1039 3211 sic,
1063 3154 1097 3198 ut
1115 3163 1212 3213 emen-

57 3212 199 3274 davimus,
233 3212 351 3265 omnino
378 3212 460 3264 locus
487 3213 539 3266 ille
565 3213 632 3286 legi
653 3212 755 3266 debere
804 3212 896 3285 Quem,
911 3216 1142 3282 ‘enim'sensum
1159 3214 1211 3269 hic

57 3281 211 3350 diligentia
232 3280 339 3336 habere
356 3282 519 3352 poterat?“
542 3283 706 3337 Victoriae·
730 3284 862 3349 „Veneti
881 3282 1054 3351 indigentia:
1075 3286 1110 3338 de
1129 3287 1211 3339 cuiue

57 3353 228 3424 scriptionis
247 3355 374 3407 veritate
394 3351 520 3410 dubitari
539 3350 598 3405 non
616 3352 744 3424 potest.“
764 3354 909 3406 Cauarae.
936 3356 1142 3424 „indigentia
1166 3356 1211 3427 ref

56 3442 119 3477 ram
136 3425 263 3492 ipsoram
288 3431 336 3478 est.
377 3421 638 3497 Gum‘in'digeutia
662 3425 790 3493 pendere
812 3421 947 3494 videatur
970 3444 986 3478 a
1004 3429 1091 3482 verbo
1110 3423 1212 3483 dietin-

55 3501 144 3564 guaat
164 3495 257 3564 (patet
275 3496 363 3558 enim,
383 3493 434 3546 bic
453 3492 541 3547 distin
564 3495 595 3547 ui
614 3495 822 3549 desideriamct
840 3490 1054 3564 indigentiam),
1073 3497 1210 3565 adducor,
1234 3507 1237 3512 '
1300 3517 1304 3523 ‘

55 3574 89 3619 ιιι
108 3571 147 3617 eat
166 3565 309 3618 abundare
333 3573 444 3633 putem,
472 3573 522 3618 eut
543 3514 572 3619 ie
595 3567 700 3619 endum
725 3565 794 3621 ait.“
816 3562 980 3619 R'Manut.
1018 3568 1210 3653 „Diligentia

54 3651 150 3688 aeram
168 3635 293 3701 ipsarum
312 3643 361 3692 est.
400 3635 449 3702 Sic
468 3645 512 3690 est
537 3638 569 3690 in
615 3638 640 3691 d.
660 3636 730 3688 Aldi
749 3637 805 3702 avi,
830 3637 957 3707 in‘atss.
983 3636 1053 3690 Pell.
1080 3654 1210 3708 qumque

56 3701 182 3769 (secund.
211 3704 361 3770 diligentia
386 3707 473 3759 libide
500 3708 606 3775 reram)
634 3707 763 3761 Vatican.
786 3707 863 3758 'Vul
909 3707 1104 3775 indigentia.
1132 3709 1209 3763 unde

54 3774 204 3827 Victorius
223 3774 387 3841 'indigentia
413 3776 507 3831 libido.
544 3780 603 3832 Nos
615 3773 777 3852 ''vulgatam
801 3723 929 3848 ampioxi
953 3791 1159 3833 sumust‘nam
1178 3779 1210 3833 id

54 3847 130 3898 ratio
150 3844 267 3895 omnino
285 3843 398 3920 flagitat
416 3863 449 3899 ao
469 3848 586 3902 subiicit
604 3856 717 3902 textum
737 3850 907 3913 orationis.“
927 3847 1064 3903 Gebhard.
1102 3851 1209 3916 „Indi-

53 3914 165 3984 gentius
201 3913 259 3965 Aut
283 3915 441 4000 distinguit
466 3919 658 3994 indigentiam
681 3938 697 3972 a
720 3920 872 3986 desiderio,
903 3928 938 3973 ut
961 3921 1142 3983 ,desiderium
1169 3923 1209 3974 sit

51 3986 291 4059 κατηγορημάτων,
321 3985 483 4061 indigentia
504 4006 606 4042 rerum
630 3991 829 4058 simplicium,
851 4008 917 4043 cum
936 3990 975 4043 'in
1004 3999 1041 4044 ee
1060 3999 1208 4062 spectetur

52 4059 97 4123 (ut
121 4057 163 4108 sic
186 4055 325 4109 dixeriml
355 4059 497 4128 carentiae
534 4067 592 4122 aut,
622 4061 699 4127 quad
723 4077 781 4113 nou
807 4066 897 4129 aeque
916 4061 1022 4129 placet,
1050 4061 1207 4139 distinguit

52 4125 204 4180 libidinem
224 4134 254 4178 et
272 4125 477 4202 indigentiam.
505 4144 679 4197 quamquam
698 4130 860 4203 indigentia
880 4139 923 4182 est
942 4129 1151 4198 quodammodo
1170 4132 1194 4184 li

51 4199 127 4250 bido.
165 4196 332 4271 Indigentia
363 4199 441 4248 enim
471 4199 592 4266 proprie
623 4213 681 4249 non
710 4207 753 4251 est
776 4199 876 4264 libido,
903 4199 952 4251 sed
977 4217 1039 4254 eam
1067 4218 1208 4256 annexam

51 4267 144 4322 babet.
182 4267 285 4336 ltaque
304 4283 557 4336 quamquam-eam
581 4266 698 4319 libidini
722 4268 854 4332 subiecit,
881 4286 961 4321 nunc
984 4271 1091 4324 merito
1116 4273 1150 4334 ,ab
1176 4288 1208 4324 ea

52 4339 195 4408 separat.“
217 4338 320 4390 eomm.
340 4336 469 4406 anonym.
490 4355 533 4406 ap.
554 4337 639 4389 Leod.
661 4354 676 4389 a
695 4337 746 4404 Qu,
780 4337 859 4404 Quod
878 4339 959 4396 adv.
981 4347 1021 4395 eet
1040 4340 1129 4394 Bonb.
1151 4343 1207 4392 Ma-

51 4409 131 4461 nutii
149 4409 322 4463 sententiam
340 4409 549 4478 amplectitur:
569 4407 646 4461 idem
664 4409 736 4463 iacit
754 4407 824 4462 Era.
863 4411 925 4466 Mc.

80 4539 159 4582 Cicera
175 4516 240 4583 Teia.
255 4539 323 4596 Disp.
339 4541 374 4584 ed.
392 4540 477 4586 Macer.
494 4538 518 4584 T.
535 4539 569 4584 tt.
586 4580 589 4590 ,
788 4594 793 4609 Ι
892 4574 895 4578 .
917 4517 959 4580 2⁰
