2842 5070
565 281 694 345 mauu
713 279 774 361 111,
801 280 853 347 aa.
974 290 979 345 ρ
1219 285 1279 351 aar

135 445 309 514 Cleanthes
330 448 402 529 ipse
416 448 582 509 fateatur..
612 445 700 511 Quid
720 445 810 508 euim
830 443 990 522 dicemus,
1011 466 1112 528 quum
1126 447 1280 513 Socrates

132 530 299 595 Alcibiadi
321 530 549 612 persuasisset,
569 536 608 591 ut
628 529 827 610 accepimus,
849 548 925 591 eum
939 527 1023 589 nihil
1037 528 1180 591 hominis
1200 550 1281 610 esse,

132 635 193 677 nec
215 616 390 695 quicquam
411 613 501 673 inter
512 608 729 688 Alcibiadem,
742 629 871 672 summo
884 611 958 673 luco
969 617 1101 689 uatum,
1123 620 1157 673 et
1170 623 1280 693 quemss

131 698 190 767 ais.
205 695 354 759 baiulum
374 694 554 772 iuteresse3
575 713 677 776 quum
698 713 735 756 ss
755 690 942 755 Alcibiades
963 693 1154 767 afflictaret,
1182 695 1281 757 lacri-

131 882 182 935 Pal
200 881 294 949 quint.
313 879 464 944 fatebatur.
482 877 534 930 vul
599 876 738 943 fatAur.“
763 875 844 937 Gabi.
868 879 949 932 Unus
971 879 1023 932 Οι.
1042 895 1097 932 asa
1120 895 1174 948 pro
1199 879 1278 949 quod.

129 953 203 1007 End.
222 951 257 1008 Α,-
275 953 344 1004 Vsu.
364 957 452 1003 nostr.
475 947 528 1016 q'uo
574 965 638 1002 nou
661 954 718 1002 est
748 963 901 1014 summum,
929 951 958 1001 P.
980 949 1011 1001 B.
1036 947 1065 1002 S.
1094 950 1129 1002 E.
1158 949 1190 1002 G.
1215 950 1280 1003 Asc.

133 1027 158 1079 l.
177 1025 202 1078 2.
222 1024 302 1075 Junt.
321 1020 425 1075 habent
442 1017 515 1089 quod
532 1035 598 1073 soa
616 1035 686 1085 esse,
706 1026 735 1072 et
751 1019 793 1072 sic
812 1019 900 1074 etiam
916 1019 984 1077 Cod.
1004 1022 1079 1073 Mon.
1101 1024 1125 1075 1.
1151 1020 1187 1073 ln
1205 1021 1281 1075 Gud.

132 1092 257 1168 legitur:
280 1092 349 1161 prod
366 1097 465 1143 esset
482 1093 586 1144 malum
604 1091 717 1157 (omisso
736 1091 896 1154 summum),
924 1090 998 1143 Gud.
1021 1094 1047 1145 2.
1075 1092 1167 1159 quod
1193 1093 1205 1145 i
1212 1108 1283 1159 pse

132 1165 205 1288 guad
222 1178 281 1215 esse
306 1177 440 1216 summum
465 1189 496 1198 -
526 1161 672 1215 Scribitur
697 1162 841 1228 [alebatur
864 1162 894 1213 iu
922 1161 989 1214 Cod.
1018 1160 1093 1212 Vind
1116 1164 1142 1216 2.
1168 1169 1197 1214 et
1224 1179 1281 1215 uuo

156 1255 182 1285 x.
203 1235 243 1285 ἰιιυ
253 1233 359 1287 duobus
376 1233 487 1296 fatetur
504 1249 569 1284 cum
589 1231 633 1284 Au
656 1233 752 1285 .Edd.
774 1235 810 1284 Μ.
830 1233 863 1284 L.
884 1231 991 1286 Sturm.
1010 1232 1094 1284 Boul.
1119 1231 1185 1284 Ald.
1216 1234 1282 1285 Post

132 1302 471 1373 antibarensem.
493 1303 566 1356 Gud.
582 1311 611 1356 et
652 1321 697 1358 ou.
711 1309 734 1359 1.
754 1303 852 1376 pergit
872 1318 966 1370 ergo
991 1301 1121 1356 dicemus.
1147 1302 1219 1355 Edd.
1247 1304 1281 1358 Α.

130 1377 161 1428 Β.
181 1377 251 1428 Vsu.
270 1384 361 1428 nostr.
380 1374 485 1426 babent
503 1374 630 1429 dianas.
657 1376 720 1427 lloc
736 1375 856 1427 verbum
873 1373 967 1443 planev
985 1372 1098 1425 omittit
1115 1372 1183 1426 eod.
1207 1373 1281 1426 Gud.

129 1449 156 1501 2.
177 1447 210 1499 lu
223 1445 458 1499 antecedentibus
465 1445 578 1498 Nissen.
603 1461 658 1516 pro
671 1460 835 1497 summum
853 1446 956 1497 malum
965 1444 1027 1518 legi
1041 1442 1156 1496 volebat
1174 1446 1283 1498 solum

130 1517 242 1570 asaiam.
279 1517 380 1570 llecte:
400 1515 448 1568 sed
465 1532 579 1582 vereor,
597 1532 633 1568 ne
652 1517 821 1570 Ciceronem
838 1515 932 1584 ipsum
949 1515 1118 1567 correxerit.
1155 1517 1216 1569 Mr.

201 1587 333 1641 Socrates
350 1584 517 1651 Alcibiadi]
545 1591 619 1652 „ln
645 1587 754 1642 Platon.
779 1586 871 1637 Alcib.
897 1586 920 1641 1.
951 1587 1009 1640 173.
1034 1585 1143 1636 Buttm.
1170 1585 1280 1638 Platon.

130 1657 261 1782 {ypppu
280 1676 309 1729 p.
329 1661 390 1715 216.
416 1657 451 1710 Ε.
478 1656 625 1711 Plutarch:
652 1656 793 1711 Alcibiad.
820 1672 880 1726 cap.
909 1658 935 1711 b·
955 1655 1024 1725 ibiq.
1043 1654 1144 1708 Baehr.
1164 1673 1193 1728 p.
1212 1656 1282 1711 91.⁴‘

152 1744 244 1781 cac.
712 1750 724 1757 .

202 1798 271 1851 Cum
289 1798 420 1852 Socrates
438 1797 585 1851 Alcibiadi
594 1797 802 1865 persuasisset]
839 1796 1014 1873 Augustinus
1032 1798 1062 1851 0.
1082 1797 1116 1850 Ι).
1136 1798 1187 1850 lib.
1206 1799 1279 1851 XIV.

131 1885 193 1938 cap.
213 1872 252 1925 8.'
277 1869 452 1923 Alcibiadem
478 1872 581 1935 seruat,
610 1869 639 1921 si
662 1884 705 1920 me
730 1868 764 1920 de
787 1868 898 1922 nomiae
925 1867 1048 1922 bominis
1073 1869 1204 1922 memoria
1226 1885 1282 1922 aaa

130 1940 219 2005 fallit,
239 1955 301 1991 cum
319 1939 382 1992 sibi·
395 1940 491 1993 beatus
508 1940 662 2004 uideretur,
682 1937 798 1992 Socrate
822 1939 990 2008 disputante,
1016 1939 1096 2004 etei,
1123 1955 1205 2006 qaam
1227 1942 1281 1993 mi*

72 2046 74 2052 -
130 2025 178 2064 ser
202 2017 273 2062 esset
297 2010 427 2077 quoniam
448 2011 554 2062 stultus
580 2013 661 2075 esset,
687 2010 907 2076 demonstrante,
931 2010 1049 2073 flevisse.
1093 2008 1155 2063 Hac
1187 2017 1282 2063 autem
1384 2050 1386 2054 .

131 2081 278 2151 praestitit
296 2081 426 2134 Socrates
444 2080 519 2149 apud
536 2081 684 2133 Platonem
702 2081 733 2132 in
751 2080 844 2133 Alcib.
864 2083 886 2134 1.
906 2099 970 2156 pag.
990 2083 1035 2138 38.
1054 2079 1083 2133 D

188 2151 418 2221 accrescentes
425 2150 569 2204 Alcibiadi
574 2152 781 2218 persuasisset]
792 2152 915 2206 Videtur
921 2153 990 2206 haec
997 2151 1124 2204 narratio
1131 2150 1282 2220 desumpto

129 2237 165 2274 ex
183 2222 279 2290 aliquo
297 2223 410 2308 dialogo
427 2221 555 2274 Platonis
571 2222 726 2291 deperdito.
742 2242 744 2247 ·
763 2222 917 2298 Aifiigitur
934 2223 1051 2294 quidem
1076 2230 1105 2275 et
1129 2221 1282 2273 crsufundi·

126 2299 179 2344 tur
195 2291 357 2346 Alcibiades
375 2312 406 2346 in
425 2292 488 2345 Alc.
510 2296 533 2347 1.
554 2300 583 2346 et
601 2293 632 2344 in
650 2292 803 2364 Symposio
821 2293 860 2360 [v.
881 2295 958 2347 locos
984 2294 1015 2345 iu
1033 2310 1098 2345 ann.
1118 2290 1281 2356 Schuchith

128 2378 182 2414 uec
199 2378 269 2416 vero
287 2361 337 2428 ita,
356 2373 389 2416 ut
408 2363 579 2416 lacrimatur
603 2362 711 2433 pudore
740 2363 867 2431 affectus,
892 2366 923 2417 in
950 2365 1048 2436 priore
1073 2363 1203 2438 dialogo:
1229 2381 1282 2416 uec

127 2432 204 2484 satis·
218 2432 303 2495 idem¹
317 2435 454 2487 convenit
471 2432 633 2503 posteriori,
653 2433 721 2502 quia
742 2434 871 2487 additum
890 2435 1012 2504 peremnis
1028 2435 1151 2488 baiulum
1170 2433 1204 2486 ad
1221 2432 1282 2504 ipsa
1347 2436 1352 2453 '

128 2503 234 2556 Graeci
248 2505 380 2573 ‚exempli
402 2504 549 2558 cuiusdam
573 2503 662 2556 verba
686 2506 831 2573 respicere
858 2506 985 2570 videtur,
1013 2513 1048 2557 ut
1073 2522 1143 2559 vere
1169 2506 1281 2557 monuit

129 2574 176 2629 Or.
198 2575 236 2626 ad·
256 2575 365 2629 Wolfii
393 2574 513 2640 scholas,
544 2573 648 2627 addens
673 2574 765 2628 inulta
795 2576 826 2628 in
851 2575 1023 2634 Tusculanis
1053 2592 1088 2628 ex
1115 2575 1225 2628 schedis
1252 2585 1281 2628 et

126 2645 241 2698 dictatis
259 2645 498 2719 pbilosophorum
513 2644 702 2710 Graecorum,
719 2645 821 2699 hausta
846 2647 951 2715 rideri,
972 2647 1075 2718 quibus
1100 2662 1216 2717 operam
1234 2646 1282 2700 de·

126 2715 204 2769 derit
221 2717 333 2782 Cicero,
352 2717 480 2787 itemque
500 2733 536 2768 ex
553 2715 635 2769 libris
654 2715 787 2781 aliorum,
810 2718 861 2788 qui
879 2719 1101 2772 interciderunt.
1120 2718 1181 2769 Mr.

199 2803 262 2840 eum
287 2785 382 2841 nibil
408 2785 558 2840 lerninis
588 2786 662 2853 esse}
702 2788 822 2851 „Huius
856 2805 909 2863 ego
939 2787 1093 2842 locutionis
1117 2787 1282 2858 exemplum

127 2857 265 2912 desidero.
298 2860 350 2910 Est
373 2859 404 2909 in
422 2857 571 2911 nonnullis
593 2858 675 2910 libris
694 2856 898 2926 nibilominus,
916 2859 1012 2914 'etiam
1030 2859 1149 2932 inReg.
1177 2866 1206 2911 et
1223 2873 1281 2912 uno
1351 2910 1354 2915 ,

126 2929 206 2980 laid.
245 2928 299 2982 Sed
321 2926 379 2980 boc
401 2928 490 2980 nihili
516 2937 567 2980 est.
604 2928 749 2997 Equidem
766 2929 883 2983 malim:
904 2931 942 2984 lii
958 2928 1034 2986 nibil
1047 2929 1170 2984 dominis
1188 2928 1281 2984 esse.“

126 2997 377 3051 Bouli.¹Hocvero
395 2997 473 3049 nihil
491 3005 534 3049 est
552 2998 766 3051 ernendationis.
792 3001 930 3072 Explicat
941 3003 1016 3056 Niss.
1037 2999 1175 3054 bominem
1198 2997 1282 3054 nillil'i

126 3083 198 3132 esse,
217 3077 250 3120 ut
268 3068 405 3121 baiulum.
424 3067 519 3120 Kiihn.
534 3067 612 3120 nihil
631 3068 662 3120 in
677 3085 709 3120 eo
727 3068 827 3136 inesse,
846 3072 923 3140 qubd
940 3072 1068 3138 homine,
1088 3072 1180 3141 qualis
1198 3072 1281 3124 debet

129 3156 198 3201 esse,
218 3139 339 3212 dignum
365 3146 446 3193 esset.
465 3139 551 3190 Bene.
589 3137 643 3191 Sed
670 3139 829 3193 addendum
851 3142 981 3208 ridetur,
1008 3159 1110 3195 revera
1137 3141 1220 3193 illam
1237 3141 1281 3192 lo·

127 3209 276 3263 cntionem
300 3225 359 3262 esse
382 3208 569 3283 singularem,
597 3217 626 3261 et
642 3209 714 3261 haec
739 3211 825 3262 etiam
844 3211 986 3264 Graecum
1003 3211 1089 3263 huius
1107 3211 1280 3263 narrationis

127 3280 258 3333 redolere
283 3281 403 3332 fontem.
449 3278 585 3331 Ceterum
612 3278 646 3332 de
669 3280 804 3334 lectionis
830 3282 952 3335 veritate
977 3281 1056 3343 nihil
1085 3280 1279 3333 dubitandum.

126 3351 199 3404 Cum
219 3352 297 3404 enirn
316 3351 386 3404 bene
404 3350 529 3402 dicaturt
557 3349 633 3405 Quid
649 3351 712 3403 illic
728 3349 850 3406 bominis
867 3356 928 3405 cst?
952 3350 1085 3418 (Terent.
1104 3352 1179 3404 Eun.
1199 3352 1233 3403 V.
1255 3354 1279 3406 l.
1314 3370 1317 3375 ·

127 3421 183 3486 1⁷.)
211 3421 286 3478 Quid
308 3420 358 3476 boc
380 3420 503 3475 hominis
528 3418 588 3473 sil?
618 3421 719 3485 (Plaut.
737 3422 892 3492 Amphitr.
919 3424 957 3476 ΙΙ.
985 3427 1009 3479 l.
1035 3422 1106 3487 26.);
1138 3419 1281 3490 ἀναλόγως

124 3493 210 3564 plane
227 3493 347 3558 dicitur,
367 3502 396 3546 et
415 3492 450 3544 ad
468 3492 533 3543 illas
552 3493 730 3560 quaestiones
748 3504 793 3547 res
815 3493 916 3547 auderi
934 3500 1043 3565 possut}
1068 3491 1142 3547 nillil
1159 3491 1280 3546 bominis

125 3570 176 3619 est.
214 3562 270 3616 Sed
293 3562 399 3618 habent
423 3579 552 3617 errorem
579 3561 763 3617 nibilominus
797 3564 872 3618 iodd.
897 3573 957 3617 tres
976 3565 1045 3616 Oxx.
1066 3564 1138 3617 Gud.
1159 3566 1185 3616 7.
1204 3564 1278 3638 Aug.

124 3633 196 3686 Edd.
215 3636 246 3686 B.
267 3633 295 3687 S.
314 3635 349 3686 E.
368 3636 438 3686 Ven.
458 3642 546 3688 nostr.
584 3633 650 3686 Sola
674 3635 727 3688 Ed.
747 3633 781 3686 A.
808 3634 895 3687 habet
913 3633 1100 3696 aililamiais,
1127 3634 1176 3686 ubi
1194 3650 1281 3686 arno·
1309 3652 1313 3661 ·

124 3705 179 3756 scis
204 3702 312 3758 erroris
336 3704 488 3777 orig-inam.
527 3706 592 3756 Mox
619 3705 685 3758 God.
717 3705 806 3758 lllarb.
835 3708 1036 3828 uepspicquam.
1079 3707 1132 3757 Pro
1156 3678 1280 3757 totilam

124 3774 205 3827 dedit
224 3774 372 3842 antiquam
391 3776 512 3826 formam
534 3774 658 3829 baiolum
681 3777 750 3829 Dav.
771 3784 800 3829 et
825 3776 866 3828 sic
920 3777 990 3830 bent
1008 3774 1093 3828 Godd.
1114 3776 1184 3850 Reg.
1204 3775 1278 3830 Gud.
1314 3836 1318 3843 ,

127 3850 151 3898 l.
171 3845 196 3897 2.
221 3842 307 3897 illarb.
336 3845 435 3897 Cicero
462 3844 531 3897 alibi
556 3862 588 3898 ea
610 3863 680 3900 voce
708 3847 800 3917 prisca
825 3855 908 3899 utens
937 3847 1147 3900 consuetius-em
1176 3844 1278 3898 addere

125 3913 208 3978 solet,
227 3932 255 3968 v.
275 3929 299 3965 e.
319 3912 415 3965 Pas-ad.
435 3917 463 3978 3,
481 3918 512 3969 2ε
539 3916 634 3978 baiuli
648 3924 729 3985 atque
747 3920 883 3984 operarii,
902 3917 937 3971 de
956 3919 1003 3973 Or.
1023 3918 1061 3971 11.
1085 3920 1126 3972 10.
1146 3919 1198 3972 to:
1233 3934 1278 3969 re·
1349 3943 1351 3946 ·

124 3985 215 4052 miger
233 3990 261 4036 el
287 3983 392 4037 baiuli.-
418 3986 455 4035 cf.
474 3985 555 4037 Brut.
576 3989 618 4040 73.
656 3986 791 4043 Ceterum
808 3987 874 4042 vide
889 3988 1091 4041 ¹Forcellinum
1110 4007 1130 4042 s.
1151 4007 1179 4039 v.
1200 3986 1259 4044 Mr.

197 4055 287 4109 Quum
313 4069 345 4105 se
362 4053 526 4106 Alcibiades
550 4055 704 4120 afflictaret
726 4056 777 4122 -]
812 4057 970 4112 Admodum
998 4066 1135 4126 corrupte
1163 4057 1279 4109 exhibet
1329 4070 1333 4076 ’

123 4127 202 4179 hunc
220 4125 316 4177 locum
331 4125 378 4177 .J0.
397 4122 527 4176 Valensis
545 4123 576 4176 in
594 4123 852 4196 Compendiloquio
874 4145 903 4198 p.
922 4131 982 4184 188.
1003 4146 1032 4180 a:
1058 4130 1128 4197 psai
1147 4128 1279 4181 Socrates

124 4194 274 4250 Alcibiadi
293 4195 341 4264 pui
358 4200 420 4246 erut
435 4198 535 4261 pateas
552 4199 578 4246 et
598 4195 675 4250 dives
693 4212 755 4248 cum
770 4196 960 4262 permansisset
983 4199 1180 4268 nequicquam
1198 4195 1279 4248 Alci-

124 4267 233 4319 biadem
251 4281 357 4319 summo
375 4266 434 4317 loco
459 4269 552 4315 aarum
570 4270 595 4315 et
612 4267 742 4334 quemvis
759 4266 896 4320 baiulum:
928 4268 1066 4321 iuteresse
1092 4277 1183 4319 autem
1202 4274 1231 4318 ul
1248 4283 1278 4318 se

123 4337 287 4390 Alcibiades
305 4336 459 4401 afflictaret
479 4333 678 4404 lacrimansque
695 4334 809 4389 Socrati
830 4339 944 4406 supplex
961 4345 1042 4404 esset,
1061 4343 1090 4390 ut
1107 4337 1165 4390 sibi
1183 4335 1279 4388 virtuli

124 4409 247 4462 maderet
272 4404 531 4476 *turpitudinemque
568 4403 726 4475 maderet
754 4431 787 4443 -
826 4407 915 4462 ‘coa
942 4409 1020 4463 illan.
1043 4408 1073 4468 2.
1114 4413 1278 4459 constanter
