2842 5070
502 328 788 412 Lmnu1v‚1s.'
1044 317 1049 329 “
1153 317 1217 402 iti

62 497 132 561 vim
154 497 233 561 mali
258 496 482 584 significantes
509 499 636 581 potitae,
666 493 861 579 impendero
888 492 978 576 apud
993 495 1135 559 'interos
1165 515 1216 560 sa-

62 601 141 642 xum
163 581 308 643 Tantalo
329 583 466 658 faciunt,
535 629 537 634 .
646 610 682 655 v,
1065 615 1068 620 -
1210 616 1214 631 .

94 660 98 668 ’
126 655 185 726 Old
207 664 328 726 scelera
351 666 508 745 animique
528 658 743 743 impotentiam
763 666 796 734 tt
816 657 1157 746 superbiloquentiam:
1211 692 1214 699 ·

63 868 135 920 quae
154 866 212 902 non
231 854 274 903 est
293 851 492 905 confundenda
509 867 576 904 aum
593 850 753 917 Pindarica,
780 867 852 919 quae
870 846 1049 903 Archilocho
1067 847 1227 921 debeturfs

62 921 203 988 IiAWolf.
224 921 255 972 in
273 920 387 976 scholis.
408 954 441 965 -·
458 924 540 976 Unus
558 922 608 984 03.
625 922 741 993 ¹omittit
758 937 868 985 saxam,
886 920 959 975 alius
978 921 1091 985 faciant.
1119 920 1180 985 Mr.

133 993 288 1059 Inpendere
311 995 387 1060 apud
408 995 517 1060 inferos
540 1008 638 1046 eanum
666 992 786 1046 Tantalo
811 990 937 1058 faciunt]
970 993 1013 1046 Ut
1035 989 1220 1044 mendacibus

63 1063 137 1116 solet
164 1063 291 1127 evenire,
327 1064 362 1116 de
384 1064 501 1116 Tantali
524 1065 625 1132 poenis
650 1064 749 1116 variae
774 1072 840 1116 sunt
866 1065 1019 1117 Poetarum
1048 1061 1218 1126 sententiae,
1282 1114 1284 1121 ,

63 1151 132 1202 quas
150 1134 294 1186 recensuit
312 1132 485 1187 scholiastes
508 1134 543 1187 ad
567 1135 683 1187 Pindari
707 1135 822 1205 Olymp.
841 1135 865 1199 1,
884 1137 928 1190 95·
945 1164 947 1175 ·
965 1132 1072 1189 Noster
1098 1131 1220 1204 Euripi·

63 1205 129 1258 dem
147 1202 249 1257 habuit
266 1203 370 1262 ducem
389 1207 479 1260 Orest.
507 1223 548 1258 vs.
569 1207 594 1261 5.
615 1221 668 1276 pro
692 1205 773 1259 cuius
791 1205 935 1262 sententia

227 1306 261 1318 -
282 1276 422 1337 Τάνταλος
566 1296 569 1301 ·

227 1347 358 1415 Κορυφῆς
375 1343 571 1418 ὑπερτέλλοντα
588 1345 742 1417 δειμαίνων
760 1345 864 1419 πέτρον

224 1415 297 1487 Ἀέρα
313 1420 495 1471 maturassent
512 1424 581 1473 τίνει
598 1413 700 1484 ταύτην
717 1417 804 1486 δίκην.
893 1429 894 1432 ’

61 1486 108 1540 Ex
125 1486 223 1541 eadem
240 1497 338 1543 mente
356 1489 509 1542 Lucretius
532 1491 586 1554 ΙΙΙ,
605 1491 667 1544 993.

227 1558 286 1682 ἔτι)
302 1561 387 1613 miser
404 1560 566 1631 impendens
583 1575 717 1628 magnam
734 1557 812 1612 timet
829 1563 895 1614 atre
915 1575 1017 1614 aarum

255 1630 375 1683 antalus.

62 1701 111 1754 lta
131 1699 230 1769 plures
251 1701 313 1753 alii.
351 1701 422 1754 Vide
445 1658 577 1755 nostrum
601 1701 666 1753 Fin.
691 1701 715 1766 Ι,
736 1703 779 1756 18.
816 1698 1004 1755 Plutarchum
1028 1700 1063 1754 de
1088 1660 1217 1774 supersi.
1319 1699 1320 1702 ’
1387 1698 1388 1703 '

62 1788 126 1843 pag.
150 1775 209 1825 170.
246 1772 452 1825 Philostratum
470 1773 522 1825 vit.
542 1772 637 1842 Apoll.
658 1772 711 1836 ΙΙΙ,
729 1773 772 1827 25.
798 1770 979 1824 Athenaeum
997 1772 1048 1855 lib.
1067 1774 1216 1857 mim&

61 1843 124 1898 281.
161 1841 284 1895 Dionem
303 1841 540 1912 chrysostomum
560 1843 636 1896 Orat.
655 1844 703 1895 vt.
723 1860 787 1916 pag.
802 1846 852 1909 97.
881 1843 996 1897 Suidam
1014 1862 1045 1897 m
1066 1848 1218 1911 Tarnaias,

64 1911 240 1986 Gregorium
267 1913 483 1966 Nazianzenum
508 1913 583 1983 apud
605 1915 637 1966 1..
664 1912 699 1964 A.
729 1914 918 1966 Muratorium
942 1915 973 1966 in
997 1913 1085 1968 Anca.
1114 1917 1218 1970 Graec.
1244 1928 1247 1933 ’
1312 1914 1316 1925 '

62 2001 128 2058 pag.
139 1985 165 2036 4.
185 1982 310 2054 denique
320 1985 457 2036 Nonnnm
474 1984 509 2037 ad
518 1985 656 2060 Gregorii
664 1985 842 2039 Nazianzeni
859 1983 956 2042 Stelit.
971 1987 1009 2038 ll.
1029 1987 1103 2039 llist.
1116 1990 1159 2042 31.
1175 1987 1218 2040 1D.
1289 2005 1291 2017 ·

134 2051 181 2106 Od-
200 2059 308 2108 scelera
328 2055 380 2121 -]
417 2058 513 2121 „Puto
539 2073 656 2110 versum
680 2073 739 2109 esse
763 2056 944 2110 trochaicum
971 2058 1085 2127 antiqui
1108 2060 1220 2128 po'a'tae,

63 2125 115 2195 qui
133 2133 232 2178 tamen
249 2143 307 2178 non
325 2127 496 2180 advertitur.
532 2128 607 2181 Nam
625 2134 655 2181 et
672 2144 805 2180 mensura
833 2130 978 2194 convenit,
1005 2137 1034 2181 et
1051 2129 1138 2181 verba
1155 2146 1220 2182 ora·

62 2197 138 2249 toria
161 2212 219 2249 non
243 2205 319 2262 sunt,
346 2198 394 2250 sed
419 2198 566 2269 poetica.“
592 2197 629 2250 Α.
653 2197 769 2252 Turnei.
807 2197 973 2253 Adruvll.
996 2201 1038 2254 18.
1064 2199 1221 2265 „Sisennae

63 2265 188 2320 Laetitia
205 2269 294 2323 nimia
313 2274 394 2338 utque
411 2269 575 2338 impotentia
587 2271 675 2323 animi
685 2274 844 2322 commotus.
863 2271 997 2326 Beraaid.
1025 2270 1227 2330 Trochaicum'

61 2355 179 2390 versum
205 2356 263 2392 esse
289 2340 369 2391 hunc
396 2341 456 2393 inte
479 2359 545 2394 rum
568 2358 603 2394 ex
627 2342 725 2411 aliquo
752 2341 864 2415 tragico
889 2342 964 2394 vidit
992 2341 1079 2395 etiam
1108 2342 1218 2394 Corum.

61 2408 206 2479 Anonym.
233 2428 277 2479 ap.
295 2411 389 2463 heod.
415 2429 431 2462 a
458 2356 510 2476 ὅτι.
556 2414 675 2476 „Potest
703 2429 761 2463 esse
784 2412 950 2481 desumptus
979 2412 1030 2464 hic
1052 2430 1153 2467 versus
1182 2430 1219 2466 ax

61 2480 154 2532 Ennii
172 2479 301 2549 Thyeste
319 2481 368 2534 vel
387 2499 423 2534 ex
439 2480 516 2534 Attii
534 2481 655 2534 Atreo.“
673 2480 762 2533 Bauli.
789 2484 894 2548 Poeta,
914 2484 1082 2553 quicunque
1100 2483 1219 2537 tandem

62 2550 87 2602 is
106 2551 205 2616 suerit,
234 2569 269 2604 ex
287 2551 441 2622 Euripides
461 2553 559 2606 Oreste
585 2552 736 2623 sumpsisse
754 2552 885 2606 videtur:
913 2554 964 2606 ubi
988 2548 1144 2624 supplicii,
1160 2571 1220 2625 quo

62 2621 199 2746 ssntalus
217 2621 249 2673 in
267 2625 333 2676 a'e‘re
351 2624 477 2694 pendens
504 2624 685 2677 imminentis
704 2623 764 2701 saxi
789 2634 870 2677 metu
889 2625 1027 2692 afficitur,
1046 2641 1129 2678 causa
1145 2624 1218 2679 hasa

102 2701 197 2746 artur:
1154 2721 1156 2725 ’

228 2797 261 2807 -
298 2790 332 2804 -··
369 2797 402 2807 -
419 2785 473 2811 1---
512 2797 545 2809 -
581 2761 724 2830 irrisam,
747 2764 963 2835 indecenita,
1096 2788 1115 2837 ,’

197 2877 200 2882 .
226 2841 318 2902 κοινῆς
344 2834 475 2905 τραπέζης
493 2833 589 2908 ἀξίωμ’
614 2838 687 2907 ἔχων
710 2843 784 2902 ἴσον,
1070 2836 1073 2843 ’

226 2903 383 2960 ἀκόλαστον
400 2907 466 2976 ἔσχε
483 2910 620 2974 γλῶσσαν,
640 2913 787 2977 αἴσχιστον
805 2902 923 2961 νόσον.“
946 2908 1009 2966 Fra.
1028 2908 1142 2964 Fabria.

62 2977 109 3031 Ad
127 2993 191 3030 rem
210 2978 247 3027 cf.
269 2978 357 3030 etiam
375 2977 531 3031 Gonsalum
549 2980 584 3032 ad
602 2981 715 3033 Petron.
734 2999 763 3050 p·
783 2980 843 3035 lot.
880 2980 967 3032 Plura
991 2979 1069 3032 dabit
1086 2966 1216 3050 Klopl'ar.
1287 2999 1293 3006 ·

62 3048 95 3098 in
113 3049 183 3100 Lex.
203 3047 326 3116 ltlythol.
345 3066 366 3101 s.
385 3067 412 3100 v.
436 3049 580 3116 Tantatas,
599 3049 669 3121 ihiq.
690 3050 783 3104 laudd.
809 3058 838 3102 et
862 3070 890 3105 τ.
912 3051 1023 3120 Pelope.
1061 3049 1104 3105 Ad
1121 3069 1148 3102 v.
1169 3067 1219 3105 su·

58 3119 308 3186 perditoquentiam
325 3119 492 3172 Beroaldus:
526 3120 572 3186 „A
589 3122 705 3189 superte
731 3121 865 3190 loquendo
890 3122 1080 3190 compositum
1097 3123 1235 3174 vocabu·.
1335 3115 1373 3190 ⁸.

63 3189 133 3240 lum.
153 3198 298 3242 novantur
317 3190 395 3242 enim
412 3190 499 3243 verba
518 3207 554 3242 ex
572 3192 787 3256 coniunctione,
813 3200 848 3243 ut
870 3191 1074 3259 versutiloquas
1092 3193 1219 3245 malitias
1304 3239 1313 3248 .

63 3259 139 3311 dixit
157 3265 239 3314 vetus
256 3263 357 3330 poe'ta3
375 3269 409 3314 ut
426 3265 627 3316 incurvescere.
648 3263 695 3316 Sic
715 3271 811 3314 autem
830 3263 939 3316 dicitur
955 3263 1219 3330 superbiloquemta,

61 3341 95 3384 ut
113 3333 335 3401 breviloquentia
353 3333 387 3385 ab
406 3335 505 3387 eodem
523 3336 560 3386 M.
580 3334 679 3387 Tullio
699 3335 774 3386 dieta
794 3335 866 3386 est.“
885 3333 1018 3399 „Nonius
1031 3351 1063 3404 τ.
1081 3349 1218 3403 praegre-

62 3403 141 3456 ditur
158 3404 283 3457 fabulam
295 3405 412 3456 Tantali
429 3405 545 3458 nomine
564 3405 743 3475 inscriptam,
763 3407 885 3459 Pacuvio
903 3404 1048 3459 adscribit.
1077 3406 1218 3459 Nostrum
1262 3420 1264 3424 ’
1338 3411 1348 3435 ·“

60 3484 177 3527 versum
201 3475 322 3528 Bothius
348 3477 438 3539 Po'c‘tt.
467 3476 570 3530 Scenn.
599 3494 628 3546 p.
648 3480 708 3532 277.
733 3477 766 3528 in
793 3478 916 3530 Incertis
962 3475 1056 3529 onit.“
1075 3476 1218 3531 Oreitai

62 3546 170 3599 Wolfii
189 3547 308 3600 scholas.
331 3575 363 3587 -
382 3551 454 3601 'Pro
474 3563 507 3601 ea
525 3547 580 3601 duo
599 3549 668 3601 Oxx.
687 3547 794 3600 habent
813 3549 859 3611 Et.
879 3495 1008 3608 vindlj.
1034 3548 1145 3602 omittit
1163 3553 1216 3601 est.

62 3615 114 3667 Ed.
134 3617 163 3667 P.
182 3613 327 3670 habetest
344 3619 490 3675 stultitiae.
510 3620 589 3673 Gud.
605 3621 631 3675 2.
652 3619 794 3673 stulticia
812 3625 862 3674 eat.
899 3619 966 3672 Mox
983 3635 1064 3670 unus-
1075 3619 1142 3673 Ood.
1163 3618 1217 3671 Ox.

64 3696 139 3739 meus
163 3688 315 3753 aberret.
352 3690 412 3743 Mr.
809 3690 846 3700 ‘'

75 3808 83 3819 ,
135 3754 175 3809 Ob
193 3758 300 3811 scelera
319 3759 462 3830 animique
478 3760 672 3830 impotentiam
686 3768 717 3817 et
735 3757 1035 3831 superbiloquentiam]
1067 3761 1145 3814 llaec
1162 3776 1219 3832 pro

63 3827 158 3880 Tullii
175 3830 270 3880 verbis
287 3828 393 3883 habent
412 3834 544 3900 editores,
573 3852 662 3904 eaque
685 3835 736 3886 sub
760 3834 821 3887 eius
845 3833 962 3885 nomine
985 3832 1082 3886 laudat
1105 3832 1225 3888 Nonius.

64 3901 96 3950 in
114 3900 376 3970 superbiloquentia.
414 3903 452 3961 At
469 3921 539 3957 vero
557 3922 657 3959 versus
682 3914 726 3959 est
744 3904 920 3957 Trochaicus
938 3903 1051 3974 antiqui
1070 3903 1228 3957 cuiusdam¹

62 3971 174 4036 Poetae,
195 3972 270 4039 quod
287 3972 376 4024 dictio
394 3975 462 4026 satis
481 3977 617 4043 ostendit,
643 3986 672 4030 et
690 3985 755 4029 ante
778 3993 825 4029 me
843 3977 941 4030 docuit
958 3975 1045 4033 Hadr·
1065 3975 1223 4028 Turnebus*

62 4042 182 4095 Advers.
203 4044 266 4107 VII,
287 4045 328 4098 18.
366 4046 432 4096 Non
454 4047 545 4119 magis
572 4055 669 4100 autem
692 4048 728 4100 de
751 4048 811 4118 ipso
830 4047 972 4118 supplicio
998 4046 1135 4116 quamde
1155 4045 1217 4100 eius

62 4131 146 4167 causa
171 4112 366 4187 digladiantur
388 4115 551 4185 scriptores.
593 4118 716 4181 Plurimi
742 4119 920 4171 contendunt
946 4117 1151 4187 loquacitatem
1174 4118 1217 4170 fe-

63 4187 143 4247 cisse,
163 4194 197 4236 ut
215 4193 307 4237 tantas
325 4201 428 4254 poenas
447 4187 565 4242 subiret.
602 4189 679 4240 Hinc
696 4187 931 4259 Theophylactus
951 4187 1105 4242 simocatta
1123 4189 1216 4258 Epist.
1246 4189 1250 4204 ¹

62 4257 191 4310 LXVIII.
224 4258 368 4311 Ἐντεῦθεν
392 4258 438 4309 καὶ
458 4256 593 4318 Τάνταλος
611 4257 749 4324 ἐκολάζετο
759 4273 770 4303 ·-
790 4255 911 4328 περὶτὰ
933 4262 996 4313 θεῖα
1013 4257 1069 4331 γὰρ
1088 4262 1151 4328 ἔσχε
1168 4257 1219 4322 τήν

62 4331 185 4397 γλῶτταν
203 4329 364 4382 ἀκόλαστον.
402 4320 506 4382 Nescio
526 4331 590 4400 quis
610 4332 685 4401 apud
703 4329 883 4383 Athenaeum
908 4331 959 4384 lib.
978 4328 1041 4385 Vll.
1069 4347 1133 4404 pag·
1152 4331 1217 4384 181.
1287 4334 1290 4341 ’

65 4416 131 4455 eum
147 4406 207 4451 tam
226 4402 305 4454 duris
323 4399 413 4454 modis
431 4408 581 4472 acceptum
600 4401 699 4465 tradit,
726 4402 803 4472 quod
821 4397 852 4456 τό
872 4408 924 4470 ζῆν
940 4403 991 4457 τόν
1009 4393 1220 4469 αὐτὸντρόπον

64 4474 121 4532 τοῖς
138 4472 213 4533 θεοῖς
232 4473 347 4544 optarit.
374 4471 500 4528 atvero
518 4472 657 4528 Pindarus
668 4472 784 4545 Olymp.
802 4474 827 4542 1,
840 4476 883 4532 es.
904 4474 981 4546 Ἔχει
1005 4469 1032 4526 d'
1051 4469 1220 4541 dadinum
