<?xml version="1.0" encoding="UTF-8"?>
<!DOCTYPE html PUBLIC "-//W3C//DTD XHTML 1.0 Transitional//EN"
    "http://www.w3.org/TR/xhtml1/DTD/xhtml1-transitional.dtd">
<html xmlns="http://www.w3.org/1999/xhtml" xml:lang="en" lang="en">
 <head>
  <title>
</title>
<meta http-equiv="Content-Type" content="text/html;charset=utf-8" />
  <meta name='ocr-system' content='tesseract 3.04.00' />
  <meta name='ocr-capabilities' content='ocr_page ocr_carea ocr_par ocr_line ocrx_word'/>
</head>
<body>
  <div class='ocr_page' id='page_1' title='image "./mtulliiciceroni00davigoog_0399.png"; bbox 0 0 2842 5070; ppageno 0'>
   <div class='ocr_carea' id='block_1_1' title="bbox 156 297 1163 410">
    <p class='ocr_par' dir='ltr' id='par_1_1' title="bbox 156 297 1163 410">
     <span class='ocr_line' id='line_1_1' title="bbox 156 297 1163 410; baseline -0.007 -34"><span class='ocrx_word' id='word_1_1' title='bbox 156 297 160 305; x_wconf 45' lang='lat'>¹</span> <span class='ocrx_word' id='word_1_2' title='bbox 210 311 272 375; x_wconf 81' lang='lat'><strong>390</strong></span> <span class='ocrx_word' id='word_1_3' title='bbox 407 304 639 410; x_wconf 80' lang='lat' dir='ltr'>CICERONIS</span> <span class='ocrx_word' id='word_1_4' title='bbox 660 301 909 370; x_wconf 84' lang='lat' dir='ltr'><strong>TUSCULAN.</strong></span> <span class='ocrx_word' id='word_1_5' title='bbox 931 300 1163 369; x_wconf 81' lang='lat' dir='ltr'><strong>DISPUTAT.</strong></span> 
     </span>
    </p>
   </div>
   <div class='ocr_carea' id='block_1_2' title="bbox 101 444 1372 809">
    <p class='ocr_par' dir='ltr' id='par_1_2' title="bbox 101 444 1372 809">
     <span class='ocr_line' id='line_1_2' title="bbox 376 444 1372 571; baseline -0.004 -33"><span class='ocrx_word' id='word_1_6' title='bbox 376 470 531 538; x_wconf 80' lang='lat' dir='ltr'><strong>Samma&#39;m</strong></span> <span class='ocrx_word' id='word_1_7' title='bbox 554 467 625 537; x_wconf 83' lang='lat' dir='ltr'><strong>rens¹</strong></span> <span class='ocrx_word' id='word_1_8' title='bbox 638 444 780 554; x_wconf 76' lang='lat' dir='ltr'><strong>perfecit</strong></span> <span class='ocrx_word' id='word_1_9' title='bbox 810 488 915 559; x_wconf 59' lang='lat' dir='ltr'><strong>alama</strong></span> <span class='ocrx_word' id='word_1_10' title='bbox 948 467 1095 571; x_wconf 72' lang='lat' dir='ltr'><strong>restituit</strong></span> <span class='ocrx_word' id='word_1_11' title='bbox 1125 468 1283 550; x_wconf 82' lang='lat' dir='ltr'><strong>praeliata</strong></span> <span class='ocrx_word' id='word_1_12' title='bbox 1320 470 1372 534; x_wconf 79' lang='lat' dir='ltr'><strong>irs-</strong></span> 
     </span>
     <span class='ocr_line' id='line_1_3' title="bbox 148 573 1096 722; baseline -0.009 -17"><span class='ocrx_word' id='word_1_13' title='bbox 148 644 190 716; x_wconf 80' lang='grc'><strong>24</strong></span> <span class='ocrx_word' id='word_1_14' title='bbox 210 638 367 701; x_wconf 82' lang='lat' dir='ltr'><strong>Dicamus</strong></span> <span class='ocrx_word' id='word_1_15' title='bbox 390 639 497 722; x_wconf 75' lang='lat' dir='ltr'><strong>igitur</strong></span> <span class='ocrx_word' id='word_1_16' title='bbox 518 640 633 701; x_wconf 87' lang='lat' dir='ltr'><strong>utilem</strong></span> <span class='ocrx_word' id='word_1_17' title='bbox 657 635 836 700; x_wconf 85' lang='lat' dir='ltr'><strong>insaniam&#39;l</strong></span> <span class='ocrx_word' id='word_1_18' title='bbox 958 573 1096 637; x_wconf 55' lang='lat' dir='ltr'><strong>&#39;sanim</strong></span> 
     </span>
     <span class='ocr_line' id='line_1_4' title="bbox 101 719 1372 809; baseline 0.003 -29"><span class='ocrx_word' id='word_1_19' title='bbox 101 802 104 809; x_wconf 88' lang='lat'><strong>.</strong></span> <span class='ocrx_word' id='word_1_20' title='bbox 143 726 189 780; x_wconf 77' lang='lat'><strong>5³.</strong></span> <span class='ocrx_word' id='word_1_21' title='bbox 296 722 420 782; x_wconf 80' lang='lat' dir='ltr'>Tracta</span> <span class='ocrx_word' id='word_1_22' title='bbox 449 721 661 784; x_wconf 86' lang='lat' dir='ltr'><strong>definitiones</strong></span> <span class='ocrx_word' id='word_1_23' title='bbox 688 719 920 795; x_wconf 78' lang='lat' dir='ltr'><strong>tortitudinis3</strong></span> <span class='ocrx_word' id='word_1_24' title='bbox 953 720 1115 804; x_wconf 79' lang='lat' dir='ltr'><strong>intelliges</strong></span> <span class='ocrx_word' id='word_1_25' title='bbox 1144 738 1216 781; x_wconf 85' lang='lat' dir='ltr'><strong>eam</strong></span> <span class='ocrx_word' id='word_1_26' title='bbox 1246 727 1372 784; x_wconf 81' lang='lat' dir='ltr'><strong>stoma-</strong></span> 
     </span>
    </p>
   </div>
   <div class='ocr_carea' id='block_1_3' title="bbox 82 907 1372 1746">
    <p class='ocr_par' dir='ltr' id='par_1_3' title="bbox 126 907 1372 1534">
     <span class='ocr_line' id='line_1_5' title="bbox 282 907 1371 978; baseline 0.001 -15"><span class='ocrx_word' id='word_1_27' title='bbox 282 908 424 963; x_wconf 86' lang='lat' dir='ltr'><strong>Sammam</strong></span> <span class='ocrx_word' id='word_1_28' title='bbox 443 926 500 962; x_wconf 87' lang='lat' dir='ltr'><strong>rem</strong></span> <span class='ocrx_word' id='word_1_29' title='bbox 515 907 634 978; x_wconf 73' lang='lat' dir='ltr'><strong>perfecit</strong></span> <span class='ocrx_word' id='word_1_30' title='bbox 652 925 744 974; x_wconf 84' lang='lat' dir='ltr'><strong>mana,</strong></span> <span class='ocrx_word' id='word_1_31' title='bbox 757 909 802 974; x_wconf 92' lang='lat'><strong>-]</strong></span> <span class='ocrx_word' id='word_1_32' title='bbox 830 907 1027 973; x_wconf 81' lang='lat' dir='ltr'><strong>„Summam</strong></span> <span class='ocrx_word' id='word_1_33' title='bbox 1047 921 1115 958; x_wconf 87' lang='lat' dir='ltr'><strong>rem</strong></span> <span class='ocrx_word' id='word_1_34' title='bbox 1133 908 1269 974; x_wconf 79' lang='lat' dir='ltr'><strong>crearit,</strong></span> <span class='ocrx_word' id='word_1_35' title='bbox 1286 912 1371 978; x_wconf 78' lang='lat' dir='ltr'><strong>prot-</strong></span> 
     </span>
     <span class='ocr_line' id='line_1_6' title="bbox 212 977 1372 1048; baseline 0 -15"><span class='ocrx_word' id='word_1_36' title='bbox 212 979 282 1033; x_wconf 83' lang='lat' dir='ltr'><strong>lr‘am</strong></span> <span class='ocrx_word' id='word_1_37' title='bbox 300 998 362 1033; x_wconf 86' lang='lat' dir='ltr'><strong>cam</strong></span> <span class='ocrx_word' id='word_1_38' title='bbox 380 978 508 1033; x_wconf 78' lang='lat' dir='ltr'><strong>restituit</strong></span> <span class='ocrx_word' id='word_1_39' title='bbox 531 981 675 1034; x_wconf 82' lang='lat' dir='ltr'><strong>insdm&#39;ens</strong></span> <span class='ocrx_word' id='word_1_40' title='bbox 695 1011 728 1021; x_wconf 94' lang='lat'>-</span> <span class='ocrx_word' id='word_1_41' title='bbox 765 981 811 1031; x_wconf 75' lang='lat' dir='ltr'><strong>Ex</strong></span> <span class='ocrx_word' id='word_1_42' title='bbox 829 977 915 1030; x_wconf 88' lang='lat' dir='ltr'><strong>huius</strong></span> <span class='ocrx_word' id='word_1_43' title='bbox 934 979 1094 1048; x_wconf 80' lang='lat' dir='ltr'><strong>scripturae</strong></span> <span class='ocrx_word' id='word_1_44' title='bbox 1112 977 1321 1047; x_wconf 75' lang='lat' dir='ltr'><strong>depravatione</strong></span> <span class='ocrx_word' id='word_1_45' title='bbox 1341 983 1372 1033; x_wconf 92' lang='lat' dir='ltr'><strong>in</strong></span> 
     </span>
     <span class='ocr_line' id='line_1_7' title="bbox 175 1048 1369 1136; baseline 0.001 -32"><span class='ocrx_word' id='word_1_46' title='bbox 175 1048 178 1057; x_wconf 78' lang='grc'><em>“</em></span> <span class='ocrx_word' id='word_1_47' title='bbox 210 1051 342 1136; x_wconf 72' lang='lat' dir='ltr'><strong>vulgatos</strong></span> <span class='ocrx_word' id='word_1_48' title='bbox 369 1051 460 1103; x_wconf 88' lang='lat' dir='ltr'><strong>libros</strong></span> <span class='ocrx_word' id='word_1_49' title='bbox 494 1051 612 1120; x_wconf 87' lang='lat' dir='ltr'><strong>irrepsit</strong></span> <span class='ocrx_word' id='word_1_50' title='bbox 643 1066 779 1103; x_wconf 83' lang='lat' dir='ltr'><strong>summam</strong></span> <span class='ocrx_word' id='word_1_51' title='bbox 803 1065 863 1102; x_wconf 90' lang='lat' dir='ltr'><strong>rem</strong></span> <span class='ocrx_word' id='word_1_52' title='bbox 890 1050 1010 1118; x_wconf 76' lang='lat' dir='ltr'><strong>perfecit</strong></span> <span class='ocrx_word' id='word_1_53' title='bbox 1040 1048 1156 1102; x_wconf 83' lang='lat' dir='ltr'><strong>mana.“</strong></span> <span class='ocrx_word' id='word_1_54' title='bbox 1189 1051 1253 1109; x_wconf 75' lang='lat' dir='ltr'><strong>Frc.</strong></span> <span class='ocrx_word' id='word_1_55' title='bbox 1282 1053 1369 1105; x_wconf 85' lang='lat' dir='ltr'><strong>Fabr.</strong></span> 
     </span>
     <span class='ocr_line' id='line_1_8' title="bbox 139 1118 1372 1191; baseline 0 -15"><span class='ocrx_word' id='word_1_56' title='bbox 139 1154 141 1159; x_wconf 95' lang='lat'>·</span> <span class='ocrx_word' id='word_1_57' title='bbox 209 1122 329 1189; x_wconf 85' lang='lat' dir='ltr'><strong>„Ileseci</strong></span> <span class='ocrx_word' id='word_1_58' title='bbox 347 1137 409 1173; x_wconf 83' lang='lat' dir='ltr'><strong>cum</strong></span> <span class='ocrx_word' id='word_1_59' title='bbox 427 1128 493 1174; x_wconf 89' lang='lat' dir='ltr'><strong>ante</strong></span> <span class='ocrx_word' id='word_1_60' title='bbox 511 1122 646 1175; x_wconf 83' lang='lat' dir='ltr'><strong>restituit</strong></span> <span class='ocrx_word' id='word_1_61' title='bbox 663 1140 744 1175; x_wconf 87' lang='lat' dir='ltr'><strong>suasu</strong></span> <span class='ocrx_word' id='word_1_62' title='bbox 769 1122 898 1191; x_wconf 87' lang='lat' dir='ltr'><strong>quinque</strong></span> <span class='ocrx_word' id='word_1_63' title='bbox 923 1120 1132 1172; x_wconf 69' lang='lat' dir='ltr'><strong>Pal15Vatic.‘.‘</strong></span> <span class='ocrx_word' id='word_1_64' title='bbox 1157 1119 1241 1176; x_wconf 75' lang='lat' dir='ltr'><strong>Getis.</strong></span> <span class='ocrx_word' id='word_1_65' title='bbox 1261 1118 1372 1186; x_wconf 82' lang='lat' dir='ltr'><strong>[edidit</strong></span> 
     </span>
     <span class='ocr_line' id='line_1_9' title="bbox 208 1189 1372 1266; baseline -0.001 -18"><span class='ocrx_word' id='word_1_66' title='bbox 208 1211 255 1263; x_wconf 77' lang='lat' dir='ltr'><strong>pr.</strong></span> <span class='ocrx_word' id='word_1_67' title='bbox 277 1200 343 1248; x_wconf 77' lang='lat' dir='ltr'><strong>reat.</strong></span> <span class='ocrx_word' id='word_1_68' title='bbox 362 1189 429 1256; x_wconf 68' lang='lat' dir='ltr'><strong>ine]</strong></span> <span class='ocrx_word' id='word_1_69' title='bbox 463 1194 615 1259; x_wconf 77' lang='lat' dir='ltr'><strong>„Lambini</strong></span> <span class='ocrx_word' id='word_1_70' title='bbox 634 1193 724 1245; x_wconf 78' lang='lat' dir='ltr'><strong>erexit</strong></span> <span class='ocrx_word' id='word_1_71' title='bbox 748 1192 965 1245; x_wconf 65' lang='lat' dir='ltr'><strong>non‘satislacit</strong></span> <span class='ocrx_word' id='word_1_72' title='bbox 983 1190 1019 1244; x_wconf 85' lang='lat' dir='ltr'><strong>ad</strong></span> <span class='ocrx_word' id='word_1_73' title='bbox 1038 1191 1259 1266; x_wconf 80' lang='lat' dir='ltr'><strong>significandam</strong></span> <span class='ocrx_word' id='word_1_74' title='bbox 1276 1196 1372 1247; x_wconf 88' lang='lat' dir='ltr'><strong>victo·</strong></span> 
     </span>
     <span class='ocr_line' id='line_1_10' title="bbox 211 1262 1372 1332; baseline 0.002 -15"><span class='ocrx_word' id='word_1_75' title='bbox 211 1265 295 1327; x_wconf 78' lang='lat' dir='ltr'><strong>riam.</strong></span> <span class='ocrx_word' id='word_1_76' title='bbox 332 1264 459 1317; x_wconf 83' lang='lat' dir='ltr'><strong>Bentleii</strong></span> <span class='ocrx_word' id='word_1_77' title='bbox 478 1263 715 1317; x_wconf 81' lang='lat' dir='ltr'><strong>emendatiorem</strong></span> <span class='ocrx_word' id='word_1_78' title='bbox 732 1279 785 1332; x_wconf 88' lang='lat' dir='ltr'><strong>pro</strong></span> <span class='ocrx_word' id='word_1_79' title='bbox 801 1263 942 1331; x_wconf 82' lang='lat' dir='ltr'><strong>proelium</strong></span> <span class='ocrx_word' id='word_1_80' title='bbox 961 1262 1080 1317; x_wconf 86' lang='lat' dir='ltr'><strong>eandem</strong></span> <span class='ocrx_word' id='word_1_81' title='bbox 1095 1279 1197 1316; x_wconf 88' lang='lat' dir='ltr'><strong>vocem</strong></span> <span class='ocrx_word' id='word_1_82' title='bbox 1214 1264 1258 1317; x_wconf 89' lang='lat' dir='ltr'><strong>bis</strong></span> <span class='ocrx_word' id='word_1_83' title='bbox 1278 1265 1372 1319; x_wconf 84' lang='lat' dir='ltr'><strong>infert</strong></span> 
     </span>
     <span class='ocr_line' id='line_1_11' title="bbox 210 1334 1371 1410; baseline 0 -22"><span class='ocrx_word' id='word_1_84' title='bbox 210 1335 322 1389; x_wconf 76' lang='lat' dir='ltr'><strong>versuit</strong></span> <span class='ocrx_word' id='word_1_85' title='bbox 349 1353 442 1405; x_wconf 87' lang='lat' dir='ltr'><strong>neque</strong></span> <span class='ocrx_word' id='word_1_86' title='bbox 461 1350 514 1410; x_wconf 80' lang='lat' dir='ltr'><strong>ego</strong></span> <span class='ocrx_word' id='word_1_87' title='bbox 533 1334 708 1388; x_wconf 82' lang='lat' dir='ltr'><strong>crediderim</strong></span> <span class='ocrx_word' id='word_1_88' title='bbox 732 1335 767 1387; x_wconf 81' lang='lat' dir='ltr'><strong>de</strong></span> <span class='ocrx_word' id='word_1_89' title='bbox 786 1352 819 1388; x_wconf 84' lang='lat' dir='ltr'><strong>re</strong></span> <span class='ocrx_word' id='word_1_90' title='bbox 837 1335 971 1386; x_wconf 81' lang='lat' dir='ltr'><strong>restituta</strong></span> <span class='ocrx_word' id='word_1_91' title='bbox 994 1335 1052 1386; x_wconf 88' lang='lat' dir='ltr'><strong>iam</strong></span> <span class='ocrx_word' id='word_1_92' title='bbox 1069 1336 1183 1402; x_wconf 83' lang='lat' dir='ltr'><strong>po‘e&#39;tam</strong></span> <span class='ocrx_word' id='word_1_93' title='bbox 1201 1335 1371 1388; x_wconf 87' lang='lat' dir='ltr'><strong>locuturum</strong></span> 
     </span>
     <span class='ocr_line' id='line_1_12' title="bbox 159 1404 1372 1532; baseline 0.002 -73"><span class='ocrx_word' id='word_1_94' title='bbox 159 1465 162 1470; x_wconf 52' lang='grc'><strong><em>,</em></strong></span> <span class='ocrx_word' id='word_1_95' title='bbox 210 1409 318 1532; x_wconf 46' lang='lat' dir='ltr'><strong>‘nima</strong></span> <span class='ocrx_word' id='word_1_96' title='bbox 329 1415 482 1476; x_wconf 84' lang='lat' dir='ltr'><strong>postquam</strong></span> <span class='ocrx_word' id='word_1_97' title='bbox 505 1405 541 1459; x_wconf 86' lang='lat' dir='ltr'><strong>de</strong></span> <span class='ocrx_word' id='word_1_98' title='bbox 569 1407 696 1459; x_wconf 84' lang='lat' dir='ltr'><strong>victoria</strong></span> <span class='ocrx_word' id='word_1_99' title='bbox 721 1413 804 1477; x_wconf 81' lang='lat' dir='ltr'><strong>parta</strong></span> <span class='ocrx_word' id='word_1_100' title='bbox 831 1404 946 1458; x_wconf 86' lang='lat' dir='ltr'><strong>locutus</strong></span> <span class='ocrx_word' id='word_1_101' title='bbox 972 1414 1024 1458; x_wconf 92' lang='lat' dir='ltr'><strong>est.</strong></span> <span class='ocrx_word' id='word_1_102' title='bbox 1070 1405 1214 1475; x_wconf 85' lang='lat' dir='ltr'><strong>Equidem</strong></span> <span class='ocrx_word' id='word_1_103' title='bbox 1241 1408 1372 1478; x_wconf 82' lang='lat' dir='ltr'><strong>suspicor</strong></span> 
     </span>
     <span class='ocr_line' id='line_1_13' title="bbox 126 1479 1145 1534; baseline -0.003 0"><span class='ocrx_word' id='word_1_104' title='bbox 126 1522 131 1534; x_wconf 86' lang='grc'><strong>.</strong></span> <span class='ocrx_word' id='word_1_105' title='bbox 161 1501 164 1511; x_wconf 87' lang='grc'>’</span> <span class='ocrx_word' id='word_1_106' title='bbox 210 1479 239 1532; x_wconf 85' lang='lat' dir='ltr'><strong>le</strong></span> <span class='ocrx_word' id='word_1_107' title='bbox 279 1498 299 1531; x_wconf 92' lang='lat' dir='ltr'><strong>n</strong></span> <span class='ocrx_word' id='word_1_108' title='bbox 318 1497 367 1530; x_wconf 90' lang='lat' dir='ltr'><strong>um</strong></span> <span class='ocrx_word' id='word_1_109' title='bbox 386 1495 458 1531; x_wconf 88' lang='lat' dir='ltr'><strong>esse:</strong></span> <span class='ocrx_word' id='word_1_110' title='bbox 882 1528 885 1533; x_wconf 82' lang='grc'>,</span> <span class='ocrx_word' id='word_1_111' title='bbox 1141 1506 1145 1513; x_wconf 87' lang='lat'><strong>·</strong></span> 
     </span>
    </p>

    <p class='ocr_par' dir='ltr' id='par_1_4' title="bbox 82 1497 1371 1691">
     <span class='ocr_line' id='line_1_14' title="bbox 123 1497 1361 1617; baseline -0.002 -15"><span class='ocrx_word' id='word_1_112' title='bbox 123 1610 124 1613; x_wconf 8' lang='grc' dir='ltr'><strong>Ἴ</strong></span> <span class='ocrx_word' id='word_1_113' title='bbox 242 1497 277 1554; x_wconf 61' lang='lat' dir='ltr'><strong>ge</strong></span> <span class='ocrx_word' id='word_1_114' title='bbox 377 1548 516 1602; x_wconf 79' lang='lat' dir='ltr'><strong>Summam</strong></span> <span class='ocrx_word' id='word_1_115' title='bbox 533 1565 594 1602; x_wconf 86' lang='lat' dir='ltr'><strong>rem</strong></span> <span class='ocrx_word' id='word_1_116' title='bbox 608 1546 739 1617; x_wconf 69' lang='lat' dir='ltr'><strong>perfecit,</strong></span> <span class='ocrx_word' id='word_1_117' title='bbox 759 1548 825 1615; x_wconf 78' lang='lat' dir='ltr'><strong>dum</strong></span> <span class='ocrx_word' id='word_1_118' title='bbox 839 1546 975 1617; x_wconf 85' lang='lat' dir='ltr'><strong>praelium</strong></span> <span class='ocrx_word' id='word_1_119' title='bbox 992 1545 1118 1601; x_wconf 74' lang='lat' dir='ltr'><strong>instituit</strong></span> <span class='ocrx_word' id='word_1_120' title='bbox 1134 1546 1299 1602; x_wconf 74' lang='lat' dir='ltr'><strong>insaniem:</strong></span> <span class='ocrx_word' id='word_1_121' title='bbox 1359 1582 1361 1588; x_wconf 67' lang='grc'><strong><em>«</em></strong></span> 
     </span>
     <span class='ocr_line' id='line_1_15' title="bbox 82 1617 1371 1691; baseline -0.001 -17"><span class='ocrx_word' id='word_1_122' title='bbox 82 1675 90 1682; x_wconf 72' lang='grc'>,</span> <span class='ocrx_word' id='word_1_123' title='bbox 211 1621 248 1674; x_wconf 84' lang='lat' dir='ltr'><strong>ln</strong></span> <span class='ocrx_word' id='word_1_124' title='bbox 264 1636 337 1674; x_wconf 85' lang='lat' dir='ltr'><strong>voce</strong></span> <span class='ocrx_word' id='word_1_125' title='bbox 350 1617 457 1673; x_wconf 76' lang='lat' dir='ltr'><strong>manae</strong></span> <span class='ocrx_word' id='word_1_126' title='bbox 472 1637 538 1674; x_wconf 89' lang='lat' dir='ltr'><strong>cum</strong></span> <span class='ocrx_word' id='word_1_127' title='bbox 555 1620 625 1674; x_wconf 91' lang='lat' dir='ltr'><strong>libri</strong></span> <span class='ocrx_word' id='word_1_128' title='bbox 643 1620 803 1690; x_wconf 87' lang='lat' dir='ltr'><strong>plurimum</strong></span> <span class='ocrx_word' id='word_1_129' title='bbox 820 1619 945 1684; x_wconf 81' lang='lat' dir='ltr'><strong>varient,</strong></span> <span class='ocrx_word' id='word_1_130' title='bbox 977 1635 1009 1672; x_wconf 89' lang='lat' dir='ltr'><strong>ea</strong></span> <span class='ocrx_word' id='word_1_131' title='bbox 1031 1619 1214 1689; x_wconf 84' lang='lat' dir='ltr'><strong>potissimum</strong></span> <span class='ocrx_word' id='word_1_132' title='bbox 1234 1627 1371 1691; x_wconf 87' lang='lat' dir='ltr'><strong>corrupta</strong></span> 
     </span>
    </p>

    <p class='ocr_par' dir='ltr' id='par_1_5' title="bbox 195 1689 1301 1746">
     <span class='ocr_line' id='line_1_16' title="bbox 195 1689 1301 1746; baseline 0 -2"><span class='ocrx_word' id='word_1_133' title='bbox 195 1694 273 1746; x_wconf 58' lang='lat' dir='ltr'><strong>&gt;visa</strong></span> <span class='ocrx_word' id='word_1_134' title='bbox 292 1691 366 1746; x_wconf 88' lang='lat' dir='ltr'><strong>est.“</strong></span> <span class='ocrx_word' id='word_1_135' title='bbox 384 1690 475 1744; x_wconf 73' lang='lat' dir='ltr'><strong>Bauli.</strong></span> <span class='ocrx_word' id='word_1_136' title='bbox 510 1691 581 1744; x_wconf 80' lang='lat' dir='ltr'><strong>Eius</strong></span> <span class='ocrx_word' id='word_1_137' title='bbox 604 1708 720 1743; x_wconf 87' lang='lat' dir='ltr'><strong>versum</strong></span> <span class='ocrx_word' id='word_1_138' title='bbox 746 1689 836 1742; x_wconf 85' lang='lat' dir='ltr'><strong>nihili</strong></span> <span class='ocrx_word' id='word_1_139' title='bbox 854 1707 914 1742; x_wconf 87' lang='lat' dir='ltr'><strong>esse</strong></span> <span class='ocrx_word' id='word_1_140' title='bbox 931 1705 1015 1743; x_wconf 84' lang='lat' dir='ltr'><strong>nemo</strong></span> <span class='ocrx_word' id='word_1_141' title='bbox 1033 1706 1093 1743; x_wconf 86' lang='lat' dir='ltr'><strong>non</strong></span> <span class='ocrx_word' id='word_1_142' title='bbox 1109 1691 1197 1745; x_wconf 85' lang='lat' dir='ltr'><strong>videt.</strong></span> <span class='ocrx_word' id='word_1_143' title='bbox 1236 1693 1301 1745; x_wconf 88' lang='lat' dir='ltr'><strong>Mr.</strong></span> 
     </span>
    </p>
   </div>
   <div class='ocr_carea' id='block_1_4' title="bbox 112 1778 1372 2987">
    <p class='ocr_par' dir='ltr' id='par_1_6' title="bbox 281 1778 1371 1850">
     <span class='ocr_line' id='line_1_17' title="bbox 281 1778 1371 1850; baseline -0.001 -16"><span class='ocrx_word' id='word_1_144' title='bbox 281 1780 423 1850; x_wconf 85' lang='lat' dir='ltr'><strong>proelium</strong></span> <span class='ocrx_word' id='word_1_145' title='bbox 441 1798 503 1842; x_wconf 85' lang='lat' dir='ltr'><strong>cum</strong></span> <span class='ocrx_word' id='word_1_146' title='bbox 519 1779 646 1834; x_wconf 83' lang='lat' dir='ltr'><strong>restituit</strong></span> <span class='ocrx_word' id='word_1_147' title='bbox 666 1778 818 1845; x_wconf 81' lang='lat' dir='ltr'><strong>insaniens]</strong></span> <span class='ocrx_word' id='word_1_148' title='bbox 838 1781 957 1844; x_wconf 86' lang='lat' dir='ltr'><strong>„Petrus</strong></span> <span class='ocrx_word' id='word_1_149' title='bbox 976 1779 1134 1834; x_wconf 84' lang='lat' dir='ltr'><strong>Ciacconus</strong></span> <span class='ocrx_word' id='word_1_150' title='bbox 1151 1779 1302 1840; x_wconf 74' lang='lat' dir='ltr'><strong>existimat¹</strong></span> <span class='ocrx_word' id='word_1_151' title='bbox 1315 1779 1371 1833; x_wconf 91' lang='lat' dir='ltr'><strong>hoc</strong></span> 
     </span>
    </p>

    <p class='ocr_par' dir='ltr' id='par_1_7' title="bbox 212 1850 1371 1990">
     <span class='ocr_line' id='line_1_18' title="bbox 212 1850 1371 1926; baseline 0 -22"><span class='ocrx_word' id='word_1_152' title='bbox 212 1860 307 1905; x_wconf 90' lang='lat' dir='ltr'><strong>totum</strong></span> <span class='ocrx_word' id='word_1_153' title='bbox 325 1853 552 1906; x_wconf 85' lang='lat' dir='ltr'><strong>additamentum</strong></span> <span class='ocrx_word' id='word_1_154' title='bbox 571 1850 659 1904; x_wconf 90' lang='lat' dir='ltr'><strong>esse.“</strong></span> <span class='ocrx_word' id='word_1_155' title='bbox 680 1851 813 1926; x_wconf 52' lang='lat' dir='ltr'><strong>(trainae.</strong></span> <span class='ocrx_word' id='word_1_156' title='bbox 841 1850 983 1917; x_wconf 67' lang='lat' dir='ltr'><strong>„Perfecit</strong></span> <span class='ocrx_word' id='word_1_157' title='bbox 1000 1867 1110 1917; x_wconf 81' lang='lat' dir='ltr'><strong>manae,</strong></span> <span class='ocrx_word' id='word_1_158' title='bbox 1127 1852 1266 1918; x_wconf 82' lang='lat' dir='ltr'><strong>praetium</strong></span> <span class='ocrx_word' id='word_1_159' title='bbox 1286 1853 1371 1904; x_wconf 79' lang='lat' dir='ltr'><strong>resti·</strong></span> 
     </span>
     <span class='ocr_line' id='line_1_19' title="bbox 212 1921 1371 1990; baseline -0.002 -14"><span class='ocrx_word' id='word_1_160' title='bbox 212 1924 435 1980; x_wconf 75' lang='lat' dir='ltr'><strong>tuitinsanienet</strong></span> <span class='ocrx_word' id='word_1_161' title='bbox 457 1924 489 1978; x_wconf 87' lang='lat' dir='ltr'><strong>Si</strong></span> <span class='ocrx_word' id='word_1_162' title='bbox 504 1940 604 1976; x_wconf 87' lang='lat' dir='ltr'><strong>versus</strong></span> <span class='ocrx_word' id='word_1_163' title='bbox 622 1926 714 1988; x_wconf 78' lang='lat' dir='ltr'><strong>sa&#39;nus,</strong></span> <span class='ocrx_word' id='word_1_164' title='bbox 737 1921 919 1989; x_wconf 79' lang='lat' dir='ltr'><strong>efferendum</strong></span> <span class='ocrx_word' id='word_1_165' title='bbox 936 1923 1038 1988; x_wconf 77' lang='lat' dir='ltr'><strong>manu&#39;,</strong></span> <span class='ocrx_word' id='word_1_166' title='bbox 1054 1923 1203 1990; x_wconf 78' lang='lat' dir='ltr'><strong>proeljum.</strong></span> <span class='ocrx_word' id='word_1_167' title='bbox 1240 1922 1297 1976; x_wconf 86' lang='lat' dir='ltr'><strong>Sed</strong></span> <span class='ocrx_word' id='word_1_168' title='bbox 1316 1939 1371 1975; x_wconf 86' lang='lat' dir='ltr'><strong>nec</strong></span> 
     </span>
    </p>

    <p class='ocr_par' dir='ltr' id='par_1_8' title="bbox 148 1993 1372 2136">
     <span class='ocr_line' id='line_1_20' title="bbox 148 1993 1372 2064; baseline -0.002 -17"><span class='ocrx_word' id='word_1_169' title='bbox 148 2052 152 2061; x_wconf 53' lang='grc'><strong><em>,</em></strong></span> <span class='ocrx_word' id='word_1_170' title='bbox 212 1994 385 2053; x_wconf 69' lang='lat' dir='ltr'><strong>benemerita</strong></span> <span class='ocrx_word' id='word_1_171' title='bbox 403 2003 567 2052; x_wconf 86' lang='lat' dir='ltr'><strong>correctum</strong></span> <span class='ocrx_word' id='word_1_172' title='bbox 585 1994 709 2064; x_wconf 83' lang='lat' dir='ltr'><strong>aBipp.‚</strong></span> <span class='ocrx_word' id='word_1_173' title='bbox 729 2011 901 2063; x_wconf 83' lang='lat' dir='ltr'><strong>quamquam</strong></span> <span class='ocrx_word' id='word_1_174' title='bbox 918 1994 1182 2058; x_wconf 80' lang='lat' dir='ltr'><strong>auctoreBentlelo‚</strong></span> <span class='ocrx_word' id='word_1_175' title='bbox 1202 1993 1253 2062; x_wconf 89' lang='lat' dir='ltr'><strong>qui</strong></span> <span class='ocrx_word' id='word_1_176' title='bbox 1271 2001 1372 2047; x_wconf 88' lang='lat' dir='ltr'><strong>tamen</strong></span> 
     </span>
     <span class='ocr_line' id='line_1_21' title="bbox 211 2064 1372 2136; baseline -0.005 -16"><span class='ocrx_word' id='word_1_177' title='bbox 211 2065 351 2135; x_wconf 81' lang='lat' dir='ltr'><strong>proelium</strong></span> <span class='ocrx_word' id='word_1_178' title='bbox 369 2067 401 2117; x_wconf 91' lang='lat' dir='ltr'><strong>in</strong></span> <span class='ocrx_word' id='word_1_179' title='bbox 418 2083 478 2119; x_wconf 86' lang='lat' dir='ltr'><strong>rem</strong></span> <span class='ocrx_word' id='word_1_180' title='bbox 495 2065 630 2128; x_wconf 81' lang='lat' dir='ltr'><strong>mutabat,</strong></span> <span class='ocrx_word' id='word_1_181' title='bbox 659 2082 713 2117; x_wconf 88' lang='lat' dir='ltr'><strong>nec</strong></span> <span class='ocrx_word' id='word_1_182' title='bbox 740 2064 857 2118; x_wconf 87' lang='lat' dir='ltr'><strong>omnino</strong></span> <span class='ocrx_word' id='word_1_183' title='bbox 879 2080 987 2128; x_wconf 51' lang='lat' dir='ltr'><strong>¹metrias.</strong></span> <span class='ocrx_word' id='word_1_184' title='bbox 1007 2066 1111 2136; x_wconf 85' lang='lat' dir='ltr'><strong>placet.</strong></span> <span class='ocrx_word' id='word_1_185' title='bbox 1146 2065 1290 2134; x_wconf 80' lang='lat' dir='ltr'><strong>Equidem</strong></span> <span class='ocrx_word' id='word_1_186' title='bbox 1309 2081 1372 2117; x_wconf 88' lang='lat' dir='ltr'><strong>non</strong></span> 
     </span>
    </p>

    <p class='ocr_par' dir='ltr' id='par_1_9' title="bbox 112 2136 1157 2213">
     <span class='ocr_line' id='line_1_22' title="bbox 112 2136 1157 2213; baseline -0.007 -22"><span class='ocrx_word' id='word_1_187' title='bbox 112 2178 113 2181; x_wconf 66' lang='lat'>,</span> <span class='ocrx_word' id='word_1_188' title='bbox 212 2138 328 2205; x_wconf 49' lang='lat' dir='ltr'><strong>dubttos</strong></span> <span class='ocrx_word' id='word_1_189' title='bbox 342 2138 414 2210; x_wconf 91' lang='lat' dir='ltr'><strong>quin</strong></span> <span class='ocrx_word' id='word_1_190' title='bbox 431 2137 588 2212; x_wconf 78' lang='lat' dir='ltr'><strong>legendum</strong></span> <span class='ocrx_word' id='word_1_191' title='bbox 606 2136 659 2187; x_wconf 86' lang='lat' dir='ltr'><strong>sit:</strong></span> <span class='ocrx_word' id='word_1_192' title='bbox 1054 2151 1059 2187; x_wconf 72' lang='lat'>2</span> <span class='ocrx_word' id='word_1_193' title='bbox 1139 2141 1157 2213; x_wconf 47' lang='lat' dir='ltr'><strong>l·</strong></span> 
     </span>
    </p>

    <p class='ocr_par' dir='ltr' id='par_1_10' title="bbox 194 2201 1370 2414">
     <span class='ocr_line' id='line_1_23' title="bbox 194 2201 1368 2276; baseline -0.001 -20"><span class='ocrx_word' id='word_1_194' title='bbox 194 2252 197 2256; x_wconf 85' lang='lat'><strong>.</strong></span> <span class='ocrx_word' id='word_1_195' title='bbox 379 2207 520 2263; x_wconf 65' lang='lat' dir='ltr'><strong>Sanamem</strong></span> <span class='ocrx_word' id='word_1_196' title='bbox 533 2223 592 2260; x_wconf 84' lang='lat' dir='ltr'><strong>rem</strong></span> <span class='ocrx_word' id='word_1_197' title='bbox 606 2206 733 2275; x_wconf 73' lang='lat' dir='ltr'><strong>perfecit.</strong></span> <span class='ocrx_word' id='word_1_198' title='bbox 754 2207 784 2260; x_wconf 88' lang='lat' dir='ltr'><strong><em>N</em></strong></span> <span class='ocrx_word' id='word_1_199' title='bbox 787 2222 838 2259; x_wconf 87' lang='lat' dir='ltr'><strong>am</strong></span> <span class='ocrx_word' id='word_1_200' title='bbox 855 2207 870 2261; x_wconf 84' lang='lat' dir='ltr'><strong>i</strong></span> <span class='ocrx_word' id='word_1_201' title='bbox 873 2224 888 2259; x_wconf 81' lang='lat' dir='ltr'><strong>s</strong></span> <span class='ocrx_word' id='word_1_202' title='bbox 904 2203 1175 2276; x_wconf 61' lang='lat' dir='ltr'><strong>moeyamreetitstit</strong></span> <span class='ocrx_word' id='word_1_203' title='bbox 1185 2201 1368 2260; x_wconf 78' lang='lat' dir='ltr'><strong>insaniene.“</strong></span> 
     </span>
     <span class='ocr_line' id='line_1_24' title="bbox 213 2276 1370 2349; baseline -0.004 -16"><span class='ocrx_word' id='word_1_204' title='bbox 213 2279 326 2333; x_wconf 81' lang='lat' dir='ltr'><strong>Nissen.</strong></span> <span class='ocrx_word' id='word_1_205' title='bbox 363 2281 389 2332; x_wconf 85' lang='lat' dir='ltr'>E</span> <span class='ocrx_word' id='word_1_206' title='bbox 412 2279 548 2349; x_wconf 72' lang='lat' dir='ltr'><strong>ascripsi</strong></span> <span class='ocrx_word' id='word_1_207' title='bbox 565 2278 652 2330; x_wconf 87' lang='lat' dir='ltr'><strong>hosce</strong></span> <span class='ocrx_word' id='word_1_208' title='bbox 669 2296 778 2343; x_wconf 85' lang='lat' dir='ltr'><strong>versus,</strong></span> <span class='ocrx_word' id='word_1_209' title='bbox 803 2286 836 2329; x_wconf 92' lang='lat' dir='ltr'><strong>ut</strong></span> <span class='ocrx_word' id='word_1_210' title='bbox 853 2277 1000 2335; x_wconf 85' lang='lat' dir='ltr'><strong>FAWolf.</strong></span> <span class='ocrx_word' id='word_1_211' title='bbox 1021 2277 1102 2345; x_wconf 72' lang='lat' dir='ltr'><strong>Salsa..</strong></span> <span class='ocrx_word' id='word_1_212' title='bbox 1121 2278 1169 2334; x_wconf 80' lang='lat' dir='ltr'><strong>Or.</strong></span> <span class='ocrx_word' id='word_1_213' title='bbox 1186 2276 1260 2329; x_wconf 83' lang='lat' dir='ltr'><strong>Tbn.</strong></span> <span class='ocrx_word' id='word_1_214' title='bbox 1281 2284 1313 2328; x_wconf 84' lang='lat' dir='ltr'><strong>et</strong></span> <span class='ocrx_word' id='word_1_215' title='bbox 1332 2293 1370 2329; x_wconf 85' lang='lat' dir='ltr'><strong>ex</strong></span> 
     </span>
     <span class='ocr_line' id='line_1_25' title="bbox 213 2348 938 2414; baseline -0.003 -10"><span class='ocrx_word' id='word_1_216' title='bbox 213 2351 358 2404; x_wconf 81' lang='lat' dir='ltr'><strong>sententia</strong></span> <span class='ocrx_word' id='word_1_217' title='bbox 405 2349 589 2414; x_wconf 76' lang='lat' dir='ltr'><strong>.Hermanni</strong></span> <span class='ocrx_word' id='word_1_218' title='bbox 606 2349 627 2400; x_wconf 94' lang='lat' dir='ltr'><strong>l.</strong></span> <span class='ocrx_word' id='word_1_219' title='bbox 648 2365 673 2400; x_wconf 91' lang='lat' dir='ltr'><strong>c.</strong></span> <span class='ocrx_word' id='word_1_220' title='bbox 694 2348 824 2402; x_wconf 88' lang='lat' dir='ltr'><strong>Nobbius</strong></span> <span class='ocrx_word' id='word_1_221' title='bbox 843 2348 938 2402; x_wconf 84' lang='lat' dir='ltr'><strong>dedit:</strong></span> 
     </span>
    </p>

    <p class='ocr_par' dir='ltr' id='par_1_11' title="bbox 380 2415 1327 2488">
     <span class='ocr_line' id='line_1_26' title="bbox 380 2415 1327 2488; baseline -0.004 -15"><span class='ocrx_word' id='word_1_222' title='bbox 380 2421 515 2473; x_wconf 82' lang='lat' dir='ltr'><strong>eummdm</strong></span> <span class='ocrx_word' id='word_1_223' title='bbox 533 2437 594 2473; x_wconf 86' lang='lat' dir='ltr'><strong>rem</strong></span> <span class='ocrx_word' id='word_1_224' title='bbox 609 2421 728 2488; x_wconf 75' lang='lat' dir='ltr'><strong>perfecit</strong></span> <span class='ocrx_word' id='word_1_225' title='bbox 747 2435 856 2486; x_wconf 78' lang='lat' dir='ltr'><strong>manas,</strong></span> <span class='ocrx_word' id='word_1_226' title='bbox 873 2416 1013 2488; x_wconf 70' lang='lat' dir='ltr'><strong>praestem</strong></span> <span class='ocrx_word' id='word_1_227' title='bbox 1030 2415 1153 2474; x_wconf 67' lang='lat' dir='ltr'><strong>restituit</strong></span> <span class='ocrx_word' id='word_1_228' title='bbox 1170 2415 1327 2472; x_wconf 78' lang='lat' dir='ltr'><strong>iettdniens.</strong></span> 
     </span>
    </p>

    <p class='ocr_par' dir='ltr' id='par_1_12' title="bbox 112 2489 1372 2774">
     <span class='ocr_line' id='line_1_27' title="bbox 112 2489 1369 2562; baseline -0.005 -16"><span class='ocrx_word' id='word_1_229' title='bbox 112 2556 114 2562; x_wconf 19' lang='lat' dir='ltr'><strong><em>s</em></strong></span> <span class='ocrx_word' id='word_1_230' title='bbox 215 2492 381 2546; x_wconf 77' lang='lat' dir='ltr'><strong>Godlllar&#39;b.</strong></span> <span class='ocrx_word' id='word_1_231' title='bbox 396 2492 482 2545; x_wconf 88' lang='lat' dir='ltr'><strong>habet</strong></span> <span class='ocrx_word' id='word_1_232' title='bbox 498 2491 646 2560; x_wconf 72' lang='lat' dir='ltr'><strong>perficit</strong></span> <span class='ocrx_word' id='word_1_233' title='bbox 665 2494 809 2546; x_wconf 85' lang='lat' dir='ltr'><strong>Marias</strong></span> <span class='ocrx_word' id='word_1_234' title='bbox 824 2509 869 2561; x_wconf 86' lang='lat' dir='ltr'><strong>pr.</strong></span> <span class='ocrx_word' id='word_1_235' title='bbox 885 2498 950 2549; x_wconf 80' lang='lat' dir='ltr'><strong>rest.</strong></span> <span class='ocrx_word' id='word_1_236' title='bbox 971 2491 1081 2547; x_wconf 83' lang='lat' dir='ltr'><strong>Gudl.</strong></span> <span class='ocrx_word' id='word_1_237' title='bbox 1099 2489 1232 2559; x_wconf 70' lang='lat' dir='ltr'><strong>perficit</strong></span> <span class='ocrx_word' id='word_1_238' title='bbox 1249 2503 1369 2554; x_wconf 71' lang='lat' dir='ltr'><strong>maus.</strong></span> 
     </span>
     <span class='ocr_line' id='line_1_28' title="bbox 217 2559 1372 2632; baseline -0.003 -15"><span class='ocrx_word' id='word_1_239' title='bbox 217 2563 292 2618; x_wconf 87' lang='lat' dir='ltr'><strong>Gud.</strong></span> <span class='ocrx_word' id='word_1_240' title='bbox 313 2567 338 2619; x_wconf 88' lang='grc'><strong>2.</strong></span> <span class='ocrx_word' id='word_1_241' title='bbox 367 2581 501 2617; x_wconf 75' lang='lat' dir='ltr'><strong>cumaeam</strong></span> <span class='ocrx_word' id='word_1_242' title='bbox 526 2563 658 2632; x_wconf 74' lang='lat' dir='ltr'><strong>perficit</strong></span> <span class='ocrx_word' id='word_1_243' title='bbox 684 2564 774 2629; x_wconf 81' lang='lat' dir='ltr'><strong>majo</strong></span> <span class='ocrx_word' id='word_1_244' title='bbox 802 2562 915 2624; x_wconf 85' lang='lat' dir='ltr'><strong>(omisso</strong></span> <span class='ocrx_word' id='word_1_245' title='bbox 934 2563 1012 2628; x_wconf 87' lang='lat' dir='ltr'><strong>rem)</strong></span> <span class='ocrx_word' id='word_1_246' title='bbox 1027 2567 1074 2631; x_wconf 63' lang='lat' dir='ltr'><strong>pm</strong></span> <span class='ocrx_word' id='word_1_247' title='bbox 1093 2568 1160 2615; x_wconf 80' lang='lat' dir='ltr'><strong>rect.</strong></span> <span class='ocrx_word' id='word_1_248' title='bbox 1184 2559 1276 2615; x_wconf 82' lang='lat' dir='ltr'><strong>Rehd.</strong></span> <span class='ocrx_word' id='word_1_249' title='bbox 1297 2576 1372 2613; x_wconf 83' lang='lat' dir='ltr'><strong>sam·</strong></span> 
     </span>
     <span class='ocr_line' id='line_1_29' title="bbox 216 2631 1369 2705; baseline -0.005 -18"><span class='ocrx_word' id='word_1_250' title='bbox 216 2651 291 2689; x_wconf 89' lang='lat' dir='ltr'><strong>mam</strong></span> <span class='ocrx_word' id='word_1_251' title='bbox 313 2634 471 2705; x_wconf 68' lang='lat' dir='ltr'><strong>perfecit</strong></span> <span class='ocrx_word' id='word_1_252' title='bbox 494 2647 564 2686; x_wconf 87' lang='lat' dir='ltr'><strong>rem</strong></span> <span class='ocrx_word' id='word_1_253' title='bbox 587 2649 698 2686; x_wconf 82' lang='lat' dir='ltr'><strong>manas</strong></span> <span class='ocrx_word' id='word_1_254' title='bbox 718 2650 765 2703; x_wconf 82' lang='lat' dir='ltr'><strong>pr.</strong></span> <span class='ocrx_word' id='word_1_255' title='bbox 789 2640 857 2686; x_wconf 84' lang='lat' dir='ltr'><strong>rest.</strong></span> <span class='ocrx_word' id='word_1_256' title='bbox 881 2636 967 2689; x_wconf 89' lang='lat' dir='ltr'><strong>Bern.</strong></span> <span class='ocrx_word' id='word_1_257' title='bbox 989 2636 1063 2702; x_wconf 75' lang='lat' dir='ltr'><strong>perf.</strong></span> <span class='ocrx_word' id='word_1_258' title='bbox 1087 2647 1208 2686; x_wconf 79' lang='lat' dir='ltr'><strong>manae.</strong></span> <span class='ocrx_word' id='word_1_259' title='bbox 1239 2631 1369 2692; x_wconf 64' lang='lat' dir='ltr'><strong>Edd.,P.</strong></span> 
     </span>
     <span class='ocr_line' id='line_1_30' title="bbox 216 2703 1369 2774; baseline -0.003 -17"><span class='ocrx_word' id='word_1_260' title='bbox 216 2708 287 2760; x_wconf 86' lang='lat' dir='ltr'><strong>Ven.</strong></span> <span class='ocrx_word' id='word_1_261' title='bbox 308 2726 336 2760; x_wconf 89' lang='lat' dir='ltr'><strong>n.</strong></span> <span class='ocrx_word' id='word_1_262' title='bbox 361 2722 475 2760; x_wconf 79' lang='lat' dir='ltr'><strong>manas</strong></span> <span class='ocrx_word' id='word_1_263' title='bbox 497 2721 545 2774; x_wconf 86' lang='lat' dir='ltr'><strong>pr.</strong></span> <span class='ocrx_word' id='word_1_264' title='bbox 566 2711 651 2757; x_wconf 83' lang='lat' dir='ltr'><strong>rest.</strong></span> <span class='ocrx_word' id='word_1_265' title='bbox 672 2703 726 2762; x_wconf 80' lang='lat' dir='ltr'><strong>ins.</strong></span> <span class='ocrx_word' id='word_1_266' title='bbox 745 2704 808 2756; x_wconf 88' lang='lat' dir='ltr'><strong>Asc.</strong></span> <span class='ocrx_word' id='word_1_267' title='bbox 822 2710 844 2761; x_wconf 91' lang='lat' dir='ltr'><strong>l.</strong></span> <span class='ocrx_word' id='word_1_268' title='bbox 864 2708 937 2773; x_wconf 75' lang='lat' dir='ltr'><strong>perf.</strong></span> <span class='ocrx_word' id='word_1_269' title='bbox 957 2706 1104 2760; x_wconf 82' lang='lat' dir='ltr'><strong>Marius</strong></span> <span class='ocrx_word' id='word_1_270' title='bbox 1119 2721 1165 2773; x_wconf 87' lang='lat' dir='ltr'><strong>pr.</strong></span> <span class='ocrx_word' id='word_1_271' title='bbox 1186 2719 1289 2772; x_wconf 81' lang='lat' dir='ltr'><strong>qaum</strong></span> <span class='ocrx_word' id='word_1_272' title='bbox 1305 2708 1369 2754; x_wconf 81' lang='lat' dir='ltr'><strong>rest.</strong></span> 
     </span>
    </p>

    <p class='ocr_par' dir='ltr' id='par_1_13' title="bbox 129 2771 1371 2987">
     <span class='ocr_line' id='line_1_31' title="bbox 129 2771 1370 2847; baseline -0.011 -9"><span class='ocrx_word' id='word_1_273' title='bbox 129 2830 135 2838; x_wconf 70' lang='grc'>,</span> <span class='ocrx_word' id='word_1_274' title='bbox 217 2779 309 2832; x_wconf 78' lang='lat' dir='ltr'><strong>insen.</strong></span> <span class='ocrx_word' id='word_1_275' title='bbox 327 2778 400 2830; x_wconf 83' lang='lat' dir='ltr'><strong>Edd.</strong></span> <span class='ocrx_word' id='word_1_276' title='bbox 420 2781 453 2828; x_wconf 87' lang='grc' dir='ltr'><strong>Α.</strong></span> <span class='ocrx_word' id='word_1_277' title='bbox 472 2776 504 2828; x_wconf 87' lang='grc' dir='ltr'><strong>Β.</strong></span> <span class='ocrx_word' id='word_1_278' title='bbox 525 2775 553 2829; x_wconf 91' lang='lat' dir='ltr'><strong>S.</strong></span> <span class='ocrx_word' id='word_1_279' title='bbox 573 2777 606 2828; x_wconf 85' lang='lat' dir='ltr'><strong>E.</strong></span> <span class='ocrx_word' id='word_1_280' title='bbox 628 2775 659 2828; x_wconf 81' lang='lat' dir='ltr'><strong>G.</strong></span> <span class='ocrx_word' id='word_1_281' title='bbox 677 2777 711 2828; x_wconf 88' lang='lat' dir='ltr'><strong>V.</strong></span> <span class='ocrx_word' id='word_1_282' title='bbox 732 2776 809 2829; x_wconf 76' lang='lat' dir='ltr'><strong>Cam.</strong></span> <span class='ocrx_word' id='word_1_283' title='bbox 833 2777 914 2828; x_wconf 88' lang='lat' dir='ltr'><strong>Juut.</strong></span> <span class='ocrx_word' id='word_1_284' title='bbox 941 2777 1008 2831; x_wconf 88' lang='lat' dir='ltr'><strong>Rob.</strong></span> <span class='ocrx_word' id='word_1_285' title='bbox 1034 2775 1134 2847; x_wconf 89' lang='lat' dir='ltr'><strong>Steph.</strong></span> <span class='ocrx_word' id='word_1_286' title='bbox 1160 2773 1285 2830; x_wconf 88' lang='lat' dir='ltr'><strong>HWolf.</strong></span> <span class='ocrx_word' id='word_1_287' title='bbox 1306 2771 1370 2825; x_wconf 82' lang='lat' dir='ltr'><strong>Ald.</strong></span> 
     </span>
     <span class='ocr_line' id='line_1_32' title="bbox 215 2842 1371 2918; baseline -0.005 -17"><span class='ocrx_word' id='word_1_288' title='bbox 215 2849 298 2903; x_wconf 90' lang='lat' dir='ltr'><strong>Boul.</strong></span> <span class='ocrx_word' id='word_1_289' title='bbox 318 2849 382 2902; x_wconf 87' lang='lat' dir='ltr'><strong>Car.</strong></span> <span class='ocrx_word' id='word_1_290' title='bbox 402 2847 500 2916; x_wconf 84' lang='lat' dir='ltr'><strong>steph.</strong></span> <span class='ocrx_word' id='word_1_291' title='bbox 520 2846 611 2902; x_wconf 69' lang='lat' dir='ltr'><strong>Leod.</strong></span> <span class='ocrx_word' id='word_1_292' title='bbox 626 2847 704 2918; x_wconf 81' lang='lat' dir='ltr'><strong>sylb.</strong></span> <span class='ocrx_word' id='word_1_293' title='bbox 732 2863 870 2914; x_wconf 83' lang='lat' dir='ltr'><strong>manus,</strong></span> <span class='ocrx_word' id='word_1_294' title='bbox 896 2865 942 2915; x_wconf 84' lang='lat' dir='ltr'><strong>pr.</strong></span> <span class='ocrx_word' id='word_1_295' title='bbox 971 2865 1064 2917; x_wconf 80' lang='lat' dir='ltr'><strong>quum</strong></span> <span class='ocrx_word' id='word_1_296' title='bbox 1086 2852 1156 2900; x_wconf 78' lang='lat' dir='ltr'><strong>reat.</strong></span> <span class='ocrx_word' id='word_1_297' title='bbox 1184 2842 1236 2900; x_wconf 72' lang='lat' dir='ltr'><strong>iris.</strong></span> <span class='ocrx_word' id='word_1_298' title='bbox 1259 2842 1314 2898; x_wconf 78' lang='lat' dir='ltr'><strong>Et.</strong></span> <span class='ocrx_word' id='word_1_299' title='bbox 1334 2845 1371 2896; x_wconf 86' lang='lat' dir='ltr'><strong>lt.</strong></span> 
     </span>
     <span class='ocr_line' id='line_1_33' title="bbox 216 2916 1370 2987; baseline -0.005 -15"><span class='ocrx_word' id='word_1_300' title='bbox 216 2935 318 2973; x_wconf 82' lang='lat' dir='ltr'><strong>manu</strong></span> <span class='ocrx_word' id='word_1_301' title='bbox 343 2936 389 2987; x_wconf 86' lang='lat' dir='ltr'><strong>pr.</strong></span> <span class='ocrx_word' id='word_1_302' title='bbox 418 2934 462 2985; x_wconf 79' lang='lat' dir='ltr'><strong>qa.</strong></span> <span class='ocrx_word' id='word_1_303' title='bbox 488 2924 553 2971; x_wconf 85' lang='lat' dir='ltr'><strong>rest.</strong></span> <span class='ocrx_word' id='word_1_304' title='bbox 581 2916 645 2983; x_wconf 72' lang='lat' dir='ltr'><strong>ins,</strong></span> <span class='ocrx_word' id='word_1_305' title='bbox 670 2918 742 2972; x_wconf 85' lang='lat' dir='ltr'><strong>Edd.</strong></span> <span class='ocrx_word' id='word_1_306' title='bbox 762 2918 854 2974; x_wconf 86' lang='lat' dir='ltr'><strong>Gebh.</strong></span> <span class='ocrx_word' id='word_1_307' title='bbox 875 2918 960 2971; x_wconf 86' lang='lat' dir='ltr'><strong>Verb.</strong></span> <span class='ocrx_word' id='word_1_308' title='bbox 980 2921 1051 2974; x_wconf 82' lang='lat' dir='ltr'><strong>Ern.</strong></span> <span class='ocrx_word' id='word_1_309' title='bbox 1071 2918 1163 2971; x_wconf 90' lang='lat' dir='ltr'><strong>Nobb.</strong></span> <span class='ocrx_word' id='word_1_310' title='bbox 1190 2931 1300 2981; x_wconf 76' lang='lat' dir='ltr'><strong>manus,</strong></span> <span class='ocrx_word' id='word_1_311' title='bbox 1325 2931 1370 2982; x_wconf 84' lang='lat' dir='ltr'><strong>pr.</strong></span> 
     </span>
    </p>
   </div>
   <div class='ocr_carea' id='block_1_5' title="bbox 82 2989 1355 3064">
    <p class='ocr_par' dir='ltr' id='par_1_14' title="bbox 82 2989 1355 3064">
     <span class='ocr_line' id='line_1_34' title="bbox 82 2989 1355 3064; baseline -0.005 -19"><span class='ocrx_word' id='word_1_312' title='bbox 82 3054 89 3061; x_wconf 14' lang='grc' dir='ltr'>ἡ</span> <span class='ocrx_word' id='word_1_313' title='bbox 218 2997 287 3045; x_wconf 84' lang='lat' dir='ltr'><strong>rest.</strong></span> <span class='ocrx_word' id='word_1_314' title='bbox 307 2989 363 3043; x_wconf 80' lang='lat' dir='ltr'><strong>iae.</strong></span> <span class='ocrx_word' id='word_1_315' title='bbox 384 2989 619 3059; x_wconf 10' lang='lat' dir='ltr'><strong>quoy-verborum</strong></span> <span class='ocrx_word' id='word_1_316' title='bbox 631 2989 731 3042; x_wconf 87' lang='lat' dir='ltr'><strong>ordine</strong></span> <span class='ocrx_word' id='word_1_317' title='bbox 750 2989 861 3064; x_wconf 80' lang='lat' dir='ltr'><strong>legitur</strong></span> <span class='ocrx_word' id='word_1_318' title='bbox 880 2990 911 3042; x_wconf 94' lang='lat' dir='ltr'><strong>in</strong></span> <span class='ocrx_word' id='word_1_319' title='bbox 930 2990 1014 3044; x_wconf 87' lang='lat' dir='ltr'><strong>Godd.</strong></span> <span class='ocrx_word' id='word_1_320' title='bbox 1034 2993 1097 3044; x_wconf 89' lang='lat' dir='ltr'><strong>fere</strong></span> <span class='ocrx_word' id='word_1_321' title='bbox 1116 2989 1255 3042; x_wconf 88' lang='lat' dir='ltr'><strong>omnibus.</strong></span> <span class='ocrx_word' id='word_1_322' title='bbox 1292 2989 1355 3042; x_wconf 87' lang='lat' dir='ltr'><strong>Mr.</strong></span> 
     </span>
    </p>
   </div>
   <div class='ocr_carea' id='block_1_6' title="bbox 127 3071 1375 3651">
    <p class='ocr_par' dir='ltr' id='par_1_15' title="bbox 127 3071 1373 3222">
     <span class='ocr_line' id='line_1_35' title="bbox 243 3071 1371 3151; baseline -0.004 -18"><span class='ocrx_word' id='word_1_323' title='bbox 243 3071 245 3080; x_wconf 75' lang='lat'>&#39;</span> <span class='ocrx_word' id='word_1_324' title='bbox 288 3097 351 3151; x_wconf 89' lang='lat' dir='ltr'><strong>cap.</strong></span> <span class='ocrx_word' id='word_1_325' title='bbox 370 3081 414 3135; x_wconf 86' lang='grc'><strong>24.</strong></span> <span class='ocrx_word' id='word_1_326' title='bbox 450 3078 585 3131; x_wconf 84' lang='lat' dir='ltr'><strong>Dicamus</strong></span> <span class='ocrx_word' id='word_1_327' title='bbox 613 3078 705 3144; x_wconf 81' lang='lat' dir='ltr'><strong>igitur</strong></span> <span class='ocrx_word' id='word_1_328' title='bbox 728 3079 823 3132; x_wconf 81' lang='lat' dir='ltr'><strong>utilem</strong></span> <span class='ocrx_word' id='word_1_329' title='bbox 847 3077 1026 3144; x_wconf 77' lang='lat' dir='ltr'><strong>insaniamt]</strong></span> <span class='ocrx_word' id='word_1_330' title='bbox 1063 3080 1141 3134; x_wconf 82' lang='lat' dir='ltr'><strong>Haec</strong></span> <span class='ocrx_word' id='word_1_331' title='bbox 1165 3078 1255 3132; x_wconf 83' lang='lat' dir='ltr'><strong>verba</strong></span> <span class='ocrx_word' id='word_1_332' title='bbox 1277 3075 1371 3148; x_wconf 85' lang='lat' dir='ltr'><strong>priori</strong></span> 
     </span>
     <span class='ocr_line' id='line_1_36' title="bbox 127 3150 1373 3222; baseline -0.005 -17"><span class='ocrx_word' id='word_1_333' title='bbox 127 3151 138 3163; x_wconf 80' lang='lat'><strong><em>‘</em></strong></span> <span class='ocrx_word' id='word_1_334' title='bbox 217 3152 307 3222; x_wconf 85' lang='lat' dir='ltr'><strong>capiti</strong></span> <span class='ocrx_word' id='word_1_335' title='bbox 325 3150 456 3204; x_wconf 86' lang='lat' dir='ltr'><strong>adiunxit</strong></span> <span class='ocrx_word' id='word_1_336' title='bbox 473 3150 555 3214; x_wconf 89' lang='lat' dir='ltr'><strong>Dav.‚</strong></span> <span class='ocrx_word' id='word_1_337' title='bbox 574 3157 638 3219; x_wconf 89' lang='lat' dir='ltr'><strong>post</strong></span> <span class='ocrx_word' id='word_1_338' title='bbox 655 3151 800 3213; x_wconf 73' lang='lat' dir='ltr'><strong>insaniens</strong></span> <span class='ocrx_word' id='word_1_339' title='bbox 818 3151 904 3203; x_wconf 92' lang='lat' dir='ltr'><strong>colon</strong></span> <span class='ocrx_word' id='word_1_340' title='bbox 922 3152 1025 3222; x_wconf 86' lang='lat' dir='ltr'><strong>posuit.</strong></span> <span class='ocrx_word' id='word_1_341' title='bbox 1062 3151 1098 3206; x_wconf 90' lang='lat' dir='ltr'><strong>ln</strong></span> <span class='ocrx_word' id='word_1_342' title='bbox 1116 3150 1184 3203; x_wconf 71' lang='lat' dir='ltr'><strong>Codt</strong></span> <span class='ocrx_word' id='word_1_343' title='bbox 1202 3152 1278 3202; x_wconf 86' lang='lat' dir='ltr'><strong>lllon.</strong></span> <span class='ocrx_word' id='word_1_344' title='bbox 1297 3151 1323 3203; x_wconf 87' lang='grc'><strong>2.</strong></span> <span class='ocrx_word' id='word_1_345' title='bbox 1344 3155 1373 3200; x_wconf 89' lang='lat' dir='ltr'><strong>et</strong></span> 
     </span>
    </p>

    <p class='ocr_par' dir='ltr' id='par_1_16' title="bbox 161 3219 1151 3292">
     <span class='ocr_line' id='line_1_37' title="bbox 161 3219 1151 3292; baseline -0.003 -16"><span class='ocrx_word' id='word_1_346' title='bbox 161 3264 163 3269; x_wconf 47' lang='lat'><em>2</em></span> <span class='ocrx_word' id='word_1_347' title='bbox 215 3241 273 3276; x_wconf 89' lang='lat' dir='ltr'><strong>uno</strong></span> <span class='ocrx_word' id='word_1_348' title='bbox 293 3224 343 3276; x_wconf 86' lang='lat' dir='ltr'><strong>Ox.</strong></span> <span class='ocrx_word' id='word_1_349' title='bbox 365 3231 407 3275; x_wconf 88' lang='lat' dir='ltr'><strong>est</strong></span> <span class='ocrx_word' id='word_1_350' title='bbox 425 3219 573 3274; x_wconf 84' lang='lat' dir='ltr'><strong>dicemus.</strong></span> <span class='ocrx_word' id='word_1_351' title='bbox 595 3221 669 3274; x_wconf 88' lang='lat' dir='ltr'><strong>Gud.</strong></span> <span class='ocrx_word' id='word_1_352' title='bbox 689 3221 774 3274; x_wconf 84' lang='lat' dir='ltr'><strong>habet</strong></span> <span class='ocrx_word' id='word_1_353' title='bbox 792 3236 861 3288; x_wconf 82' lang='lat' dir='ltr'><strong>ergo</strong></span> <span class='ocrx_word' id='word_1_354' title='bbox 879 3238 933 3292; x_wconf 87' lang='lat' dir='ltr'><strong>pro</strong></span> <span class='ocrx_word' id='word_1_355' title='bbox 950 3222 1052 3290; x_wconf 83' lang='lat' dir='ltr'><strong>igitar.</strong></span> <span class='ocrx_word' id='word_1_356' title='bbox 1089 3222 1151 3275; x_wconf 85' lang='lat' dir='ltr'><strong>Mr.</strong></span> 
     </span>
    </p>

    <p class='ocr_par' dir='ltr' id='par_1_17' title="bbox 165 3290 1372 3513">
     <span class='ocr_line' id='line_1_38' title="bbox 165 3290 1371 3360; baseline -0.003 -13"><span class='ocrx_word' id='word_1_357' title='bbox 165 3301 168 3304; x_wconf 82' lang='grc'><strong>“</strong></span> <span class='ocrx_word' id='word_1_358' title='bbox 291 3295 394 3347; x_wconf 83' lang='lat' dir='ltr'><strong>Tracta</strong></span> <span class='ocrx_word' id='word_1_359' title='bbox 420 3292 603 3358; x_wconf 82' lang='lat' dir='ltr'><strong>definitiones</strong></span> <span class='ocrx_word' id='word_1_360' title='bbox 628 3291 840 3358; x_wconf 66' lang='lat' dir='ltr'><strong>tortitudinist]</strong></span> <span class='ocrx_word' id='word_1_361' title='bbox 867 3293 947 3360; x_wconf 85' lang='lat' dir='ltr'><strong>„Pal</strong></span> <span class='ocrx_word' id='word_1_362' title='bbox 975 3301 1045 3346; x_wconf 89' lang='lat' dir='ltr'><strong>tert.</strong></span> <span class='ocrx_word' id='word_1_363' title='bbox 1066 3297 1161 3345; x_wconf 85' lang='lat' dir='ltr'><strong>tracta</strong></span> <span class='ocrx_word' id='word_1_364' title='bbox 1186 3290 1371 3358; x_wconf 71' lang='lat' dir='ltr'><strong>definitione.</strong></span> 
     </span>
     <span class='ocr_line' id='line_1_39' title="bbox 216 3362 1372 3430; baseline -0.002 -12"><span class='ocrx_word' id='word_1_365' title='bbox 216 3363 299 3418; x_wconf 78' lang='lat' dir='ltr'><strong>Fabr.</strong></span> <span class='ocrx_word' id='word_1_366' title='bbox 330 3371 407 3419; x_wconf 86' lang='lat' dir='ltr'><strong>tata</strong></span> <span class='ocrx_word' id='word_1_367' title='bbox 435 3363 642 3429; x_wconf 80' lang='lat' dir='ltr'><strong>definitione.“</strong></span> <span class='ocrx_word' id='word_1_368' title='bbox 671 3362 753 3417; x_wconf 77' lang='lat' dir='ltr'><strong>Getis.</strong></span> <span class='ocrx_word' id='word_1_369' title='bbox 790 3364 871 3430; x_wconf 84' lang='lat' dir='ltr'><strong>„Ed</strong></span> <span class='ocrx_word' id='word_1_370' title='bbox 898 3381 961 3417; x_wconf 86' lang='lat' dir='ltr'><strong>mea</strong></span> <span class='ocrx_word' id='word_1_371' title='bbox 981 3372 1040 3416; x_wconf 86' lang='lat' dir='ltr'><strong>vet.</strong></span> <span class='ocrx_word' id='word_1_372' title='bbox 1068 3363 1155 3416; x_wconf 85' lang='lat' dir='ltr'><strong>habet</strong></span> <span class='ocrx_word' id='word_1_373' title='bbox 1182 3362 1372 3430; x_wconf 74' lang='lat' dir='ltr'><strong>definitione,</strong></span> 
     </span>
     <span class='ocr_line' id='line_1_40' title="bbox 215 3432 1087 3513; baseline -0.005 -23"><span class='ocrx_word' id='word_1_374' title='bbox 215 3438 285 3513; x_wconf 81' lang='lat' dir='ltr'><strong>Reg.</strong></span> <span class='ocrx_word' id='word_1_375' title='bbox 305 3435 373 3489; x_wconf 80' lang='lat' dir='ltr'><strong>eoa.</strong></span> <span class='ocrx_word' id='word_1_376' title='bbox 394 3434 595 3499; x_wconf 74' lang='lat' dir='ltr'><strong>definitiones.-</strong></span> <span class='ocrx_word' id='word_1_377' title='bbox 615 3453 687 3504; x_wconf 83' lang='lat' dir='ltr'><strong>quae</strong></span> <span class='ocrx_word' id='word_1_378' title='bbox 705 3435 793 3488; x_wconf 89' lang='lat' dir='ltr'><strong>lectio</strong></span> <span class='ocrx_word' id='word_1_379' title='bbox 811 3452 881 3488; x_wconf 86' lang='lat' dir='ltr'><strong>vera</strong></span> <span class='ocrx_word' id='word_1_380' title='bbox 899 3434 974 3489; x_wconf 87' lang='lat' dir='ltr'><strong>est.“</strong></span> <span class='ocrx_word' id='word_1_381' title='bbox 996 3432 1087 3488; x_wconf 77' lang='lat' dir='ltr'><strong>Boua.</strong></span> 
     </span>
    </p>

    <p class='ocr_par' dir='ltr' id='par_1_18' title="bbox 216 3503 1375 3651">
     <span class='ocr_line' id='line_1_41' title="bbox 290 3503 1375 3582; baseline -0.003 -23"><span class='ocrx_word' id='word_1_382' title='bbox 290 3508 393 3560; x_wconf 86' lang='lat' dir='ltr'><strong>Tracta</strong></span> <span class='ocrx_word' id='word_1_383' title='bbox 411 3504 604 3570; x_wconf 87' lang='lat' dir='ltr'><strong>definitiones]</strong></span> <span class='ocrx_word' id='word_1_384' title='bbox 639 3505 688 3559; x_wconf 90' lang='lat' dir='ltr'><strong>Sic</strong></span> <span class='ocrx_word' id='word_1_385' title='bbox 706 3515 786 3560; x_wconf 86' lang='lat' dir='ltr'><strong>recte</strong></span> <span class='ocrx_word' id='word_1_386' title='bbox 803 3506 950 3559; x_wconf 86' lang='lat' dir='ltr'><strong>Pithoean.</strong></span> <span class='ocrx_word' id='word_1_387' title='bbox 972 3515 1001 3559; x_wconf 92' lang='lat' dir='ltr'><strong>et</strong></span> <span class='ocrx_word' id='word_1_388' title='bbox 1018 3505 1088 3582; x_wconf 64' lang='lat' dir='ltr'><strong>Re‘g.</strong></span> <span class='ocrx_word' id='word_1_389' title='bbox 1108 3522 1174 3558; x_wconf 88' lang='lat' dir='ltr'><strong>nam</strong></span> <span class='ocrx_word' id='word_1_390' title='bbox 1187 3504 1291 3559; x_wconf 85' lang='lat' dir='ltr'><strong>Cicero</strong></span> <span class='ocrx_word' id='word_1_391' title='bbox 1308 3503 1375 3576; x_wconf 87' lang='lat' dir='ltr'><strong>plu-</strong></span> 
     </span>
     <span class='ocr_line' id='line_1_42' title="bbox 216 3575 1225 3651; baseline -0.003 -19"><span class='ocrx_word' id='word_1_392' title='bbox 216 3596 262 3633; x_wconf 87' lang='lat' dir='ltr'><strong>res</strong></span> <span class='ocrx_word' id='word_1_393' title='bbox 281 3578 463 3632; x_wconf 87' lang='lat' dir='ltr'><strong>definitiones</strong></span> <span class='ocrx_word' id='word_1_394' title='bbox 482 3578 578 3630; x_wconf 88' lang='lat' dir='ltr'><strong>statim</strong></span> <span class='ocrx_word' id='word_1_395' title='bbox 597 3577 722 3632; x_wconf 84' lang='lat' dir='ltr'><strong>subiicit.</strong></span> <span class='ocrx_word' id='word_1_396' title='bbox 760 3578 854 3651; x_wconf 80' lang='lat' dir='ltr'><strong>Vulgo</strong></span> <span class='ocrx_word' id='word_1_397' title='bbox 875 3576 1072 3645; x_wconf 76' lang='lat' dir='ltr'><strong>definitionem.</strong></span> <span class='ocrx_word' id='word_1_398' title='bbox 1109 3575 1147 3629; x_wconf 87' lang='lat' dir='ltr'><strong>D.</strong></span> <span class='ocrx_word' id='word_1_399' title='bbox 1221 3595 1225 3600; x_wconf 64' lang='lat'><strong><em>⁴</em></strong></span> 
     </span>
    </p>
   </div>
   <div class='ocr_carea' id='block_1_7' title="bbox 103 3659 1375 4506">
    <p class='ocr_par' dir='ltr' id='par_1_19' title="bbox 288 3659 1374 3736">
     <span class='ocr_line' id='line_1_43' title="bbox 288 3659 1374 3736; baseline -0.006 -14"><span class='ocrx_word' id='word_1_400' title='bbox 288 3666 510 3735; x_wconf 79' lang='lat' dir='ltr'><strong>definitionem]</strong></span> <span class='ocrx_word' id='word_1_401' title='bbox 547 3665 616 3731; x_wconf 86' lang='lat' dir='ltr'><strong>„Sic</strong></span> <span class='ocrx_word' id='word_1_402' title='bbox 636 3669 782 3736; x_wconf 64' lang='lat' dir='ltr'><strong>capram,</strong></span> <span class='ocrx_word' id='word_1_403' title='bbox 801 3669 851 3734; x_wconf 70' lang='lat'><strong>472</strong></span> <span class='ocrx_word' id='word_1_404' title='bbox 879 3669 1005 3733; x_wconf 80' lang='lat' dir='ltr'><strong>definitio</strong></span> <span class='ocrx_word' id='word_1_405' title='bbox 1029 3663 1262 3736; x_wconf 71' lang='lat' dir='ltr'><strong>perturbationis,</strong></span> <span class='ocrx_word' id='word_1_406' title='bbox 1289 3659 1374 3717; x_wconf 86' lang='lat' dir='ltr'><strong>cuius</strong></span> 
     </span>
    </p>

    <p class='ocr_par' dir='ltr' id='par_1_20' title="bbox 103 3734 1375 3812">
     <span class='ocr_line' id='line_1_44' title="bbox 103 3734 1375 3812; baseline -0.006 -19"><span class='ocrx_word' id='word_1_407' title='bbox 103 3779 108 3787; x_wconf 76' lang='grc'><strong>.</strong></span> <span class='ocrx_word' id='word_1_408' title='bbox 214 3740 296 3793; x_wconf 88' lang='lat' dir='ltr'><strong>varia</strong></span> <span class='ocrx_word' id='word_1_409' title='bbox 320 3738 450 3807; x_wconf 81' lang='lat' dir='ltr'><strong>exempla</strong></span> <span class='ocrx_word' id='word_1_410' title='bbox 475 3745 645 3788; x_wconf 88' lang='lat' dir='ltr'><strong>tractantur.</strong></span> <span class='ocrx_word' id='word_1_411' title='bbox 689 3738 791 3805; x_wconf 91' lang='lat' dir='ltr'><strong>Neque</strong></span> <span class='ocrx_word' id='word_1_412' title='bbox 819 3738 912 3812; x_wconf 73' lang='lat' dir='ltr'><strong>igitur</strong></span> <span class='ocrx_word' id='word_1_413' title='bbox 942 3755 1011 3808; x_wconf 87' lang='lat' dir='ltr'><strong>opus</strong></span> <span class='ocrx_word' id='word_1_414' title='bbox 1040 3737 1221 3807; x_wconf 82' lang='lat' dir='ltr'><strong>correctione</strong></span> <span class='ocrx_word' id='word_1_415' title='bbox 1244 3734 1375 3788; x_wconf 86' lang='lat' dir='ltr'><strong>Bentleii</strong></span> 
     </span>
    </p>

    <p class='ocr_par' dir='ltr' id='par_1_21' title="bbox 183 3805 1375 3876">
     <span class='ocr_line' id='line_1_45' title="bbox 183 3805 1375 3876; baseline -0.005 -12"><span class='ocrx_word' id='word_1_416' title='bbox 183 3855 195 3873; x_wconf 79' lang='lat'><strong>,</strong></span> <span class='ocrx_word' id='word_1_417' title='bbox 217 3807 436 3876; x_wconf 79' lang='lat' dir='ltr'><strong>definitionee.“</strong></span> <span class='ocrx_word' id='word_1_418' title='bbox 453 3807 563 3859; x_wconf 85' lang='lat' dir='ltr'><strong>Nissen.</strong></span> <span class='ocrx_word' id='word_1_419' title='bbox 594 3808 660 3859; x_wconf 92' lang='lat' dir='ltr'><strong>Non</strong></span> <span class='ocrx_word' id='word_1_420' title='bbox 678 3809 806 3860; x_wconf 82' lang='lat' dir='ltr'><strong>correxit</strong></span> <span class='ocrx_word' id='word_1_421' title='bbox 814 3809 961 3862; x_wconf 88' lang='lat' dir='ltr'><strong>Bentleius</strong></span> <span class='ocrx_word' id='word_1_422' title='bbox 976 3810 1155 3873; x_wconf 84' lang='lat' dir='ltr'><strong>Ciceronem,</strong></span> <span class='ocrx_word' id='word_1_423' title='bbox 1168 3805 1223 3861; x_wconf 63' lang='lat' dir='ltr'><strong>&#39;sed</strong></span> <span class='ocrx_word' id='word_1_424' title='bbox 1242 3807 1375 3876; x_wconf 70' lang='lat' dir='ltr'><strong>ex&#39;opti-</strong></span> 
     </span>
    </p>

    <p class='ocr_par' dir='ltr' id='par_1_22' title="bbox 216 3876 1374 3950">
     <span class='ocr_line' id='line_1_46' title="bbox 216 3876 1374 3950; baseline -0.003 -18"><span class='ocrx_word' id='word_1_425' title='bbox 216 3897 264 3932; x_wconf 87' lang='lat' dir='ltr'><strong>mo</strong></span> <span class='ocrx_word' id='word_1_426' title='bbox 282 3880 357 3931; x_wconf 89' lang='lat' dir='ltr'><strong>libro</strong></span> <span class='ocrx_word' id='word_1_427' title='bbox 377 3878 523 3930; x_wconf 88' lang='lat' dir='ltr'><strong>Ciceronis</strong></span> <span class='ocrx_word' id='word_1_428' title='bbox 542 3895 659 3928; x_wconf 80' lang='lat' dir='ltr'><strong>manum</strong></span> <span class='ocrx_word' id='word_1_429' title='bbox 677 3877 821 3934; x_wconf 84' lang='lat' dir='ltr'><strong>restituit:</strong></span> <span class='ocrx_word' id='word_1_430' title='bbox 836 3880 922 3949; x_wconf 86' lang='lat' dir='ltr'><strong>isque</strong></span> <span class='ocrx_word' id='word_1_431' title='bbox 940 3881 1099 3950; x_wconf 86' lang='lat' dir='ltr'><strong>sequendus</strong></span> <span class='ocrx_word' id='word_1_432' title='bbox 1117 3880 1184 3933; x_wconf 87' lang='lat' dir='ltr'><strong>fuit.</strong></span> <span class='ocrx_word' id='word_1_433' title='bbox 1221 3876 1374 3930; x_wconf 88' lang='lat' dir='ltr'><strong>Accedunt</strong></span> 
     </span>
    </p>

    <p class='ocr_par' dir='ltr' id='par_1_23' title="bbox 124 3947 1372 4024">
     <span class='ocr_line' id='line_1_47' title="bbox 124 3947 1372 4024; baseline -0.004 -20"><span class='ocrx_word' id='word_1_434' title='bbox 124 4010 127 4016; x_wconf 28' lang='lat'><strong>¹</strong></span> <span class='ocrx_word' id='word_1_435' title='bbox 169 3948 171 3953; x_wconf 62' lang='grc'>’</span> <span class='ocrx_word' id='word_1_436' title='bbox 215 3950 301 4006; x_wconf 88' lang='lat' dir='ltr'><strong>Codd.</strong></span> <span class='ocrx_word' id='word_1_437' title='bbox 316 3949 403 4003; x_wconf 77' lang='lat' dir='ltr'><strong>&#39;Gud.</strong></span> <span class='ocrx_word' id='word_1_438' title='bbox 422 3951 448 4002; x_wconf 92' lang='lat' dir='ltr'><strong>l.</strong></span> <span class='ocrx_word' id='word_1_439' title='bbox 474 3948 547 4020; x_wconf 82' lang='lat' dir='ltr'><strong>Aug.</strong></span> <span class='ocrx_word' id='word_1_440' title='bbox 573 3947 656 3998; x_wconf 87' lang='lat' dir='ltr'><strong>Bern.</strong></span> <span class='ocrx_word' id='word_1_441' title='bbox 682 3957 711 4000; x_wconf 86' lang='lat' dir='ltr'><strong>et</strong></span> <span class='ocrx_word' id='word_1_442' title='bbox 734 3967 823 4024; x_wconf 81' lang='lat' dir='ltr'><strong>marg.</strong></span> <span class='ocrx_word' id='word_1_443' title='bbox 847 3952 900 4005; x_wconf 89' lang='lat' dir='ltr'><strong>Ed.</strong></span> <span class='ocrx_word' id='word_1_444' title='bbox 927 3952 1002 4004; x_wconf 78' lang='lat' dir='ltr'><strong>Crat.</strong></span> <span class='ocrx_word' id='word_1_445' title='bbox 1029 3951 1101 4004; x_wconf 83' lang='lat' dir='ltr'><strong>Edd.</strong></span> <span class='ocrx_word' id='word_1_446' title='bbox 1129 3950 1203 4004; x_wconf 82' lang='lat' dir='ltr'><strong>Lali.</strong></span> <span class='ocrx_word' id='word_1_447' title='bbox 1222 3949 1372 4004; x_wconf 78' lang='lat' dir='ltr'><strong>FAWolt.</strong></span> 
     </span>
    </p>

    <p class='ocr_par' dir='ltr' id='par_1_24' title="bbox 215 4018 1372 4096">
     <span class='ocr_line' id='line_1_48' title="bbox 215 4018 1372 4096; baseline 0.003 -24"><span class='ocrx_word' id='word_1_448' title='bbox 215 4021 301 4077; x_wconf 77' lang='lat' dir='ltr'><strong>Sella.</strong></span> <span class='ocrx_word' id='word_1_449' title='bbox 321 4022 368 4076; x_wconf 89' lang='lat' dir='ltr'><strong>Or.</strong></span> <span class='ocrx_word' id='word_1_450' title='bbox 389 4018 498 4089; x_wconf 87' lang='lat' dir='ltr'><strong>quibus</strong></span> <span class='ocrx_word' id='word_1_451' title='bbox 521 4018 626 4088; x_wconf 87' lang='lat' dir='ltr'><strong>praeiit</strong></span> <span class='ocrx_word' id='word_1_452' title='bbox 653 4019 723 4070; x_wconf 88' lang='lat' dir='ltr'><strong>Dav.</strong></span> <span class='ocrx_word' id='word_1_453' title='bbox 750 4021 872 4096; x_wconf 77' lang='lat' dir='ltr'><strong>Legitur</strong></span> <span class='ocrx_word' id='word_1_454' title='bbox 899 4029 992 4076; x_wconf 85' lang='lat' dir='ltr'><strong>tracta</strong></span> <span class='ocrx_word' id='word_1_455' title='bbox 1020 4020 1180 4087; x_wconf 79' lang='lat' dir='ltr'><strong>definitione</strong></span> <span class='ocrx_word' id='word_1_456' title='bbox 1203 4021 1235 4072; x_wconf 91' lang='lat' dir='ltr'><strong>in</strong></span> <span class='ocrx_word' id='word_1_457' title='bbox 1262 4020 1317 4086; x_wconf 82' lang='lat' dir='ltr'><strong>Ed.</strong></span> <span class='ocrx_word' id='word_1_458' title='bbox 1343 4021 1372 4075; x_wconf 82' lang='lat' dir='ltr'><strong>P.</strong></span> 
     </span>
    </p>

    <p class='ocr_par' dir='ltr' id='par_1_25' title="bbox 216 4089 1373 4163">
     <span class='ocr_line' id='line_1_49' title="bbox 216 4089 1373 4163; baseline 0 -19"><span class='ocrx_word' id='word_1_459' title='bbox 216 4093 302 4148; x_wconf 84' lang='lat' dir='ltr'><strong>Godd.</strong></span> <span class='ocrx_word' id='word_1_460' title='bbox 323 4092 451 4162; x_wconf 86' lang='lat' dir='ltr'><strong>quinque</strong></span> <span class='ocrx_word' id='word_1_461' title='bbox 470 4090 540 4143; x_wconf 81' lang='lat' dir='ltr'><strong>Oxx.</strong></span> <span class='ocrx_word' id='word_1_462' title='bbox 561 4089 633 4142; x_wconf 88' lang='lat' dir='ltr'><strong>Gud.</strong></span> <span class='ocrx_word' id='word_1_463' title='bbox 654 4092 678 4144; x_wconf 85' lang='grc'><strong>2.</strong></span> <span class='ocrx_word' id='word_1_464' title='bbox 700 4092 786 4145; x_wconf 83' lang='lat' dir='ltr'><strong>Marb.</strong></span> <span class='ocrx_word' id='word_1_465' title='bbox 807 4095 927 4163; x_wconf 46' lang='lat' dir='ltr'><strong>Monffl.</strong></span> <span class='ocrx_word' id='word_1_466' title='bbox 947 4097 973 4149; x_wconf 91' lang='grc'><strong>2.</strong></span> <span class='ocrx_word' id='word_1_467' title='bbox 1003 4094 1091 4147; x_wconf 85' lang='lat' dir='ltr'><strong>Rehd.</strong></span> <span class='ocrx_word' id='word_1_468' title='bbox 1115 4095 1185 4158; x_wconf 87' lang='lat' dir='ltr'><strong>(al.</strong></span> <span class='ocrx_word' id='word_1_469' title='bbox 1206 4091 1258 4158; x_wconf 90' lang='lat' dir='ltr'><strong>m.)</strong></span> <span class='ocrx_word' id='word_1_470' title='bbox 1279 4091 1373 4155; x_wconf 83' lang='lat' dir='ltr'><strong>Gud.;</strong></span> 
     </span>
    </p>

    <p class='ocr_par' dir='ltr' id='par_1_26' title="bbox 143 4159 1372 4232">
     <span class='ocr_line' id='line_1_50' title="bbox 143 4159 1372 4232; baseline -0.003 -12"><span class='ocrx_word' id='word_1_471' title='bbox 143 4196 167 4232; x_wconf 53' lang='lat'><strong>⁴.</strong></span> <span class='ocrx_word' id='word_1_472' title='bbox 216 4170 355 4220; x_wconf 79' lang='lat' dir='ltr'><strong>tractata</strong></span> <span class='ocrx_word' id='word_1_473' title='bbox 377 4160 537 4228; x_wconf 70' lang='lat' dir='ltr'><strong>definitione</strong></span> <span class='ocrx_word' id='word_1_474' title='bbox 566 4159 746 4228; x_wconf 74' lang='lat' dir='ltr'><strong>fortitudinis</strong></span> <span class='ocrx_word' id='word_1_475' title='bbox 769 4162 913 4231; x_wconf 81' lang='lat' dir='ltr'><strong>intelliges</strong></span> <span class='ocrx_word' id='word_1_476' title='bbox 940 4165 972 4216; x_wconf 88' lang='lat' dir='ltr'><strong>in</strong></span> <span class='ocrx_word' id='word_1_477' title='bbox 995 4182 1053 4217; x_wconf 90' lang='lat' dir='ltr'><strong>uno</strong></span> <span class='ocrx_word' id='word_1_478' title='bbox 1078 4166 1128 4218; x_wconf 78' lang='lat' dir='ltr'><strong>Ox.</strong></span> <span class='ocrx_word' id='word_1_479' title='bbox 1154 4162 1252 4215; x_wconf 91' lang='lat' dir='ltr'><strong>Duisb.</strong></span> <span class='ocrx_word' id='word_1_480' title='bbox 1280 4162 1372 4216; x_wconf 79' lang='lat' dir='ltr'><strong>Ilehd.</strong></span> 
     </span>
    </p>

    <p class='ocr_par' dir='ltr' id='par_1_27' title="bbox 153 4233 1374 4303">
     <span class='ocr_line' id='line_1_51' title="bbox 153 4233 1374 4303; baseline 0.002 -17"><span class='ocrx_word' id='word_1_481' title='bbox 153 4255 155 4259; x_wconf 92' lang='lat'>·</span> <span class='ocrx_word' id='word_1_482' title='bbox 217 4238 245 4303; x_wconf 81' lang='lat' dir='ltr'><strong>(a</strong></span> <span class='ocrx_word' id='word_1_483' title='bbox 262 4239 288 4293; x_wconf 81' lang='grc'><strong>2.</strong></span> <span class='ocrx_word' id='word_1_484' title='bbox 309 4233 360 4299; x_wconf 83' lang='lat' dir='ltr'><strong>m.)</strong></span> <span class='ocrx_word' id='word_1_485' title='bbox 378 4234 449 4287; x_wconf 85' lang='lat' dir='ltr'><strong>Edd.</strong></span> <span class='ocrx_word' id='word_1_486' title='bbox 470 4235 498 4285; x_wconf 81' lang='lat'><strong>1³.</strong></span> <span class='ocrx_word' id='word_1_487' title='bbox 518 4234 548 4286; x_wconf 90' lang='grc' dir='ltr'><strong>Β.</strong></span> <span class='ocrx_word' id='word_1_488' title='bbox 570 4233 597 4288; x_wconf 87' lang='lat' dir='ltr'><strong>S.</strong></span> <span class='ocrx_word' id='word_1_489' title='bbox 618 4233 652 4286; x_wconf 85' lang='lat' dir='ltr'><strong>E.</strong></span> <span class='ocrx_word' id='word_1_490' title='bbox 673 4234 703 4287; x_wconf 84' lang='lat' dir='ltr'><strong>G.</strong></span> <span class='ocrx_word' id='word_1_491' title='bbox 723 4235 793 4286; x_wconf 89' lang='lat' dir='ltr'><strong>Ven.</strong></span> <span class='ocrx_word' id='word_1_492' title='bbox 813 4240 903 4287; x_wconf 83' lang='lat' dir='ltr'><strong>nostr.</strong></span> <span class='ocrx_word' id='word_1_493' title='bbox 923 4237 1003 4288; x_wconf 85' lang='lat' dir='ltr'><strong>Junt.</strong></span> <span class='ocrx_word' id='word_1_494' title='bbox 1023 4236 1088 4288; x_wconf 84' lang='lat' dir='ltr'><strong>Asc.</strong></span> <span class='ocrx_word' id='word_1_495' title='bbox 1110 4237 1191 4301; x_wconf 73' lang='lat'><strong>1.2.,·</strong></span> <span class='ocrx_word' id='word_1_496' title='bbox 1211 4240 1309 4287; x_wconf 85' lang='lat' dir='ltr'><strong>tracta</strong></span> <span class='ocrx_word' id='word_1_497' title='bbox 1327 4235 1374 4288; x_wconf 78' lang='lat' dir='ltr'><strong>de·</strong></span> 
     </span>
    </p>

    <p class='ocr_par' dir='ltr' id='par_1_28' title="bbox 213 4304 1375 4378">
     <span class='ocr_line' id='line_1_52' title="bbox 213 4304 1375 4378; baseline -0.002 -16"><span class='ocrx_word' id='word_1_498' title='bbox 213 4309 367 4375; x_wconf 73' lang='lat' dir='ltr'><strong>finitionem</strong></span> <span class='ocrx_word' id='word_1_499' title='bbox 393 4307 425 4357; x_wconf 90' lang='lat' dir='ltr'><strong>in</strong></span> <span class='ocrx_word' id='word_1_500' title='bbox 448 4304 540 4367; x_wconf 85' lang='lat' dir='ltr'><strong>tribus</strong></span> <span class='ocrx_word' id='word_1_501' title='bbox 569 4305 639 4356; x_wconf 84' lang='lat' dir='ltr'><strong>Oxx.</strong></span> <span class='ocrx_word' id='word_1_502' title='bbox 675 4305 760 4357; x_wconf 83' lang='lat' dir='ltr'><strong>vind.</strong></span> <span class='ocrx_word' id='word_1_503' title='bbox 782 4311 804 4361; x_wconf 86' lang='lat' dir='ltr'><strong>l·</strong></span> <span class='ocrx_word' id='word_1_504' title='bbox 825 4308 850 4360; x_wconf 75' lang='lat'><strong>2.</strong></span> <span class='ocrx_word' id='word_1_505' title='bbox 883 4306 1034 4375; x_wconf 88' lang='lat' dir='ltr'><strong>(quantum</strong></span> <span class='ocrx_word' id='word_1_506' title='bbox 1052 4307 1168 4378; x_wconf 88' lang='lat' dir='ltr'><strong>quidem</strong></span> <span class='ocrx_word' id='word_1_507' title='bbox 1186 4324 1222 4360; x_wconf 81' lang='lat' dir='ltr'><strong>ex</strong></span> <span class='ocrx_word' id='word_1_508' title='bbox 1241 4305 1375 4360; x_wconf 88' lang='lat' dir='ltr'><strong>collatio-</strong></span> 
     </span>
    </p>

    <p class='ocr_par' dir='ltr' id='par_1_29' title="bbox 128 4373 1371 4506">
     <span class='ocr_line' id='line_1_53' title="bbox 128 4373 1371 4506; baseline -0.002 -74"><span class='ocrx_word' id='word_1_509' title='bbox 128 4445 132 4451; x_wconf 94' lang='lat'><strong>.</strong></span> <span class='ocrx_word' id='word_1_510' title='bbox 213 4399 285 4506; x_wconf 55' lang='lat' dir='ltr'><strong>qum</strong></span> <span class='ocrx_word' id='word_1_511' title='bbox 308 4377 427 4505; x_wconf 54' lang='lat' dir='ltr'><strong>silim</strong></span> <span class='ocrx_word' id='word_1_512' title='bbox 451 4375 590 4450; x_wconf 80' lang='lat' dir='ltr'><strong>colligere</strong></span> <span class='ocrx_word' id='word_1_513' title='bbox 613 4373 700 4441; x_wconf 86' lang='lat' dir='ltr'><strong>licet)</strong></span> <span class='ocrx_word' id='word_1_514' title='bbox 728 4384 757 4431; x_wconf 87' lang='lat' dir='ltr'><strong>et</strong></span> <span class='ocrx_word' id='word_1_515' title='bbox 775 4376 846 4432; x_wconf 85' lang='lat' dir='ltr'><strong>Edd.</strong></span> <span class='ocrx_word' id='word_1_516' title='bbox 867 4377 999 4448; x_wconf 86' lang='lat' dir='ltr'><strong>reliquis,</strong></span> <span class='ocrx_word' id='word_1_517' title='bbox 1025 4379 1073 4432; x_wconf 89' lang='lat' dir='ltr'><strong>vel</strong></span> <span class='ocrx_word' id='word_1_518' title='bbox 1097 4377 1262 4434; x_wconf 87' lang='lat' dir='ltr'><strong>novissimis</strong></span> <span class='ocrx_word' id='word_1_519' title='bbox 1281 4377 1371 4435; x_wconf 86' lang='lat' dir='ltr'><strong>Nobb.</strong></span> 
     </span>
     <span class='ocr_line' id='line_1_54' title="bbox 240 4453 1119 4505; baseline -0.001 0"><span class='ocrx_word' id='word_1_520' title='bbox 240 4453 286 4505; x_wconf 92' lang='lat' dir='ltr'><strong>bn.</strong></span> <span class='ocrx_word' id='word_1_521' title='bbox 361 4467 385 4504; x_wconf 90' lang='lat' dir='ltr'><strong>r.</strong></span> <span class='ocrx_word' id='word_1_522' title='bbox 742 4467 748 4484; x_wconf 90' lang='lat'><strong>·</strong></span> <span class='ocrx_word' id='word_1_523' title='bbox 1117 4466 1119 4471; x_wconf 78' lang='grc'>’</span> 
     </span>
    </p>
   </div>
   <div class='ocr_carea' id='block_1_8' title="bbox 0 0 1433 5070">
    <p class='ocr_par' dir='ltr' id='par_1_30' title="bbox 0 0 1433 5070">
     <span class='ocr_line' id='line_1_55' title="bbox 0 0 1433 5070; baseline 0 0"><span class='ocrx_word' id='word_1_524' title='bbox 0 0 1433 5070; x_wconf 95' lang='lat' dir='ltr'><strong> </strong></span> 
     </span>
    </p>
   </div>
  </div>
 </body>
</html>
