2842 5070
202 306 245 372 os
308 306 309 310 ‘
412 281 909 389 o1a'ruomsrasounau.
931 240 1161 366 mererer.

203 480 294 534 stans
316 477 350 531 et
372 466 485 530 divina
507 469 681 550 sapientia,
704 475 738 529 et
758 475 930 548 perceptas
952 469 1084 548 penitus
1111 475 1144 526 et
1172 475 1356 546 pertracta-

101 613 103 617 ,
202 560 253 613 tas
275 571 329 614 res
350 551 510 612 humanas
522 551 660 612 habere:
678 551 761 610 nihil
784 549 955 624 admirari,
969 568 1044 608 cum
1063 546 1240 609 acciderit:
1259 550 1357 629 nihil,

202 639 378 714 antequam
401 634 564 709 evenerit,
585 652 652 692 non
674 633 809 693 evenire
831 650 926 711 posse
947 631 1118 692 arbitrari.

369 715 573 785 Quamobrem
595 715 705 791 ommis,
732 733 825 793 paam
845 710 1001 809 seedpdae
1023 733 1072 774 ree
1103 725 1178 774 aaut
1204 710 1355 792 maxume,

797 808 859 856 tam
880 815 1018 855 maxume
1046 863 1051 879 .

366 875 537 956 Meditari,
559 898 660 941 seeum
681 876 821 958 opertet,
845 898 907 958 qao
922 887 1027 955 pacto
1049 874 1214 940 aduersam
1236 899 1354 941 aeram-

796 959 865 1020 ma'm
892 961 1012 1039 ferant.

365 1040 504 1118 Pericle,
528 1043 657 1122 damam·
677 1041 815 1124 pe'regre
833 1044 956 1104 rediens
977 1041 1098 1120 se'mper
1116 1061 1217 1104 serrem
1231 1041 1354 1122 migitet

393 1172 1005 1181 -——---.--—-—-.—---———-—-
1008 1174 1024 1179 -
1027 1169 1171 1180 —0-——⁴-

201 1232 327 1302 reptas.“
362 1232 417 1285 Est
435 1233 515 1284 locus
535 1233 566 1283 in
586 1232 729 1301 Crepund.
749 1248 778 1300 p.
798 1235 860 1286 330.
884 1231 971 1283 Abest
990 1230 1065 1282 illud
1085 1235 1110 1281 et
1128 1238 1194 1282 ante
1212 1237 1355 1296 perceptae

202 1305 271 1358 eod.
291 1302 380 1357 Rchd.
399 1304 434 1355 ab
453 1301 526 1355 Edd.
545 1305 581 1357 M.
602 1305 633 1355 12.
655 1302 735 1372 sylb.
764 1304 844 1354 Boul.
873 1303 953 1354 Brut.
976 1301 1038 1353 Car.
1059 1299 1158 1369 Steph.
1179 1300 1267 1354 Goth.
1287 1303 1352 1354 Ald.

203 1374 276 1428 oliv.
296 1374 370 1426 Lall.
391 1374 470 1439 Quod
488 1383 584 1426 autem
604 1376 710 1426 attinet
727 1371 762 1426 ad
781 1373 855 1425 illud
873 1379 1061 1441 praeceptae,
1080 1372 1116 1423 de
1132 1387 1164 1423 eo
1177 1373 1248 1424 lirn.
1267 1372 1354 1426 haec:

202 1448 278 1511 „Pro
301 1453 441 1510 perceptae
465 1443 536 1496 bene
562 1452 722 1511 praeceptae
753 1443 887 1496 Davisius
915 1442 1070 1507 [videlicet
1099 1459 1164 1493 curn
1189 1442 1294 1508 Gebh,
1322 1445 1354 1496 in

200 1516 254 1569 Ed.
275 1516 330 1580 l.].
352 1533 417 1567 nam
436 1518 569 1566 refertur
586 1514 642 1566 boe
669 1515 703 1567 ad
721 1515 918 1585 provisionem
938 1513 1039 1575 animi,
1066 1530 1151 1580 quam
1169 1512 1268 1582 paullo
1288 1523 1355 1576 ante

201 1587 285 1639 dixit.
311 1586 494 1638 Burmannus
523 1587 610 1637 etiam
637 1585 750 1638 volebat
781 1591 1015 1650 praenudatae,
1045 1585 1185 1651 probante
1216 1582 1352 1638 Buherio.
1417 1603 1419 1608 ·

200 1655 255 1711 Sed
280 1656 310 1708 id
338 1673 451 1708 necesse
478 1672 536 1708 non
565 1656 638 1707 est.“
674 1656 714 1708 Ut
739 1657 773 1709 ad
797 1656 941 1722 posterius
957 1655 1091 1723 ‘primum
1119 1654 1352 1721 respondeamus,

190 1736 283 1781 recte
310 1726 487 1780 FAWolfius
521 1727 552 1777 in
587 1726 696 1778 scholis
726 1726 898 1779 vocabulum
922 1723 1139 1778 Tertullianum
1171 1741 1186 1776 e
1214 1725 1354 1779 Cicerone

197 1797 321 1851 'exaitare
339 1797 411 1848 vult.
441 1797 525 1862 Prius
544 1805 650 1860 autem,
668 1796 938 1864 praeceptos‚'non
956 1804 1016 1846 tam
1035 1795 1153 1846 mireris
1173 1794 1363 1849 aGebbardo

201 1868 233 1920 in
252 1867 427 1937 crepundiis
452 1868 684 1920 commendatum
712 1884 782 1933 esse,
798 1867 923 1950 'quippe
949 1862 1000 1950 riui
1027 1863 1113 1946 haud·
1133 1881 1199 1917 raro
1219 1866 1352 1932 somniat,

201 1937 1354 2077 tlt.tl..i{¹¹tt.t.tltlt”tls..tt.tt⁸‘t..t1⁰.⁵l¹¹.t.tttttittlttti

200 2096 267 2132 nean
287 2080 391 2132 docere
408 2078 547 2146 potuerit.
587 2077 725 2131 Getarum
752 2078 864 2150 legitur
888 2082 1071 2142 praeceptae
1097 2077 1127 2127 in
1152 2076 1263 2144 aliquot
1281 2077 1352 2134 Oxx.

201 2149 233 2201 in
251 2165 310 2201 uno
328 2150 491 2215 praeceptis.
512 2149 611 2204 Duisb.
631 2148 717 2201 habet
737 2155 762 2199 et
778 2154 965 2212 pertractatas
981 2147 1093 2211 penitas.
1125 2145 1238 2215 Scripsi
1256 2155 1353 2202 autem

202 2235 267 2272 eum
292 2220 363 2271 Dav.
391 2234 436 2270 rea
459 2219 587 2272 dumanas
610 2236 664 2287 pro
692 2219 819 2270 dumanas
842 2233 886 2269 rea
913 2235 948 2270 ex
967 2217 1054 2269 Codd.
1074 2216 1143 2290 Reg.
1164 2215 1352 2282 (sinedubio)

203 2289 277 2344 Gud.
300 2295 323 2344 1.
343 2293 367 2344 2.
388 2288 461 2363 Aug.
481 2289 569 2340 Marb.
590 2288 663 2340 Gud.
683 2288 773 2344 Rehd.
791 2287 877 2339 Vind.
897 2291 921 2342 2.
950 2290 1067 2354 Mamb-
1105 2288 1164 2343 Mr.

272 2358 343 2410 uiuit
360 2359 514 2424 admirar·r'‚]
545 2359 612 2411 Cod.
634 2360 709 2412 Gud.
730 2365 753 2415 l.
774 2358 922 2422 ammirari,
951 2367 984 2410 ut
1002 2357 1127 2410 scribere
1146 2357 1256 2411 solebat
1273 2359 1355 2413 Beie-

200 2429 342 2550 ΜΕΝ
360 2431 532 2482 sententiam
550 2430 609 2482 vid.
638 2430 817 2501 interpretes
841 2429 956 2482 Horatii
981 2429 1015 2480 ad
1039 2428 1143 2486 tritum
1161 2426 1247 2497 illud,
1267 2428 1355 2500 ¹quod

201 2507 243 2554 ast
314 2500 361 2553 ist.
380 2501 403 2552 1.
424 2504 449 2555 6.
470 2505 494 2554 l.

292 2517 312 2570 P
366 2571 419 2623 ,Nil
429 2570 571 2623 'admirare'
586 2587 669 2638 prope
686 2587 731 2623 res
753 2578 793 2622 eat
811 2586 873 2635 aaa,
897 2569 1015 2634 Numici,

367 2641 493 2708 Solaque,
521 2657 586 2708 quae
603 2642 690 2707 possit
709 2643 800 2706 faeere
821 2648 847 2693 et
866 2657 975 2693 seruare
994 2641 1105 2692 beatam.

200 2708 236 2766 In
261 2730 340 2783 seqq.
371 2711 438 2765 Ood.
467 2711 542 2788 Aug.
568 2711 655 2767 habet
675 2712 747 2764 nitet
769 2727 835 2764 com
862 2718 1008 2779 autequam.
1049 2709 1123 2763 Tum
1148 2714 1225 2764 blau.
1252 2715 1280 2767 2.
1303 2727 1355 2764 aaa

201 2785 309 2836 eeeas‘re
332 2800 392 2835 aaa
408 2798 496 2850 posse.
533 2784 592 2836 Mr.

273 2855 444 2909 Quamobrem
462 2853 556 2919 ommis]
594 2855 710 2930 Longus
730 2861 773 2907 est
790 2853 825 2906 ad
842 2853 872 2904 h.
892 2853 912 2904 l.
933 2851 1106 2905 Bouhierius
1124 2853 1156 2904 in
1174 2852 1354 2908 restituendo

200 2923 257 2977 hoe
284 2924 348 2978 loco
367 2925 542 2977 Terentiano
568 2926 618 2978 vel
643 2926 741 2993 potius
767 2922 992 2992 corrumpendo,
1020 2939 1087 2974 euin
1106 2923 1175 2976 inde
1192 2923 1354 2978 trochaicus

201 2997 366 3049 octonarios
387 3004 560 3063 extorquere
580 2995 662 3048 velit.
685 2994 764 3060 Quod
784 2995 939 3047 consilium
959 3009 1025 3045 curn
1043 2993 1131 3062 plane
1149 2994 1270 3045 irritum
1287 2997 1355 3048 fue·

200 3066 252 3130 rit,
271 3066 408 3119 omittere
428 3068 490 3118 eius
506 3067 743 3135 disputationem,
770 3065 902 3134 quamvis
921 3080 1069 3134 operosam
1096 3072 1125 3117 et
1144 3064 1211 3117 satis
1230 3063 1353 3132 doctam,

202 3138 292 3190 satius
319 3138 398 3188 duxi.
434 3136 478 3188 Ad
498 3138 671 3189 sententiam
690 3138 766 3189 conf.
785 3134 995 3206 Wyttenbacb.
1017 3134 1052 3187 ad
1069 3133 1219 3189 Plutarchi
1235 3134 1352 3192 Consol.

200 3206 236 3260 ad
252 3208 325 3278 App.
347 3208 381 3259 T.
401 3208 439 3258 ll.
459 3225 487 3276 p.
507 3210 551 3262 67.
578 3207 621 3260 ed.
641 3208 720 3276 Lips.
757 3212 814 3260 Mr.

272 3279 441 3333 Quamobrem
467 3276 569 3341 amaea]
606 3277 727 3331 lambiei
753 3285 822 3330 sunt
849 3277 993 3330 octonarii
1020 3293 1056 3328 ex
1073 3275 1207 3330 Terentii
1230 3273 1351 3329 Phorm.

200 3350 263 3416 Act.
285 3348 322 3400 11.
343 3347 387 3400 Sc.
408 3348 488 3412 1,11.
513 3348 664 3418 desumpti.
701 3348 741 3407 D.
772 3346 777 3374 l
955 3361 958 3364 ’
1170 3395 1173 3400 .

216 3444 218 3448 ·
271 3418 363 3480 omnis,
389 3433 462 3485 qaam
489 3420 619 3470 secuadae
644 3435 689 3471 rea
714 3425 774 3471 suat
801 3417 945 3484 maxuma]
981 3418 1055 3473 Gud.
1074 3420 1100 3471 2.
1129 3417 1241 3470 omittit
1259 3415 1352 3472 omm'e.

200 3487 288 3540 Marb·
307 3487 394 3541 habet
413 3486 507 3556 quibas
524 3505 579 3559 pra
599 3505 679 3553 quam.
705 3488 803 3542 Duisb.
829 3488 915 3547 habet
932 3506 976 3542 res
993 3489 1135 3541 arenariae.
1172 3487 1218 3540 Ad
1234 3506 1263 3544 v.
1290 3493 1354 3541 aaut

200 3574 328 3622 mxuma,
347 3565 398 3611 tam
416 3575 533 3612 maxume
552 3558 734 3614 Gebhardus:
764 3561 835 3625 ¹„lta
858 3561 933 3611 Vict.
954 3562 1106 3612 Manutius
1122 3560 1195 3628 Nep.
1214 3558 1285 3611 Pall.
1304 3575 1351 3627 pr.

202 3647 258 3686 sec.
278 3631 373 3699 quint.
410 3631 490 3682 Alias
515 3637 567 3683 tam
594 3630 705 3681 maxime
728 3628 832 3684 defit.“
868 3630 922 3683 Pro
945 3639 1005 3682 auat
1025 3630 1093 3683 Cod.
1115 3629 1203 3681 Vind.
1223 3631 1250 3684 2.
1276 3631 1352 3693 riuat,

200 3701 233 3822 {n
256 3718 348 3781 marg.
376 3704 511 3823 albeum}
532 3701 939 3826 ³P⁰⁵<tjf1¹fft1vib⁰⁸t1mssmfze
962 3719 979 3753 a
1007 3702 1075 3824 Ctpld.
1102 3701 1176 3822 ligem
1196 3698 1355 3822 tEAEIerpa

212 3787 252 3823 um
270 3786 382 3822 maxume
426 3789 496 3826 esan
534 3789 566 3822 m
617 3786 633 3822 o
675 3809 681 3820 .
731 3787 776 3823 on.
817 3808 823 3822 .
870 3790 940 3823 urs.
1007 3790 1022 3824 a
1057 3787 1091 3824 or
1130 3787 1194 3835 xxa
1293 3812 1299 3825 .
1342 3805 1351 3821 .

200 3841 234 3893 A.
244 3841 276 3894 B.
287 3841 314 3894 S.
331 3839 365 3892 E.
384 3842 414 3894 C.
426 3841 516 3892 dunt.
537 3841 604 3892 Ven.
626 3849 715 3894 nostr.
736 3842 799 3894 Asc.
822 3846 846 3896 l.
867 3845 893 3896 2.
913 3789 1067 3896 cumq'and.
1087 3842 1162 3899 illan.
1183 3842 1208 3893 2.
1227 3842 1351 3906 faciunt,

201 3927 267 3964 cum
286 3912 495 3982 posterioribus
515 3909 595 3962 Boul.
616 3918 645 3964 et
663 3910 772 3964 Sturm.
811 3911 895 3966 Solus
914 3910 990 3967 (lod,
1004 3913 1076 3966 Gud.
1091 3915 1117 3966 2.
1138 3911 1225 3966 habet
1243 3911 1355 3965 maxime

200 3988 262 4034 tanc
278 3999 365 4034 seeum
384 3981 517 4035 meditari.
555 3980 638 4033 Vind.
658 3985 682 4036 2.
702 3981 788 4036 habet
806 3990 868 4035 tum
885 3983 1020 4036 meditari.
1050 3980 1141 4036 Rehd.
1161 3997 1249 4036 secum
1266 3981 1353 4034 medi·

201 4053 266 4105 tari.
291 4052 364 4106 Gud.
393 4068 444 4104 em.
464 4051 523 4114 '(?)
549 4052 684 4104 meditari.
728 4054 809 4107 Unus
834 4047 883 4106 Ox.
908 4055 1020 4107 amittit
1048 4060 1107 4106 tam.
1155 4052 1238 4107 Alius
1264 4051 1353 4107 habet

200 4138 352 4175 aerumnae
371 4122 427 4174 ael
451 4137 506 4190 pro
525 4136 678 4174 aerumnam
696 4124 793 4188 ferant.
816 4124 892 4181 Gud.
912 4134 941 4178 et
958 4126 1032 4199 Aug.
1052 4125 1199 4176 aduersus.
1227 4122 1301 4200 Aug.
1323 4131 1353 4176 et

201 4193 275 4248 Gud.
294 4197 500 4258 zerampaam.
519 4192 594 4244 lllon.
614 4195 639 4248 2.
660 4195 758 4259 seruat.
795 4197 855 4251 Mr.
1316 4199 1320 4206 ‘

270 4281 389 4345 Pericle,
408 4280 519 4344 damam·
536 4296 651 4348 peregre
669 4284 777 4334 rediens
795 4299 898 4350 semper
915 4293 999 4334 seeum
1019 4279 1134 4346 cogitet]
1165 4283 1248 4346 „Hoc
1264 4280 1351 4336 modo

200 4352 367 4406 rescribunt
394 4349 522 4420 quinque
549 4351 618 4404 Pall.
648 4352 737 4418 (solus
765 4362 884 4424 quartus
910 4354 983 4418 iens)
1009 4354 1093 4406 Febr.
1113 4353 1188 4406 Pith.
1227 4350 1349 4429 laedit.

77 4399 78 4402 Ἴ
113 4485 118 4491 ,
201 4422 254 4476 illa
275 4425 384 4483 forma:
