2842 5070
662 204 672 237 l

548 312 678 384 utana
697 317 759 393 111,
778 263 832 385 is.
890 273 893 277 ’
937 356 940 363 ·
1214 321 1274 390 us

124 485 238 552 audiat
258 494 356 554 voces
385 486 496 569 potius
526 504 624 567 quam
650 472 813 568 Platonis!
846 499 1002 562 expones,
1034 485 1119 565 quae
1137 490 1274 565 spectet,

193 669 284 726 αὐλῶν
307 667 452 723 hortabere
475 675 507 722 ut
534 669 630 723 audiat
652 666 742 733 eous]
778 664 850 732 „Sie
875 664 984 720 babent
1006 668 1111 720 Veneti
1140 666 1273 723 Codices:

124 739 296 794 Germanici
326 737 531 809 hydraulomm.
568 739 764 807 Antiquiores‚
795 753 980 806 quoscunque
1015 738 1087 803 vidi,
1111 735 1277 807 hydruntem

123 810 269 864 retinent:
289 826 380 879 mam,
392 817 463 893 puto
481 809 574 861 multo
589 808 778 862 sinceriorem
793 807 856 861 e'sse
874 806 1040 864 lectionem.
1058 815 1274 861 numerantem

123 878 183 933 boc
207 889 251 935 est
273 878 448 933 nobilissimi
465 877 656 932 instrumenti
674 876 789 941 musici,
813 877 895 928 cuius
915 877 1059 931 Ctesibius
1081 877 1275 931 Alexandr-ius

124 957 260 1019 repertor
277 945 521 1014 fnissmtraditnr,
540 949 581 1001 ita
598 945 747 1018 appellati,
774 946 852 1018 quod
870 945 932 1000 eius
949 946 1063 1000 fistulae
1080 947 1113 1000 ab
1132 965 1205 1017 aqua
1222 948 1276 1000 lla·

125 1017 191 1072 tum
209 1018 270 1073 acci
292 1026 383 1073 erent.
402 1036 468 1071 uam
488 1018 636 1088 inaquam
655 1017 713 1070 ima
730 1025 813 1086 parte
830 1033 929 1070 versae
948 1025 1039 1082 erant,
1058 1035 1114 1098 qua
1133 1025 1275 1070 commota
1362 1053 1366 1057 -

126 1095 157 1144 et
173 1035 340 1158 perturbata
358 1088 393 1142 ab
410 1087 628 1142 adulescentulo
647 1086 783 1158 quopiam
802 1088 833 1138 in
852 1086 905 1138 illa
923 1087 1045 1155 spiritus
1065 1087 1274 1152 effundebatur,

125 1157 178 1228 qui
197 1159 400 1212 suavissimum
419 1175 522 1212 sonum
540 1158 649 1212 edebat.
683 1157 865 1210 Describitur
882 1155 938 1208 hoc
956 1159 1173 1211 accuratissime
1191 1175 1208 1208 a
1224 1158 1274 1208 Vi-

124 1227 235 1296 trurio,
255 1236 284 1281 et
302 1229 419 1282 omnino
438 1227 523 1281 valde
541 1227 745 1282 simile·fuisss
762 1226 943 1296 perspicitur
968 1228 1004 1292 ei,
1025 1227 1101 1297 quod
1118 1244 1196 1280 nune
1222 1243 1274 1280 nos
1322 1227 1325 1231 ’

124 1299 272 1357 communi
284 1299 421 1354 omnium.
431 1299 610 1351 musicorum
624 1297 887 1349 instrumentorum
900 1312 1008 1370 genere
1027 1297 1115 1374 vulgo
1129 1297 1275 1365 Orgaunm

126 1385 142 1421 a
163 1368 317 1438 pellamus,
341 1369 401 1420 nisi
419 1368 497 1437 quod
515 1370 547 1420 in
573 1375 674 1421 nostro
696 1366 795 1418 nullus
819 1383 909 1434 aquae
927 1375 971 1417 est
996 1384 1074 1418 usus.
1113 1366 1275 1421 Athenaeus

124 1383 201 1490 libro
220 1445 322 1510 quarto
340 1441 586 1507 Auaroaopsorair
603 1436 658 1489 dili
697 1443 764 1491 nter
783 1442 812 1488 et
830 1437 892 1505 ipse
912 1435 947 1487 de
966 1437 1088 1511 coegit,
1109 1446 1138 1490 et
1157 1453 1274 1491 suavem

123 1505 339 1576 iucundumque
355 1506 511 1561 admodum
530 1523 632 1560 sonum
652 1452 738 1559 gere
755 1506 854 1558 tradit.
890 1503 1016 1556 Adducit
1040 1515 1188 1574 praeterea
1206 1508 1276 1558 Ari-

116 1578 226 1632 stoulis
244 1595 279 1631 ex
297 1577 373 1630 libro
392 1581 455 1646 περὶ
472 1583 575 1646 Χορῶν
601 1576 827 1645 disputationem
854 1575 1015 1644 mundam„
1033 1577 1112 1629 inter
1138 1593 1210 1647 quae
1229 1593 1275 1629 re-

125 1648 203 1701 terri
220 1648 323 1701 debeat
341 1649 567 1701 instrumentum
584 1645 655 1699 hoe:
675 1647 754 1698 inter
772 1651 851 1711 eane,
876 1662 949 1715 quae
967 1646 1072 1698 musici
1091 1646 1275 1715 appellabant

124 1716 288 1789 firmavere,
307 1734 344 1768 an
362 1718 441 1769 inter
455 1734 495 1782 ea,
515 1733 588 1786 quae
607 1717 702 1770 ἔνταεα
721 1715 898 1768 dicebantur.
928 1714 1001 1767 Nam
1014 1716 1083 1786 quia
1097 1733 1132 1769 ex
1150 1724 1276 1784 utroque

162 1804 233 1840 nere
248 1793 379 1840 constare
397 1787 557 1850 videbatur,
575 1784 610 1839 de
628 1784 685 1849 hoc
701 1802 805 1860 magna
823 1785 952 1853 quaestio
971 1793 1040 1838 erat.
1069 1784 1162 1838 Docet
1179 1794 1274 1840 autem

123 1803 168 1908 ibi
186 1857 242 1909 ille
254 1857 313 1910 eius
330 1858 456 1909 formam
474 1863 503 1909 et
521 1855 664 1908 nonnulla
687 1854 753 1919 alia,
772 1871 844 1923 quae
859 1855 909 1922 qui
922 1855 997 1906 seire
1012 1853 1102 1920 volet,
1117 1855 1191 1925 apud
1210 1873 1275 1908 eum

123 1926 236 1998 poterit
265 1926 293 1980 le
316 1920 410 1978 ere.“-
433 1926 579 1982 Victorius.
622 1921 742 1990 „Aeson
768 1922 922 1989 hortabere]
954 1923 1122 1994 Ὑδραύλεως
1140 1925 1286 1988 Venetif‘,

126 1997 237 2050 (lumem
277 1944 333 2061 „in
345 1996 416 2050 aliis
437 1995 524 2049 codd.
550 1995 663 2070 legitur
686 1993 860 2064 hydraulam,
878 2000 913 2045 ut
937 1995 978 2046 ita
996 1994 1205 2069 intelligantur
1229 2010 1276 2048 or·
1297 2030 1301 2036 ·

166 2085 202 2119 na
227 2067 353 2132 musica,
375 2084 448 2136 quae
473 2082 562 2137 aquae
590 2072 620 2118 et
644 2065 718 2117 airis
745 2064 932 2133 expressione
950 2064 1106 2117 melodilm
1132 2064 1274 2117 efficiant.

124 2085 352 2206 hiquibusann
378 2136 490 2212 legitur
508 2134 719 2220 hydrauleos.“
746 2134 847 2187 comm.
868 2150 995 2203 anonym.
1014 2151 1058 2202 ap.
1078 2133 1161 2188 Leod.
1181 2151 1199 2187 a
1225 2136 1273 2190 Qu.

125 2207 301 2276 „Hydreum
321 2207 413 2260 αδλῶν
430 2205 505 2260 male
527 2224 557 2257 m
577 2204 729 2273 impressis
752 2203 890 2258 hactenus
908 2203 1019 2257 lectum
1039 2213 1090 2258 est.
1124 2204 1276 2272 ὑδραύλεως
1370 2218 1374 2223 ·

125 2277 199 2330 olim
222 2275 313 2329 edidit
331 2277 487 2340 Victorius,
507 2275 600 2328 multo
620 2275 745 2329 melius:
764 2289 817 2327 nos
836 2272 969 2342 hydrauli
986 2275 1096 2327 litteris
1115 2274 1215 2328 latinis
1241 2293 1277 2328 ex

126 2343 241 2414 Gryph.
261 2344 639 2415 exemplaritexeudendum
658 2345 838 2397 curavimus:
858 2346 890 2394 in
909 2360 942 2397 eo
962 2346 1040 2398 enim
1058 2347 1211 2398 anamodo
1229 2344 1277 2398 de-

126 2416 251 2470 siderata
277 2415 381 2480 vocali,
406 2432 434 2479 a,
457 2413 573 2484 hydrals'
596 2415 716 2488 legitur.
759 2415 861 2481 Neque
887 2429 959 2466 vero
983 2413 1056 2475 baec
1079 2434 1136 2468 una
1164 2416 1276 2470 Graeca

126 2501 185 2541 vex
202 2483 278 2554 apud
295 2483 465 2539 Ciceronem
483 2484 581 2537 literis
600 2484 711 2538 Latinis
730 2485 839 2551 scripta
857 2483 1039 2536 invenitur.“
1074 2486 1186 2540 Brutus.

197 2572 356 2641 Hydrauls‘]
376 2573 517 2638 „Secutus
531 2589 595 2624 sum
613 2572 753 2625 maiorem
771 2576 885 2640 partem
903 2569 980 2623 hanc
998 2563 1174 2641 scripturam
1187 2589 1277 2647 agno·

126 2643 283 2695 scentiam.
322 2642 364 2696 ita
392 2651 450 2696 ret.
476 2641 536 2694 cod.
561 2659 614 2693 ms.
662 2639 794 2706 Suffridi,
825 2639 955 2710 Grypbii
989 2640 1076 2706 liber,
1113 2642 1178 2696 Pal.
1206 2649 1276 2695 tert.

126 2711 204 2764 Pitb.
231 2713 409 2779 HYAPAAI,
435 2719 530 2782 quart.
557 2710 676 2781 hyarals',
705 2713 799 2781 quint.
816 2715 970 2781 ΗΥΔρααι.
1006 2713 1097 2764 Vatic.
1122 2711 1289 2781 hydraulis..
1354 2722 1361 2734 ·

125 2779 221 2834 [lamb.
240 2780 395 2852 hydraulei.
415 2783 490 2835 Viet.
506 2777 682 2852 Ὑδραύλεως.
697 2777 791 2856 ΜΕ.
806 2781 929 2837 αδλαῖν.“
947 2779 1027 2834 Gehh.
1048 2783 1156 2856 „Vulg.
1175 2783 1274 2836 αὐλῶν.

126 2850 249 2905 Froben.
268 2854 371 2905 αδλοῦ·
398 2852 517 2905 Norvic.
537 2851 674 2907 Sirenum.
704 2850 743 2904 At
766 2852 800 2903 ad
820 2868 892 2916 eam,
918 2869 1003 2922 quam
1031 2853 1190 2921 sequimur,
1214 2850 1278 2974 (hp-

126 2921 242 2985 druell)
266 2923 443 2990 scripturam
469 2921 580 2973 ducunt
607 2921 742 2990 plerique
761 2920 848 2974 Codd.
874 2939 963 2975 manu
988 2920 1099 2989 eitarati
1118 2922 1162 2988 (r.
1184 2922 1245 2975 Geb
1269 2949 1293 2976 ,ι

125 2988 237 3052 annot.)
272 2990 409 3042 Testatur
427 2990 544 3059 quidem
562 2991 590 3041 P.
601 2991 758 3056 Victorius,
778 2992 958 3061 antiquiores
971 2992 1071 3058 libros,
1091 3009 1278 3063 quoscunque

124 3059 245 3124 viderit,
274 3056 428 3128 hydraulas
452 3074 560 3112 nomen
583 3060 727 3124 retinere3
760 3058 837 3131 quod
864 3061 987 3131 perinde
1016 3070 1075 3128 est3
1110 3070 1169 3116 tam
1199 3065 1277 3116 enim

126 3129 268 3200 ὕδραυλις,
288 3145 374 3199 quam
391 3126 553 3198 hydraulas,
572 3129 799 3182 instrumentum
816 3131 960 3183 musicum
978 3131 1107 3197 denotat,
1126 3133 1156 3184 in
1176 3147 1233 3201 quo

294 3229 327 3242 -
347 3229 379 3241 -
400 3230 433 3240 —
452 3203 598 3250 resonante
616 3198 665 3252 δία
685 3199 798 3251 Tritone
816 3214 928 3262 canoro,

294 3267 382 3321 Pellit
398 3285 461 3337 opes
477 3267 606 3321 collectas
624 3283 719 3338 aquae,
729 3269 877 3337 ,uictusque
887 3277 1015 3323 >moretm

291 3337 423 3407 Spiritus,
442 3345 468 3390 el
486 3340 589 3406 longas
607 3339 713 3405 emergit
730 3338 845 3390 buccina
862 3353 954 3391 voces:

294 3408 477 3477 (lumineque
498 3410 610 3474 irriguo
628 3409 729 3476 magni
745 3407 973 3462 cortinathealrs'

259 3536 261 3541 ,
292 3479 451 3546 imparibus
466 3494 609 3531 numerosa
625 3480 716 3531 modis
732 3479 809 3531 canit
825 3486 887 3531 arte
897 3480 1037 3546 regentis,

294 3548 369 3603 Quae
386 3554 491 3601 tenuem
508 3549 649 3614 inpellens
666 3550 789 3602 animam
806 3550 976 3617 subremigat
999 3550 1111 3603 undam.

126 3627 162 3672 ut
179 3617 221 3672 nit
239 3617 326 3672 Corn.
347 3616 470 3672 Severus
487 3620 521 3670 in
538 3617 630 3672 Aetna
648 3638 675 3672 v.
693 3619 756 3674 2⁹2.
793 3618 871 3672 Haee
896 3635 1005 3692 organa
1030 3617 1210 3689 descripsere
1230 3621 1296 3672 vi-·

126 3689 244 3754 trurius
261 3688 294 3743 X.
308 3690 349 3743 13.
371 3694 401 3741 et
418 3687 580 3742 Athenaeus
598 3689 653 3742 Dei
674 3704 735 3741 uos.
756 3687 1059 3745 1V.aa“Daus.in
1076 3687 1129 3741 Ed.
1142 3693 1167 3743 1.
1193 3690 1279 3761 ‚‚11y-
1321 3705 1323 3707 ’

83 3817 89 3820 ,
127 3759 225 3813 drauli
241 3759 266 3811 si
283 3757 396 3832 legitur
413 3759 445 3810 iu
471 3759 623 3813 nonnullis
650 3706 748 3823 dodo,
779 3775 867 3812 corru
888 3767 917 3813 ta
941 3768 985 3814 est
1012 3758 1143 3828 scriptio.
1182 3760 1278 3816 Latini

126 3828 207 3884 enim
226 3826 360 3881 dicebant
377 3826 525 3897 hydraule,
552 3844 612 3882 nou
629 3827 789 3899 hydraulas.
811 3777 909 3896 Quid?
922 3831 998 3897 quod
1024 3828 1096 3883 baec
1119 3845 1176 3882 vox
1196 3832 1279 3886 (lice-

126 3898 210 3951 ronis
227 3905 360 3967 tempore
378 3897 505 3951 nondum
524 3899 643 3953 videtur
659 3898 793 3953 habuisse
810 3902 936 3955 formam
954 3900 1083 3953 latinam.
1119 3900 1153 3953 ln
1172 3902 1279 3969 pleris-

127 3983 184 4033 que
193 3966 280 4020 Godd.
291 3975 360 4020 suut
370 3965 400 4018 h.
410 3967 430 4020 l.
444 3968 548 4022 literas
561 3987 690 4047 graecae,
708 3988 881 4040 quamquam
895 3978 1058 4040 corruptae.
1075 3968 1182 4046 Regius
1192 3972 1279 4026 habet

126 4038 284 4104 frArAAl.
311 4035 365 4088 Ed.
394 4053 457 4090 mea
482 4045 578 4092 vetus·
597 4038 684 4093 babet
709 4041 833 4109 spatium
861 4058 991 4106 vacuum,
1020 4041 1115 4093 literis
1140 4042 1279 4096 videlicet

127 4109 248 4162 Graecis
277 4107 461 4178 expleudum.
511 4109 660 4161 Victorius
689 4118 785 4162 autem
822 4128 889 4164 cum
916 4129 947 4165 se
976 4112 1123 4180 reperisse
1155 4119 1280 4168 testetur

127 4177 308 4248 hydrauleos,
326 4177 444 4232 videtur
461 4194 478 4228 a
497 4175 637 4231 Cicerone
654 4181 818 4248 profectum
837 4174 1018 4250 ddpnv'lengf‘
1040 4179 1173 4235 Bouhier.

200 4261 419 4335 ὑδραύλεως]
442 4263 615 4330 „Turnebus
633 4264 802 4319 Adversarr.
822 4268 894 4321 XIX.
909 4272 936 4326 5.
972 4269 1103 4322 Victoria
1122 4272 1280 4323 assentiens

128 4335 205 4420 legit
221 4334 375 4406 hydraulas
398 4334 551 4416 [hydrauli
573 4341 617 4387 est
639 4335 717 4420 apud
739 4334 907 4393 Turnebum
930 4356 959 4409 p.
988 4343 1049 4396 129.
1087 4337 1143 4392 Sed
1166 4339 1281 4392 volebat

128 4408 204 4460 Vset.
225 4405 421 4478 hydruntem}
459 4407 533 4460 Nam
557 4412 601 4458 sat
619 4420 689 4493 scio,
708 4408 817 4476 inquit,
841 4409 953 4465 Graece
972 4412 1064 4466 αὐλῶν
1081 4425 1140 4462 nou
1158 4408 1280 4479 dixisset
