2842 5070
104 344 106 348 ,
198 280 269 350 ’201
406 279 637 347 CICERONIS
659 279 906 352 muscum.
928 284 1162 396 DlSPUTAT.

205 466 351 531 quornm
370 444 407 510 id
427 449 511 510 nihil
531 448 723 526 interesset3
749 449 950 531 hominibus,
978 450 1356 534 quorum'maximc-in-

203 532 387 609 infuisset,
425 539 493 593 tam
521 533 676 618 exiguam
707 533 813 595 vitam
835 531 1006 606 vdedisscts
1035 555 1180 617 quorum
1201 539 1230 599 si
1263 547 1354 602 aetus

169 634 171 639 ¹
198 612 367 694 potuisset
389 633 460 676 esso
481 614 596 700 longin
618 615 706 691 nior,
728 618 879 677 futurum
898 619 1014 693 tuisse,
1036 629 1085 696 ut,
1104 619 1257 681 omnibus
1279 641 1356 704 per-

182 695 300 781 iccti's
320 696 460 774 artibus,
482 697 574 757 omui
596 635 748 772 doctrina
760 698 932 764 hominum
953 701 1025 763 vita
1039 699 1243 764 crudiretur.
1266 703 1355 767 Quc-

166 896 167 899 ,
204 861 265 913 Jac.
284 860 435 927 Gronovii,
461 869 532 929 qtae
554 860 636 913 uobis
658 877 772 932 quoque
791 862 826 915 ad
849 880 966 915 manum
984 872 1034 916 est.
1056 891 1089 902 -
1126 864 1201 918 Gud.
1221 868 1246 922 2
1270 866 1356 920 habet

184 931 332 984 'cornibus
357 947 410 1002 pro
438 929 606 994 cornicibus:
637 931 713 984 idem
738 933 847 986 omittit
871 933 905 987 id
928 942 993 987 ante
1021 934 1102 990 nibil.
1125 937 1200 993 Mon.
1222 941 1245 992 l.
1268 935 1356 994 habet

205 999 280 1056 niti!
296 1001 337 1054 id.
376 1002 454 1068 Quod
472 1002 538 1053 satis
555 1002 656 1061 fuisset
674 1004 847 1056 causaeviro
860 1005 973 1058 cuidam
991 1005 1178 1076 κριτικωτάτῳ,
1197 1024 1251 1060 cur
1268 1008 1356 1063 eiice-

205 1081 251 1124 ret
268 1088 436 1141 pronomen,
451 1088 521 1141 ‚quo
547 1072 662 1124 facilius
689 1082 754 1126 ante
778 1077 898 1129 maxime
920 1093 1064 1128 caremus:
1095 1077 1144 1128 ubi
1162 1078 1301 1129 'infertur
1323 1080 1356 1130 in

205 1143 291 1197 Codd.
310 1146 385 1197 Mon.
405 1147 431 1200 2.
450 1143 510 1196 001.
546 1151 574 1195 et
600 1143 697 1195 Duisb.
726 1144 853 1215 itemque
876 1146 920 1212 (ut
947 1145 1055 1200 dicitur
1081 1146 1113 1198 in
1139 1165 1201 1200 mar
1223 1183 1229 1197 .
1249 1148 1354 1217 Verb.;

172 1213 176 1220 “
205 1214 279 1268 oliv.
309 1224 405 1267 autem
429 1222 460 1267 et
483 1213 529 1266 Or.
547 1207 633 1266 'nihil
656 1216 785 1282 monent)
820 1216 852 1268 in
875 1217 928 1268 Ed.
951 1216 1047 1268 Lamb.
1091 1216 1146 1270 Sed
1170 1165 1243 1271 sodet
1268 1220 1354 1272 Verb.

128 1342 136 1354 ἢ
204 1301 303 1338 omnes
327 1285 465 1349 lectiones
483 1284 620 1338 Lambino
638 1284 775 1351 tribuere,
806 1304 877 1356 quae
902 1295 969 1340 sunt
992 1288 1023 1338 in
1043 1304 1106 1338 mar
1127 1307 1154 1363 g.
1180 1288 1295 1340 Lambb.
1325 1298 1355 1343 et
1384 1320 1392 1331 =

204 1355 290 1423 Goth.
311 1357 360 1408 ubi
378 1356 502 1429 legimus
519 1363 648 1408 veterem
668 1356 810 1424 quendam
822 1356 949 1410 codicem
960 1356 1066 1410 habere
1083 1305 1126 1411 id
1140 1358 1269 1411 mosime.
1290 1361 1352 1421 Mr.

273 1425 373 1479 cervis
396 1436 424 1479 et
450 1424 623 1493 cornicibus]
660 1426 771 1489 Fabric.
800 1435 828 1480 ct
848 1428 960 1480 Cantab.
979 1428 1084 1480 habent
1102 1429 1204 1496 corcis,
1231 1447 1352 1498 earnque

202 1495 360 1550 lectionem
379 1497 485 1568 recipit
504 1494 678 1569 Gebhardus,
706 1496 784 1567 quod
805 1497 852 1548 illi
869 1498 982 1554 vivaces
1008 1497 1091 1551 alites
1109 1508 1189 1552 recte
1208 1500 1292 1575 iungi
1309 1501 1354 1552 vi-

204 1565 352 1620 derentur.
387 1567 427 1620 At
450 1583 517 1619 cum
550 1568 658 1637 reliqui
684 1569 763 1620 Mssti
791 1568 912 1620 alteram
941 1577 1156 1638 repraesentent
1182 1571 1350 1637 lectionem,

200 1638 265 1690 'cam
284 1647 391 1692 temere
409 1638 473 1691 loco
491 1637 583 1690 movit
608 1639 656 1690 vir
674 1638 726 1692 ille
745 1638 858 1703 doctus3
889 1656 955 1691 nam
973 1638 1137 1710 scriptores,
1169 1640 1219 1693 ubi
1236 1641 1270 1694 de
1288 1641 1352 1694 lon-

108 1750 115 1758 .
160 1751 163 1757 .
201 1707 345 1761 ‘aevitate
367 1709 454 1762 verba
476 1708 597 1773 faciunt,
624 1724 720 1762 ceruos
746 1716 776 1762 et
808 1708 935 1780 cornices
963 1727 1020 1762 una
1050 1719 1219 1764 memorant.
1263 1714 1352 1766 Vetus

165 1775 170 1784 '
201 1725 287 1841 ficeta
304 1779 379 1852 apud
397 1779 548 1834 Stobceum
568 1778 658 1831 Serm.
679 1781 711 1831 X.
731 1797 796 1853 pag.
817 1783 877 1834 12⁷.
1258 1778 1265 1792 '

367 1851 402 1901 El
420 1849 472 1916 μὲν
489 1855 539 1917 ζῇς
554 1849 723 1902 ἘΛᾸΦΟΥ
738 1850 842 1904 ταναὸν
858 1844 974 1924 χρόνον,
993 1849 1024 1918 ἠὲ
1041 1844 1233 1920 ΚΟΡΩἮΗΣ,

368 1921 523 1990 Συγγνώμη
542 1923 670 1974 πλεῖστον
691 1924 813 1975 πλοῦτον
835 1921 1014 1992 ἀγειρομένφ.

203 1990 320 2060 Ovidius
336 1995 450 2046 Metam.
469 1990 533 2056 Vll,
551 1993 611 2046 273.
722 2050 726 2059 ,
854 2055 856 2060 ,
945 2013 949 2018 ’

167 2060 171 2069 ’
201 2060 204 2067 ’
372 2060 635 2131 Vioccisqoeieoor
657 2059 865 2132 cervicalibus
889 2060 1006 2131 insuper
1023 2061 1106 2117 addit

208 2174 209 2178 1
367 2133 427 2187 Oea
447 2138 578 2200 caputque
597 2148 692 2187 novem
710 2132 833 2186 cornicis
851 2131 964 2186 'saeculo
979 2133 1072 2201 passi.

199 2201 276 2258 Pedo
293 2195 486 2256 Albinovanus
504 2203 588 2278 Eleg.
614 2205 654 2270 11,
674 2205 733 2258 115.
1088 2205 1095 2218 ’

188 2272 205 2294 ·“
370 2273 541 2339 Vioocesqoe
558 2274 653 2341 magis
671 2288 770 2326 cervos
790 2274 867 2328 decet
886 2289 946 2326 esse
961 2279 1103 2341 paventes,

364 2341 400 2397 Si
418 2359 531 2410 quorum
549 2340 580 2394 in
598 2351 676 2398 torva
694 2360 798 2398 cornua
821 2347 915 2411 fronte
938 2345 1043 2411 rigent.

369 2413 470 2467 Vivere
489 2413 624 2467 cornices
643 2416 742 2468 multos
769 2414 899 2468 dicontur
917 2414 948 2468 io
966 2431 1067 2471 annos:

268 2487 273 2498 '
369 2483 428 2536 Cur
445 2499 496 2536 nos
514 2489 636 2550 angusta
661 2485 821 2541 conditione
844 2486 959 2538 mmsis?

200 2548 258 2618 sed
285 2555 485 2626 exemplorum
505 2553 572 2605 satis
600 2561 659 2620 est.
693 2553 764 2607 Vide
788 2565 885 2612 tamen
909 2555 1068 2609 Ausonium
1092 2555 1206 2627 Eidyll.
1228 2557 1278 2624 XI,
1304 2559 1348 2614 1².

48 2652 55 2662 -
158 2621 365 2689 urnis.
417 2663 423 2674 .
778 2654 782 2661 »

199 2701 202 2722 ³
271 2710 386 2763 quorum
404 2692 531 2759 idnilsil
545 2691 708 2758 interesset]
745 2693 833 2744 Mirus
852 2700 895 2745 est
913 2708 996 2746 error
1012 2694 1121 2753 Davisii
1139 2695 1170 2747 in
1188 2698 1241 2750 Ed.
1261 2701 1287 2754 2.
1308 2698 1352 2751 di-

200 2766 292 2817 centis
309 2767 399 2841 vulgo
418 2765 447 2818 ln
468 2765 488 2816 l.
508 2765 568 2848 legi
588 2762 781 2830 interfuisset:
799 2779 828 2815 se
847 2770 942 2814 autem
961 2779 993 2814 re
1012 2760 1072 2830 ipsa
1090 2764 1170 2829 duce,
1189 2768 1300 2820 Victor.
1321 2777 1353 2821 et

198 2834 308 2892 Eliens.
327 2854 372 2905 pr.
392 2853 447 2889 sec.
468 2832 584 2886 omnmb
602 2842 715 2903 putasse
733 2830 1066 2900 sequendcs‘(scribendo
1084 2831 1249 2899 interesset).
1275 2841 1353 2892 Nam

116 2960 118 2962 ,
199 2906 296 2958 nullus
314 2907 404 2976 plane
417 2905 500 2969 liber,
520 2921 613 2972 neque
632 2903 755 2972 scriptus
774 2919 866 2972 neque
885 2901 988 2966 editus,
1005 2900 1094 2954 habet⁴
1110 2902 1293 2969 interfuisset.
1314 2939 1349 2950 -

199 2977 265 3044 Post
283 2976 441 3030 bominibus
458 2974 489 3025 in
507 2973 573 3027 Cod.
594 2974 666 3046 Aug.
696 2972 810 3024 additur
832 2979 933 3036 tomen,
958 2990 1045 3042 prava
1068 2973 1169 3046 glossa.
1208 2977 1272 3027 Post
1290 2992 1352 3029 mc·

198 3046 274 3100 xime
292 3049 333 3100 ait
350 3047 435 3100 Verb.
461 3045 492 3095 in
519 3044 586 3097 God.
605 3045 675 3116 Reg.
702 3059 761 3095 esse
784 3045 932 3097 interesset
956 3059 1009 3112 pre
1033 3043 1223 3108 interfuisset:
1252 3054 1352 3098 nostra

179 3135 267 3183 ¹vero
293 3110 411 3171 collatio
438 3121 536 3166 tacet.¹
561 3113 616 3167 Sed
640 3113 746 3167 habent
769 3114 845 3183 illud
872 3113 926 3165 duo
954 3113 1119 3166 Osinunde
1138 3114 1251 3165 Davisii·
1266 3132 1351 3168 error

196 3193 278 3244 crtus
297 3206 355 3242 esse
380 3187 503 3240 videtur.
548 3185 757 3255 Imperfectum
778 3185 817 3256 vde
840 3183 1008 3237 animalibus
1031 3185 1124 3254 ponit,
1155 3185 1223 3253 quia
1249 3184 1350 3238 hubent

196 3261 288 3312 vitam
304 3259 460 3334 logiorem:
480 3258 798 3327 plusquamperfectum
816 3256 851 3308 de
868 3255 1041 3318 horninibus,
1062 3254 1130 3324 quia
1148 3271 1210 3306 eain
1227 3273 1281 3309 non
1300 3256 1351 3308 bo-

197 3331 275 3383 dents
293 3340 327 3381 ut
344 3338 424 3382 recte
442 3329 556 3380 monuit
574 3327 734 3379 Ochsnerus
751 3325 818 3377 l.‘c.
855 3326 920 3380 Post
945 3323 1076 3390 exiguom
1103 3324 1211 3377 delevit
1229 3326 1297 3381 Dav.
1317 3329 1349 3379 in

196 3389 250 3452 Ed.
270 3403 297 3453 b.
316 3399 412 3462 citam,
432 3399 508 3468 quod
530 3397 632 3466 probat
649 3395 848 3464 Wopkensius
865 3394 886 3445 1.
906 3410 929 3445 c.
955 3412 983 3464 p.
1003 3398 1065 3457 36⁰,
1092 3395 1143 3463 qui
1167 3412 1229 3446 eam
1253 3413 1349 3448 einen-

99 3480 103 3494 *
196 3468 350 3533 dationem,
377 3469 401 3520 si
427 3485 484 3538 qua
511 3474 561 3531 est,
592 3466 724 3518 Bentleio
750 3465 865 3517 tribuit.
903 3463 959 3516 Sed
977 3481 1071 3533 neque
1088 3464 1160 3515 libri
1179 3468 1346 3532 assentiunt,

196 3556 291 3610 neque
310 3557 376 3592 usus
395 3538 552 3600 Ciceronis,
571 3535 621 3600 qui
640 3545 715 3588 amat
732 3533 872 3616 eiusmodi
890 3534 1087 3616 repetitiones.
1113 3534 1185 3616 ‘Me

197 3606 882 3752 ..tttftmttt‘itgtttttttttt‘tt
904 3604 1348 3742 t't..{tt,.ltt‘¹·..t.⁹tlt

197 3751 248 3802 Ox.
268 3749 354 3802 habet
372 3749 496 3813 longior,
526 3748 603 3816 quod
625 3755 667 3800 est
690 3745 871 3809 correctoris,
904 3745 954 3812 qui
976 3744 1155 3797 'adiectivum
1180 3749 1348 3817 longinquus

196 3819 393 3872 tantummodo
420 3818 454 3869 de
476 3818 551 3880 loco,
579 3832 725 3874 nec-vero
752 3819 787 3870 dc
814 3819 946 3885 tempore
968 3816 1039 3883 poni
1065 3817 1253 3870 existimaret.
1291 3817 1347 3870 Sed

196 3904 254 3941 non
272 3889 382 3956 saepius
401 3887 431 3938 id
448 3886 517 3955 poni
536 3904 552 3936 a
563 3886 702 3938 Cicerone
721 3886 755 3941 dc
774 3887 979 3954 misticonem
997 3887 1032 3938 de
1046 3894 1176 3954 tempore
1188 3888 1236 3939 vel
1253 3888 1347 3939 lexico

195 3958 306 4015 docent.
326 3957 393 4010 Cod.
414 3957 488 4009 Gud.
507 3954 594 4008 habet
612 3958 735 4020 totorum
753 3962 862 4019 esset,
889 3973 962 4006 unus
982 3957 1030 4008 Ox.
1051 3957 1176 4020 sotorum
1195 3957 1345 4022 fuisset,

150 4048 151 4051 ¹
194 4036 228 4080 ut
247 4047 283 4082 ex
300 4030 346 4081 Jo.
366 4027 482 4079 Valensi
500 4044 585 4097 supra
604 4027 792 4080 enotavimus.
829 4029 895 4080 Mox
912 4026 986 4080 (lod.
999 4026 1095 4079 Duisb.
1118 4028 1177 4079 oita
1194 4025 1344 4080 bominum.

193 4101 290 4152 Monet
308 4099 410 4155 FAW.
430 4097 463 4150 in
481 4096 586 4162 scholis
604 4093 743 4152 deminum
761 4099 850 4152 vitam
871 4097 941 4166 poni
958 4096 1012 4166 pio
1036 4095 1199 4161 bominibus,
1222 4106 1256 4148 ut
1273 4097 1347 4167 apud

194 4170 318 4223 Graecos
334 4175 402 4238 βίος.
440 4168 555 4221 obtinet
582 4166 659 4219 idem
684 4186 751 4227 usus
778 4169 812 4222 de
837 4169 927 4293 legg.
956 4169 994 4220 11.
1024 4168 1080 4222 14..
1093 4170 1137 4222 36.
1163 4185 1192 4289 b}
1212 4169 1274 4224 269.
1301 4167 1344 4221 ed.

192 4249 283 4295 nostr.
304 4249 333 4293 et
351 4240 398 4292 Gr.
418 4247 447 4291 ct
466 4238 513 4291 Or.
532 4254 587 4308 pro
605 4237 683 4291 Sext.
703 4241 785 4294 Rosc.
802 4240 879 4293 Am·
939 4240 989 4294 84:
1007 4237 1057 4294 Sic
1072 4237 1150 4291 uita
1193 4239 1347 4293 ominum

193 4320 244 4380 est,
262 4317 293 4364 ut
311 4330 344 4348 ...
362 4323 441 4364 mmo
462 4315 574 4363 conetur
592 4316 645 4361 etc.
682 4310 744 4364 Me.
829 4341 832 4345 f
865 4325 868 4329 ’
912 4330 915 4339 ’

260 4382 432 4440 ‚coercetur
457 4378 561 4448 igitur]
597 4379 740 4454 Diogenes
765 4379 899 4437 Laertius
913 4376 974 4441 tit.
988 4378 1029 4439 vV.
1057 4375 1079 4442 i.
1100 4379 1157 4435 41:
1177 4377 1346 4453 Theophra-
